[
  {
    "date": "2025-06-30",
    "symbol": "TXN",
    "reportedCurrency": "USD",
    "cik": "0000097476",
    "fillingDate": "2025-07-29",
    "acceptedDate": "2025-07-29 09:43:59",
    "calendarYear": "2025",
    "period": "Q2",
    "revenue": 4448000000,
    "costOfRevenue": 1873000000,
    "grossProfit": 2575000000,
    "grossProfitRatio": 0.5789118705,
    "researchAndDevelopmentExpenses": 527000000,
    "generalAndAdministrativeExpenses": 0,
    "sellingAndMarketingExpenses": 0,
    "sellingGeneralAndAdministrativeExpenses": 485000000,
    "otherExpenses": 0,
    "operatingExpenses": 1012000000,
    "costAndExpenses": 2885000000,
    "interestIncome": 0,
    "interestExpense": 133000000,
    "depreciationAndAmortization": 481000000,
    "ebitda": 2092000000,
    "ebitdaratio": 0.470323741,
    "operatingIncome": 1563000000,
    "operatingIncomeRatio": 0.3513938849,
    "totalOtherIncomeExpensesNet": -85000000,
    "incomeBeforeTax": 1478000000,
    "incomeBeforeTaxRatio": 0.3322841727,
    "incomeTaxExpense": 183000000,
    "netIncome": 1295000000,
    "netIncomeRatio": 0.2911420863,
    "eps": 1.42,
    "epsdiluted": 1.41,
    "weightedAverageShsOut": 908000000,
    "weightedAverageShsOutDil": 912000000,
    "link": "https://www.sec.gov/Archives/edgar/data/97476/000009747625000036/0000097476-25-000036-index.htm",
    "finalLink": "https://www.sec.gov/Archives/edgar/data/97476/000009747625000036/txn-20250630.htm"
  },
  {
    "date": "2025-03-31",
    "symbol": "TXN",
    "reportedCurrency": "USD",
    "cik": "0000097476",
    "fillingDate": "2025-04-24",
    "acceptedDate": "2025-04-24 09:50:25",
    "calendarYear": "2025",
    "period": "Q1",
    "revenue": 4069000000,
    "costOfRevenue": 1756000000,
    "grossProfit": 2313000000,
    "grossProfitRatio": 0.5684443352,
    "researchAndDevelopmentExpenses": 517000000,
    "generalAndAdministrativeExpenses": 0,
    "sellingAndMarketingExpenses": 0,
    "sellingGeneralAndAdministrativeExpenses": 472000000,
    "otherExpenses": 0,
    "operatingExpenses": 989000000,
    "costAndExpenses": 2745000000,
    "interestIncome": 0,
    "interestExpense": 128000000,
    "depreciationAndAmortization": 444000000,
    "ebitda": 1848000000,
    "ebitdaratio": 0.4541656427,
    "operatingIncome": 1324000000,
    "operatingIncomeRatio": 0.325387073,
    "totalOtherIncomeExpensesNet": -48000000,
    "incomeBeforeTax": 1276000000,
    "incomeBeforeTaxRatio": 0.3135905628,
    "incomeTaxExpense": 97000000,
    "netIncome": 1179000000,
    "netIncomeRatio": 0.2897517818,
    "eps": 1.29,
    "epsdiluted": 1.28,
    "weightedAverageShsOut": 910000000,
    "weightedAverageShsOutDil": 916000000,
    "link": "https://www.sec.gov/Archives/edgar/data/97476/000009747625000027/0000097476-25-000027-index.htm",
    "finalLink": "https://www.sec.gov/Archives/edgar/data/97476/000009747625000027/txn-20250331.htm"
  },
  {
    "date": "2024-12-31",
    "symbol": "TXN",
    "reportedCurrency": "USD",
    "cik": "0000097476",
    "fillingDate": "2025-02-14",
    "acceptedDate": "2025-02-14 14:33:58",
    "calendarYear": "2024",
    "period": "Q4",
    "revenue": 4007000000,
    "costOfRevenue": 1693000000,
    "grossProfit": 2314000000,
    "grossProfitRatio": 0.5774893936,
    "researchAndDevelopmentExpenses": 491000000,
    "generalAndAdministrativeExpenses": 0,
    "sellingAndMarketingExpenses": 0,
    "sellingGeneralAndAdministrativeExpenses": 446000000,
    "otherExpenses": 0,
    "operatingExpenses": 937000000,
    "costAndExpenses": 2630000000,
    "interestIncome": 0,
    "interestExpense": 130000000,
    "depreciationAndAmortization": 435000000,
    "ebitda": 1924000000,
    "ebitdaratio": 0.4801597205,
    "operatingIncome": 1377000000,
    "operatingIncomeRatio": 0.3436486149,
    "totalOtherIncomeExpensesNet": -18000000,
    "incomeBeforeTax": 1359000000,
    "incomeBeforeTaxRatio": 0.3391564762,
    "incomeTaxExpense": 154000000,
    "netIncome": 1205000000,
    "netIncomeRatio": 0.3007237335,
    "eps": 1.32,
    "epsdiluted": 1.3,
    "weightedAverageShsOut": 912000000,
    "weightedAverageShsOutDil": 919000000,
    "link": "https://www.sec.gov/Archives/edgar/data/97476/000009747625000007/0000097476-25-000007-index.htm",
    "finalLink": "https://www.sec.gov/Archives/edgar/data/97476/000009747625000007/txn-20241231.htm"
  },
  {
    "date": "2024-09-30",
    "symbol": "TXN",
    "reportedCurrency": "USD",
    "cik": "0000097476",
    "fillingDate": "2024-10-23",
    "acceptedDate": "2024-10-23 09:31:24",
    "calendarYear": "2024",
    "period": "Q3",
    "revenue": 4151000000,
    "costOfRevenue": 1677000000,
    "grossProfit": 2474000000,
    "grossProfitRatio": 0.5960009636,
    "researchAndDevelopmentExpenses": 492000000,
    "generalAndAdministrativeExpenses": 0,
    "sellingAndMarketingExpenses": 0,
    "sellingGeneralAndAdministrativeExpenses": 428000000,
    "otherExpenses": 0,
    "operatingExpenses": 920000000,
    "costAndExpenses": 2597000000,
    "interestIncome": 0,
    "interestExpense": 131000000,
    "depreciationAndAmortization": 402000000,
    "ebitda": 2087000000,
    "ebitdaratio": 0.5027704168,
    "operatingIncome": 1554000000,
    "operatingIncomeRatio": 0.3743676223,
    "totalOtherIncomeExpensesNet": 0,
    "incomeBeforeTax": 1554000000,
    "incomeBeforeTaxRatio": 0.3743676223,
    "incomeTaxExpense": 192000000,
    "netIncome": 1362000000,
    "netIncomeRatio": 0.3281137075,
    "eps": 1.48,
    "epsdiluted": 1.47,
    "weightedAverageShsOut": 913000000,
    "weightedAverageShsOutDil": 920000000,
    "link": "https://www.sec.gov/Archives/edgar/data/97476/000009747624000042/0000097476-24-000042-index.htm",
    "finalLink": "https://www.sec.gov/Archives/edgar/data/97476/000009747624000042/txn-20240930.htm"
  },
  {
    "date": "2024-06-30",
    "symbol": "TXN",
    "reportedCurrency": "USD",
    "cik": "0000097476",
    "fillingDate": "2024-07-24",
    "acceptedDate": "2024-07-24 09:29:32",
    "calendarYear": "2024",
    "period": "Q2",
    "revenue": 3822000000,
    "costOfRevenue": 1611000000,
    "grossProfit": 2211000000,
    "grossProfitRatio": 0.5784929356,
    "researchAndDevelopmentExpenses": 498000000,
    "generalAndAdministrativeExpenses": 0,
    "sellingAndMarketingExpenses": 0,
    "sellingGeneralAndAdministrativeExpenses": 465000000,
    "otherExpenses": 0,
    "operatingExpenses": 963000000,
    "costAndExpenses": 2574000000,
    "interestIncome": 0,
    "interestExpense": 131000000,
    "depreciationAndAmortization": 381000000,
    "ebitda": 1759000000,
    "ebitdaratio": 0.4602302459,
    "operatingIncome": 1248000000,
    "operatingIncomeRatio": 0.3265306122,
    "totalOtherIncomeExpensesNet": -1000000,
    "incomeBeforeTax": 1247000000,
    "incomeBeforeTaxRatio": 0.3262689691,
    "incomeTaxExpense": 120000000,
    "netIncome": 1127000000,
    "netIncomeRatio": 0.2948717949,
    "eps": 1.23,
    "epsdiluted": 1.22,
    "weightedAverageShsOut": 912000000,
    "weightedAverageShsOutDil": 919000000,
    "link": "https://www.sec.gov/Archives/edgar/data/97476/000009747624000030/0000097476-24-000030-index.htm",
    "finalLink": "https://www.sec.gov/Archives/edgar/data/97476/000009747624000030/txn-20240630.htm"
  },
  {
    "date": "2024-03-31",
    "symbol": "TXN",
    "reportedCurrency": "USD",
    "cik": "0000097476",
    "fillingDate": "2024-04-24",
    "acceptedDate": "2024-04-24 09:32:18",
    "calendarYear": "2024",
    "period": "Q1",
    "revenue": 3661000000,
    "costOfRevenue": 1566000000,
    "grossProfit": 2095000000,
    "grossProfitRatio": 0.5722480197,
    "researchAndDevelopmentExpenses": 478000000,
    "generalAndAdministrativeExpenses": 0,
    "sellingAndMarketingExpenses": 0,
    "sellingGeneralAndAdministrativeExpenses": 455000000,
    "otherExpenses": -124000000,
    "operatingExpenses": 809000000,
    "costAndExpenses": 2375000000,
    "interestIncome": 0,
    "interestExpense": 116000000,
    "depreciationAndAmortization": 362000000,
    "ebitda": 1771000000,
    "ebitdaratio": 0.4837476099,
    "operatingIncome": 1286000000,
    "operatingIncomeRatio": 0.3512701448,
    "totalOtherIncomeExpensesNet": 7000000,
    "incomeBeforeTax": 1293000000,
    "incomeBeforeTaxRatio": 0.3531821907,
    "incomeTaxExpense": 188000000,
    "netIncome": 1105000000,
    "netIncomeRatio": 0.3018301011,
    "eps": 1.21,
    "epsdiluted": 1.2,
    "weightedAverageShsOut": 910000000,
    "weightedAverageShsOutDil": 917000000,
    "link": "https://www.sec.gov/Archives/edgar/data/97476/000009747624000021/0000097476-24-000021-index.htm",
    "finalLink": "https://www.sec.gov/Archives/edgar/data/97476/000009747624000021/txn-20240331.htm"
  },
  {
    "date": "2023-12-31",
    "symbol": "TXN",
    "reportedCurrency": "USD",
    "cik": "0000097476",
    "fillingDate": "2024-02-02",
    "acceptedDate": "2024-02-02 11:11:54",
    "calendarYear": "2023",
    "period": "Q4",
    "revenue": 4077000000,
    "costOfRevenue": 1646000000,
    "grossProfit": 2431000000,
    "grossProfitRatio": 0.5962717685,
    "researchAndDevelopmentExpenses": 460000000,
    "generalAndAdministrativeExpenses": 0,
    "sellingAndMarketingExpenses": 0,
    "sellingGeneralAndAdministrativeExpenses": 438000000,
    "otherExpenses": 0,
    "operatingExpenses": 898000000,
    "costAndExpenses": 2544000000,
    "interestIncome": 0,
    "interestExpense": 98000000,
    "depreciationAndAmortization": 337000000,
    "ebitda": 1983000000,
    "ebitdaratio": 0.4863870493,
    "operatingIncome": 1533000000,
    "operatingIncomeRatio": 0.3760117734,
    "totalOtherIncomeExpensesNet": 15000000,
    "incomeBeforeTax": 1548000000,
    "incomeBeforeTaxRatio": 0.3796909492,
    "incomeTaxExpense": 177000000,
    "netIncome": 1371000000,
    "netIncomeRatio": 0.336276674,
    "eps": 1.5,
    "epsdiluted": 1.49,
    "weightedAverageShsOut": 908000000,
    "weightedAverageShsOutDil": 915000000,
    "link": "https://www.sec.gov/Archives/edgar/data/97476/000009747624000007/0000097476-24-000007-index.htm",
    "finalLink": "https://www.sec.gov/Archives/edgar/data/97476/000009747624000007/txn-20231231.htm"
  },
  {
    "date": "2023-09-30",
    "symbol": "TXN",
    "reportedCurrency": "USD",
    "cik": "0000097476",
    "fillingDate": "2023-10-25",
    "acceptedDate": "2023-10-25 09:30:37",
    "calendarYear": "2023",
    "period": "Q3",
    "revenue": 4532000000,
    "costOfRevenue": 1717000000,
    "grossProfit": 2815000000,
    "grossProfitRatio": 0.6211385702,
    "researchAndDevelopmentExpenses": 471000000,
    "generalAndAdministrativeExpenses": 0,
    "sellingAndMarketingExpenses": 0,
    "sellingGeneralAndAdministrativeExpenses": 452000000,
    "otherExpenses": 0,
    "operatingExpenses": 923000000,
    "costAndExpenses": 2640000000,
    "interestIncome": 0,
    "interestExpense": 98000000,
    "depreciationAndAmortization": 320000000,
    "ebitda": 2340000000,
    "ebitdaratio": 0.5163283319,
    "operatingIncome": 1892000000,
    "operatingIncomeRatio": 0.4174757282,
    "totalOtherIncomeExpensesNet": 30000000,
    "incomeBeforeTax": 1922000000,
    "incomeBeforeTaxRatio": 0.4240953222,
    "incomeTaxExpense": 213000000,
    "netIncome": 1709000000,
    "netIncomeRatio": 0.3770962048,
    "eps": 1.88,
    "epsdiluted": 1.85,
    "weightedAverageShsOut": 908000000,
    "weightedAverageShsOutDil": 916000000,
    "link": "https://www.sec.gov/Archives/edgar/data/97476/000009747623000041/0000097476-23-000041-index.htm",
    "finalLink": "https://www.sec.gov/Archives/edgar/data/97476/000009747623000041/txn-20230930.htm"
  },
  {
    "date": "2023-06-30",
    "symbol": "TXN",
    "reportedCurrency": "USD",
    "cik": "0000097476",
    "fillingDate": "2023-07-26",
    "acceptedDate": "2023-07-26 09:32:09",
    "calendarYear": "2023",
    "period": "Q2",
    "revenue": 4531000000,
    "costOfRevenue": 1621000000,
    "grossProfit": 2910000000,
    "grossProfitRatio": 0.6422423306,
    "researchAndDevelopmentExpenses": 477000000,
    "generalAndAdministrativeExpenses": 0,
    "sellingAndMarketingExpenses": 0,
    "sellingGeneralAndAdministrativeExpenses": 461000000,
    "otherExpenses": 0,
    "operatingExpenses": 938000000,
    "costAndExpenses": 2559000000,
    "interestIncome": 0,
    "interestExpense": 89000000,
    "depreciationAndAmortization": 300000000,
    "ebitda": 2391000000,
    "ebitdaratio": 0.5276980799,
    "operatingIncome": 1972000000,
    "operatingIncomeRatio": 0.4352240124,
    "totalOtherIncomeExpensesNet": 30000000,
    "incomeBeforeTax": 2002000000,
    "incomeBeforeTaxRatio": 0.4418450673,
    "incomeTaxExpense": 280000000,
    "netIncome": 1722000000,
    "netIncomeRatio": 0.3800485544,
    "eps": 1.89,
    "epsdiluted": 1.87,
    "weightedAverageShsOut": 908000000,
    "weightedAverageShsOutDil": 916000000,
    "link": "https://www.sec.gov/Archives/edgar/data/97476/000009747623000035/0000097476-23-000035-index.htm",
    "finalLink": "https://www.sec.gov/Archives/edgar/data/97476/000009747623000035/txn-20230630.htm"
  },
  {
    "date": "2023-03-31",
    "symbol": "TXN",
    "reportedCurrency": "USD",
    "cik": "0000097476",
    "fillingDate": "2023-04-26",
    "acceptedDate": "2023-04-26 09:28:50",
    "calendarYear": "2023",
    "period": "Q1",
    "revenue": 4379000000,
    "costOfRevenue": 1516000000,
    "grossProfit": 2863000000,
    "grossProfitRatio": 0.653802238,
    "researchAndDevelopmentExpenses": 455000000,
    "generalAndAdministrativeExpenses": 0,
    "sellingAndMarketingExpenses": 0,
    "sellingGeneralAndAdministrativeExpenses": 474000000,
    "otherExpenses": 0,
    "operatingExpenses": 929000000,
    "costAndExpenses": 2445000000,
    "interestIncome": 0,
    "interestExpense": 68000000,
    "depreciationAndAmortization": 281000000,
    "ebitda": 2295000000,
    "ebitdaratio": 0.5240922585,
    "operatingIncome": 1934000000,
    "operatingIncomeRatio": 0.4416533455,
    "totalOtherIncomeExpensesNet": 12000000,
    "incomeBeforeTax": 1946000000,
    "incomeBeforeTaxRatio": 0.4443936972,
    "incomeTaxExpense": 238000000,
    "netIncome": 1708000000,
    "netIncomeRatio": 0.3900433889,
    "eps": 1.88,
    "epsdiluted": 1.85,
    "weightedAverageShsOut": 907000000,
    "weightedAverageShsOutDil": 916000000,
    "link": "https://www.sec.gov/Archives/edgar/data/97476/000009747623000025/0000097476-23-000025-index.htm",
    "finalLink": "https://www.sec.gov/Archives/edgar/data/97476/000009747623000025/txn-20230331.htm"
  },
  {
    "date": "2022-12-31",
    "symbol": "TXN",
    "reportedCurrency": "USD",
    "cik": "0000097476",
    "fillingDate": "2023-02-03",
    "acceptedDate": "2023-02-03 11:07:12",
    "calendarYear": "2022",
    "period": "Q4",
    "revenue": 4670000000,
    "costOfRevenue": 1583000000,
    "grossProfit": 3087000000,
    "grossProfitRatio": 0.6610278373,
    "researchAndDevelopmentExpenses": 434000000,
    "generalAndAdministrativeExpenses": 0,
    "sellingAndMarketingExpenses": 0,
    "sellingGeneralAndAdministrativeExpenses": 429000000,
    "otherExpenses": 48000000,
    "operatingExpenses": 911000000,
    "costAndExpenses": 2494000000,
    "interestIncome": 0,
    "interestExpense": 60000000,
    "depreciationAndAmortization": 263000000,
    "ebitda": 2490000000,
    "ebitdaratio": 0.5331905782,
    "operatingIncome": 2176000000,
    "operatingIncomeRatio": 0.4659528908,
    "totalOtherIncomeExpensesNet": -9000000,
    "incomeBeforeTax": 2167000000,
    "incomeBeforeTaxRatio": 0.4640256959,
    "incomeTaxExpense": 205000000,
    "netIncome": 1962000000,
    "netIncomeRatio": 0.4201284797,
    "eps": 2.16,
    "epsdiluted": 2.13,
    "weightedAverageShsOut": 906000000,
    "weightedAverageShsOutDil": 916000000,
    "link": "https://www.sec.gov/Archives/edgar/data/97476/000009747623000007/0000097476-23-000007-index.htm",
    "finalLink": "https://www.sec.gov/Archives/edgar/data/97476/000009747623000007/txn-20221231.htm"
  },
  {
    "date": "2022-09-30",
    "symbol": "TXN",
    "reportedCurrency": "USD",
    "cik": "0000097476",
    "fillingDate": "2022-10-26",
    "acceptedDate": "2022-10-26 09:25:10",
    "calendarYear": "2022",
    "period": "Q3",
    "revenue": 5241000000,
    "costOfRevenue": 1624000000,
    "grossProfit": 3617000000,
    "grossProfitRatio": 0.6901354703,
    "researchAndDevelopmentExpenses": 431000000,
    "generalAndAdministrativeExpenses": 0,
    "sellingAndMarketingExpenses": 0,
    "sellingGeneralAndAdministrativeExpenses": 431000000,
    "otherExpenses": 77000000,
    "operatingExpenses": 939000000,
    "costAndExpenses": 2563000000,
    "interestIncome": 0,
    "interestExpense": 53000000,
    "depreciationAndAmortization": 262000000,
    "ebitda": 2973000000,
    "ebitdaratio": 0.5672581568,
    "operatingIncome": 2678000000,
    "operatingIncomeRatio": 0.5109711887,
    "totalOtherIncomeExpensesNet": -20000000,
    "incomeBeforeTax": 2658000000,
    "incomeBeforeTaxRatio": 0.5071551231,
    "incomeTaxExpense": 363000000,
    "netIncome": 2295000000,
    "netIncomeRatio": 0.4378935318,
    "eps": 2.51,
    "epsdiluted": 2.47,
    "weightedAverageShsOut": 913000000,
    "weightedAverageShsOutDil": 923000000,
    "link": "https://www.sec.gov/Archives/edgar/data/97476/000009747622000048/0000097476-22-000048-index.htm",
    "finalLink": "https://www.sec.gov/Archives/edgar/data/97476/000009747622000048/txn-20220930.htm"
  },
  {
    "date": "2022-06-30",
    "symbol": "TXN",
    "reportedCurrency": "USD",
    "cik": "0000097476",
    "fillingDate": "2022-07-27",
    "acceptedDate": "2022-07-27 09:28:16",
    "calendarYear": "2022",
    "period": "Q2",
    "revenue": 5212000000,
    "costOfRevenue": 1587000000,
    "grossProfit": 3625000000,
    "grossProfitRatio": 0.6955103607,
    "researchAndDevelopmentExpenses": 414000000,
    "generalAndAdministrativeExpenses": 0,
    "sellingAndMarketingExpenses": 0,
    "sellingGeneralAndAdministrativeExpenses": 422000000,
    "otherExpenses": 66000000,
    "operatingExpenses": 902000000,
    "costAndExpenses": 2489000000,
    "interestIncome": 0,
    "interestExpense": 49000000,
    "depreciationAndAmortization": 240000000,
    "ebitda": 2970000000,
    "ebitdaratio": 0.5698388335,
    "operatingIncome": 2723000000,
    "operatingIncomeRatio": 0.5224481965,
    "totalOtherIncomeExpensesNet": -42000000,
    "incomeBeforeTax": 2681000000,
    "incomeBeforeTaxRatio": 0.5143898695,
    "incomeTaxExpense": 390000000,
    "netIncome": 2291000000,
    "netIncomeRatio": 0.439562548,
    "eps": 2.48,
    "epsdiluted": 2.45,
    "weightedAverageShsOut": 920000000,
    "weightedAverageShsOutDil": 930000000,
    "link": "https://www.sec.gov/Archives/edgar/data/97476/000009747622000040/0000097476-22-000040-index.htm",
    "finalLink": "https://www.sec.gov/Archives/edgar/data/97476/000009747622000040/txn-20220630.htm"
  },
  {
    "date": "2022-03-31",
    "symbol": "TXN",
    "reportedCurrency": "USD",
    "cik": "0000097476",
    "fillingDate": "2022-04-27",
    "acceptedDate": "2022-04-27 09:32:27",
    "calendarYear": "2022",
    "period": "Q1",
    "revenue": 4905000000,
    "costOfRevenue": 1463000000,
    "grossProfit": 3442000000,
    "grossProfitRatio": 0.7017329256,
    "researchAndDevelopmentExpenses": 391000000,
    "generalAndAdministrativeExpenses": 0,
    "sellingAndMarketingExpenses": 0,
    "sellingGeneralAndAdministrativeExpenses": 422000000,
    "otherExpenses": 66000000,
    "operatingExpenses": 879000000,
    "costAndExpenses": 2342000000,
    "interestIncome": 0,
    "interestExpense": 52000000,
    "depreciationAndAmortization": 214000000,
    "ebitda": 2792000000,
    "ebitdaratio": 0.5692150866,
    "operatingIncome": 2563000000,
    "operatingIncomeRatio": 0.5225280326,
    "totalOtherIncomeExpensesNet": -37000000,
    "incomeBeforeTax": 2526000000,
    "incomeBeforeTaxRatio": 0.5149847095,
    "incomeTaxExpense": 325000000,
    "netIncome": 2201000000,
    "netIncomeRatio": 0.44872579,
    "eps": 2.38,
    "epsdiluted": 2.36,
    "weightedAverageShsOut": 923000000,
    "weightedAverageShsOutDil": 934000000,
    "link": "https://www.sec.gov/Archives/edgar/data/97476/000009747622000028/0000097476-22-000028-index.htm",
    "finalLink": "https://www.sec.gov/Archives/edgar/data/97476/000009747622000028/txn-20220331.htm"
  },
  {
    "date": "2021-12-31",
    "symbol": "TXN",
    "reportedCurrency": "USD",
    "cik": "0000097476",
    "fillingDate": "2022-02-04",
    "acceptedDate": "2022-02-04 12:34:37",
    "calendarYear": "2021",
    "period": "Q4",
    "revenue": 4832000000,
    "costOfRevenue": 1482000000,
    "grossProfit": 3350000000,
    "grossProfitRatio": 0.693294702,
    "researchAndDevelopmentExpenses": 389000000,
    "generalAndAdministrativeExpenses": 0,
    "sellingAndMarketingExpenses": 0,
    "sellingGeneralAndAdministrativeExpenses": 404000000,
    "otherExpenses": 54000000,
    "operatingExpenses": 847000000,
    "costAndExpenses": 2329000000,
    "interestIncome": 0,
    "interestExpense": 49000000,
    "depreciationAndAmortization": 213000000,
    "ebitda": 2725000000,
    "ebitdaratio": 0.5639486755,
    "operatingIncome": 2503000000,
    "operatingIncomeRatio": 0.5180049669,
    "totalOtherIncomeExpensesNet": -40000000,
    "incomeBeforeTax": 2463000000,
    "incomeBeforeTaxRatio": 0.5097268212,
    "incomeTaxExpense": 325000000,
    "netIncome": 2138000000,
    "netIncomeRatio": 0.4424668874,
    "eps": 2.31,
    "epsdiluted": 2.27,
    "weightedAverageShsOut": 924000000,
    "weightedAverageShsOutDil": 936000000,
    "link": "https://www.sec.gov/Archives/edgar/data/97476/000009747622000009/0000097476-22-000009-index.htm",
    "finalLink": "https://www.sec.gov/Archives/edgar/data/97476/000009747622000009/txn-20211231.htm"
  },
  {
    "date": "2021-09-30",
    "symbol": "TXN",
    "reportedCurrency": "USD",
    "cik": "0000097476",
    "fillingDate": "2021-10-27",
    "acceptedDate": "2021-10-27 09:31:27",
    "calendarYear": "2021",
    "period": "Q3",
    "revenue": 4643000000,
    "costOfRevenue": 1491000000,
    "grossProfit": 3152000000,
    "grossProfitRatio": 0.6788714193,
    "researchAndDevelopmentExpenses": 388000000,
    "generalAndAdministrativeExpenses": 0,
    "sellingAndMarketingExpenses": 0,
    "sellingGeneralAndAdministrativeExpenses": 412000000,
    "otherExpenses": 47000000,
    "operatingExpenses": 847000000,
    "costAndExpenses": 2338000000,
    "interestIncome": 0,
    "interestExpense": 45000000,
    "depreciationAndAmortization": 253000000,
    "ebitda": 2573000000,
    "ebitdaratio": 0.5541675641,
    "operatingIncome": 2305000000,
    "operatingIncomeRatio": 0.4964462632,
    "totalOtherIncomeExpensesNet": -30000000,
    "incomeBeforeTax": 2275000000,
    "incomeBeforeTaxRatio": 0.4899849235,
    "incomeTaxExpense": 328000000,
    "netIncome": 1947000000,
    "netIncomeRatio": 0.4193409434,
    "eps": 2.11,
    "epsdiluted": 2.07,
    "weightedAverageShsOut": 923000000,
    "weightedAverageShsOutDil": 936000000,
    "link": "https://www.sec.gov/Archives/edgar/data/97476/000009747621000032/0000097476-21-000032-index.htm",
    "finalLink": "https://www.sec.gov/Archives/edgar/data/97476/000009747621000032/txn-20210930.htm"
  },
  {
    "date": "2021-06-30",
    "symbol": "TXN",
    "reportedCurrency": "USD",
    "cik": "0000097476",
    "fillingDate": "2021-07-22",
    "acceptedDate": "2021-07-22 09:24:27",
    "calendarYear": "2021",
    "period": "Q2",
    "revenue": 4580000000,
    "costOfRevenue": 1503000000,
    "grossProfit": 3077000000,
    "grossProfitRatio": 0.6718340611,
    "researchAndDevelopmentExpenses": 391000000,
    "generalAndAdministrativeExpenses": 0,
    "sellingAndMarketingExpenses": 0,
    "sellingGeneralAndAdministrativeExpenses": 425000000,
    "otherExpenses": 48000000,
    "operatingExpenses": 864000000,
    "costAndExpenses": 2367000000,
    "interestIncome": 0,
    "interestExpense": 44000000,
    "depreciationAndAmortization": 247000000,
    "ebitda": 2533000000,
    "ebitdaratio": 0.5530567686,
    "operatingIncome": 2213000000,
    "operatingIncomeRatio": 0.4831877729,
    "totalOtherIncomeExpensesNet": 29000000,
    "incomeBeforeTax": 2242000000,
    "incomeBeforeTaxRatio": 0.4895196507,
    "incomeTaxExpense": 311000000,
    "netIncome": 1931000000,
    "netIncomeRatio": 0.4216157205,
    "eps": 2.09,
    "epsdiluted": 2.05,
    "weightedAverageShsOut": 923000000,
    "weightedAverageShsOutDil": 937000000,
    "link": "https://www.sec.gov/Archives/edgar/data/97476/000009747621000020/0000097476-21-000020-index.htm",
    "finalLink": "https://www.sec.gov/Archives/edgar/data/97476/000009747621000020/txn-20210630.htm"
  },
  {
    "date": "2021-03-31",
    "symbol": "TXN",
    "reportedCurrency": "USD",
    "cik": "0000097476",
    "fillingDate": "2021-04-28",
    "acceptedDate": "2021-04-28 09:17:45",
    "calendarYear": "2021",
    "period": "Q1",
    "revenue": 4289000000,
    "costOfRevenue": 1492000000,
    "grossProfit": 2797000000,
    "grossProfitRatio": 0.6521333644,
    "researchAndDevelopmentExpenses": 386000000,
    "generalAndAdministrativeExpenses": 0,
    "sellingAndMarketingExpenses": 0,
    "sellingGeneralAndAdministrativeExpenses": 425000000,
    "otherExpenses": 47000000,
    "operatingExpenses": 858000000,
    "costAndExpenses": 2350000000,
    "interestIncome": 0,
    "interestExpense": 46000000,
    "depreciationAndAmortization": 241000000,
    "ebitda": 2226000000,
    "ebitdaratio": 0.5190020984,
    "operatingIncome": 1939000000,
    "operatingIncomeRatio": 0.4520867335,
    "totalOtherIncomeExpensesNet": 0,
    "incomeBeforeTax": 1939000000,
    "incomeBeforeTaxRatio": 0.4520867335,
    "incomeTaxExpense": 186000000,
    "netIncome": 1753000000,
    "netIncomeRatio": 0.4087199813,
    "eps": 1.9,
    "epsdiluted": 1.87,
    "weightedAverageShsOut": 922000000,
    "weightedAverageShsOutDil": 935000000,
    "link": "https://www.sec.gov/Archives/edgar/data/97476/000009747621000013/0000097476-21-000013-index.htm",
    "finalLink": "https://www.sec.gov/Archives/edgar/data/97476/000009747621000013/txn-20210331.htm"
  },
  {
    "date": "2020-12-31",
    "symbol": "TXN",
    "reportedCurrency": "USD",
    "cik": "0000097476",
    "fillingDate": "2021-02-05",
    "acceptedDate": "2021-02-05 16:26:50",
    "calendarYear": "2020",
    "period": "Q4",
    "revenue": 4076000000,
    "costOfRevenue": 1430000000,
    "grossProfit": 2646000000,
    "grossProfitRatio": 0.6491658489,
    "researchAndDevelopmentExpenses": 388000000,
    "generalAndAdministrativeExpenses": 0,
    "sellingAndMarketingExpenses": 0,
    "sellingGeneralAndAdministrativeExpenses": 398000000,
    "otherExpenses": 47000000,
    "operatingExpenses": 833000000,
    "costAndExpenses": 2263000000,
    "interestIncome": 0,
    "interestExpense": 48000000,
    "depreciationAndAmortization": 243000000,
    "ebitda": 2218000000,
    "ebitdaratio": 0.5441609421,
    "operatingIncome": 1813000000,
    "operatingIncomeRatio": 0.4447988224,
    "totalOtherIncomeExpensesNet": 114000000,
    "incomeBeforeTax": 1927000000,
    "incomeBeforeTaxRatio": 0.472767419,
    "incomeTaxExpense": 239000000,
    "netIncome": 1688000000,
    "netIncomeRatio": 0.4141315015,
    "eps": 1.83,
    "epsdiluted": 1.8,
    "weightedAverageShsOut": 919000000,
    "weightedAverageShsOutDil": 932000000,
    "link": "https://www.sec.gov/Archives/edgar/data/97476/000009747621000006/0000097476-21-000006-index.htm",
    "finalLink": "https://www.sec.gov/Archives/edgar/data/97476/000009747621000006/txn-20201231.htm"
  },
  {
    "date": "2020-09-30",
    "symbol": "TXN",
    "reportedCurrency": "USD",
    "cik": "0000097476",
    "fillingDate": "2020-10-21",
    "acceptedDate": "2020-10-21 09:16:37",
    "calendarYear": "2020",
    "period": "Q3",
    "revenue": 3817000000,
    "costOfRevenue": 1364000000,
    "grossProfit": 2453000000,
    "grossProfitRatio": 0.6426512968,
    "researchAndDevelopmentExpenses": 386000000,
    "generalAndAdministrativeExpenses": 0,
    "sellingAndMarketingExpenses": 0,
    "sellingGeneralAndAdministrativeExpenses": 407000000,
    "otherExpenses": 51000000,
    "operatingExpenses": 844000000,
    "costAndExpenses": 2208000000,
    "interestIncome": 0,
    "interestExpense": 49000000,
    "depreciationAndAmortization": 250000000,
    "ebitda": 1886000000,
    "ebitdaratio": 0.4941053183,
    "operatingIncome": 1609000000,
    "operatingIncomeRatio": 0.4215352371,
    "totalOtherIncomeExpensesNet": -22000000,
    "incomeBeforeTax": 1587000000,
    "incomeBeforeTaxRatio": 0.4157715483,
    "incomeTaxExpense": 234000000,
    "netIncome": 1353000000,
    "netIncomeRatio": 0.3544668588,
    "eps": 1.47,
    "epsdiluted": 1.45,
    "weightedAverageShsOut": 917000000,
    "weightedAverageShsOutDil": 929000000,
    "link": "https://www.sec.gov/Archives/edgar/data/97476/000162828020014630/0001628280-20-014630-index.htm",
    "finalLink": "https://www.sec.gov/Archives/edgar/data/97476/000162828020014630/txn-20200930.htm"
  },
  {
    "date": "2020-06-30",
    "symbol": "TXN",
    "reportedCurrency": "USD",
    "cik": "0000097476",
    "fillingDate": "2020-07-22",
    "acceptedDate": "2020-07-22 09:22:19",
    "calendarYear": "2020",
    "period": "Q2",
    "revenue": 3239000000,
    "costOfRevenue": 1157000000,
    "grossProfit": 2082000000,
    "grossProfitRatio": 0.6427909849,
    "researchAndDevelopmentExpenses": 379000000,
    "generalAndAdministrativeExpenses": 0,
    "sellingAndMarketingExpenses": 0,
    "sellingGeneralAndAdministrativeExpenses": 401000000,
    "otherExpenses": 74000000,
    "operatingExpenses": 854000000,
    "costAndExpenses": 2011000000,
    "interestIncome": 0,
    "interestExpense": 48000000,
    "depreciationAndAmortization": 249000000,
    "ebitda": 1576000000,
    "ebitdaratio": 0.486569929,
    "operatingIncome": 1228000000,
    "operatingIncomeRatio": 0.3791293609,
    "totalOtherIncomeExpensesNet": 51000000,
    "incomeBeforeTax": 1279000000,
    "incomeBeforeTaxRatio": 0.3948749614,
    "incomeTaxExpense": -101000000,
    "netIncome": 1380000000,
    "netIncomeRatio": 0.4260574251,
    "eps": 1.51,
    "epsdiluted": 1.48,
    "weightedAverageShsOut": 916000000,
    "weightedAverageShsOutDil": 927000000,
    "link": "https://www.sec.gov/Archives/edgar/data/97476/000009747620000026/0000097476-20-000026-index.htm",
    "finalLink": "https://www.sec.gov/Archives/edgar/data/97476/000009747620000026/txn-20200630.htm"
  },
  {
    "date": "2020-03-31",
    "symbol": "TXN",
    "reportedCurrency": "USD",
    "cik": "0000097476",
    "fillingDate": "2020-04-22",
    "acceptedDate": "2020-04-22 09:39:59",
    "calendarYear": "2020",
    "period": "Q1",
    "revenue": 3329000000,
    "costOfRevenue": 1241000000,
    "grossProfit": 2088000000,
    "grossProfitRatio": 0.62721538,
    "researchAndDevelopmentExpenses": 377000000,
    "generalAndAdministrativeExpenses": 0,
    "sellingAndMarketingExpenses": 0,
    "sellingGeneralAndAdministrativeExpenses": 417000000,
    "otherExpenses": 50000000,
    "operatingExpenses": 844000000,
    "costAndExpenses": 2085000000,
    "interestIncome": 0,
    "interestExpense": 45000000,
    "depreciationAndAmortization": 250000000,
    "ebitda": 1519000000,
    "ebitdaratio": 0.4562931811,
    "operatingIncome": 1244000000,
    "operatingIncomeRatio": 0.3736857915,
    "totalOtherIncomeExpensesNet": -20000000,
    "incomeBeforeTax": 1224000000,
    "incomeBeforeTaxRatio": 0.3676779814,
    "incomeTaxExpense": 50000000,
    "netIncome": 1174000000,
    "netIncomeRatio": 0.352658456,
    "eps": 1.26,
    "epsdiluted": 1.24,
    "weightedAverageShsOut": 931000000,
    "weightedAverageShsOutDil": 943000000,
    "link": "https://www.sec.gov/Archives/edgar/data/97476/000009747620000017/0000097476-20-000017-index.htm",
    "finalLink": "https://www.sec.gov/Archives/edgar/data/97476/000009747620000017/txn-20200331.htm"
  },
  {
    "date": "2019-12-31",
    "symbol": "TXN",
    "reportedCurrency": "USD",
    "cik": "0000097476",
    "fillingDate": "2020-02-20",
    "acceptedDate": "2020-02-20 11:57:52",
    "calendarYear": "2019",
    "period": "Q4",
    "revenue": 3350000000,
    "costOfRevenue": 1253000000,
    "grossProfit": 2097000000,
    "grossProfitRatio": 0.6259701493,
    "researchAndDevelopmentExpenses": 386000000,
    "generalAndAdministrativeExpenses": 0,
    "sellingAndMarketingExpenses": 0,
    "sellingGeneralAndAdministrativeExpenses": 412000000,
    "otherExpenses": 50000000,
    "operatingExpenses": 848000000,
    "costAndExpenses": 2101000000,
    "interestIncome": 0,
    "interestExpense": 45000000,
    "depreciationAndAmortization": 250000000,
    "ebitda": 1552000000,
    "ebitdaratio": 0.4632835821,
    "operatingIncome": 1249000000,
    "operatingIncomeRatio": 0.3728358209,
    "totalOtherIncomeExpensesNet": 8000000,
    "incomeBeforeTax": 1257000000,
    "incomeBeforeTaxRatio": 0.3752238806,
    "incomeTaxExpense": 187000000,
    "netIncome": 1070000000,
    "netIncomeRatio": 0.3194029851,
    "eps": 1.14,
    "epsdiluted": 1.12,
    "weightedAverageShsOut": 933000000,
    "weightedAverageShsOutDil": 948000000,
    "link": "https://www.sec.gov/Archives/edgar/data/97476/000009747620000009/0000097476-20-000009-index.htm",
    "finalLink": "https://www.sec.gov/Archives/edgar/data/97476/000009747620000009/txn-20191231.htm"
  },
  {
    "date": "2019-09-30",
    "symbol": "TXN",
    "reportedCurrency": "USD",
    "cik": "0000097476",
    "fillingDate": "2019-10-31",
    "acceptedDate": "2019-10-31 09:43:34",
    "calendarYear": "2019",
    "period": "Q3",
    "revenue": 3771000000,
    "costOfRevenue": 1325000000,
    "grossProfit": 2446000000,
    "grossProfitRatio": 0.6486343145,
    "researchAndDevelopmentExpenses": 379000000,
    "generalAndAdministrativeExpenses": 0,
    "sellingAndMarketingExpenses": 0,
    "sellingGeneralAndAdministrativeExpenses": 399000000,
    "otherExpenses": 79000000,
    "operatingExpenses": 857000000,
    "costAndExpenses": 2182000000,
    "interestIncome": 0,
    "interestExpense": 43000000,
    "depreciationAndAmortization": 275000000,
    "ebitda": 1898000000,
    "ebitdaratio": 0.5033147706,
    "operatingIncome": 1589000000,
    "operatingIncomeRatio": 0.4213736409,
    "totalOtherIncomeExpensesNet": -9000000,
    "incomeBeforeTax": 1580000000,
    "incomeBeforeTaxRatio": 0.4189870061,
    "incomeTaxExpense": 155000000,
    "netIncome": 1425000000,
    "netIncomeRatio": 0.3778838504,
    "eps": 1.52,
    "epsdiluted": 1.49,
    "weightedAverageShsOut": 935000000,
    "weightedAverageShsOutDil": 950000000,
    "link": "https://www.sec.gov/Archives/edgar/data/97476/000009747619000009/0000097476-19-000009-index.htm",
    "finalLink": "https://www.sec.gov/Archives/edgar/data/97476/000009747619000009/txn-20190930.htm"
  },
  {
    "date": "2019-06-30",
    "symbol": "TXN",
    "reportedCurrency": "USD",
    "cik": "0000097476",
    "fillingDate": "2019-07-31",
    "acceptedDate": "2019-07-31 12:35:09",
    "calendarYear": "2019",
    "period": "Q2",
    "revenue": 3668000000,
    "costOfRevenue": 1308000000,
    "grossProfit": 2360000000,
    "grossProfitRatio": 0.6434023991,
    "researchAndDevelopmentExpenses": 390000000,
    "generalAndAdministrativeExpenses": 0,
    "sellingAndMarketingExpenses": 0,
    "sellingGeneralAndAdministrativeExpenses": 420000000,
    "otherExpenses": 44000000,
    "operatingExpenses": 854000000,
    "costAndExpenses": 2162000000,
    "interestIncome": 0,
    "interestExpense": 44000000,
    "depreciationAndAmortization": 267000000,
    "ebitda": 1825000000,
    "ebitdaratio": 0.4975463468,
    "operatingIncome": 1506000000,
    "operatingIncomeRatio": 0.4105779716,
    "totalOtherIncomeExpensesNet": 8000000,
    "incomeBeforeTax": 1514000000,
    "incomeBeforeTaxRatio": 0.4127589967,
    "incomeTaxExpense": 209000000,
    "netIncome": 1305000000,
    "netIncomeRatio": 0.3557797165,
    "eps": 1.38,
    "epsdiluted": 1.36,
    "weightedAverageShsOut": 937000000,
    "weightedAverageShsOutDil": 953000000,
    "link": "https://www.sec.gov/Archives/edgar/data/97476/000156459019027328/0001564590-19-027328-index.htm",
    "finalLink": "https://www.sec.gov/Archives/edgar/data/97476/000156459019027328/txn-10q_20190630.htm"
  },
  {
    "date": "2019-03-31",
    "symbol": "TXN",
    "reportedCurrency": "USD",
    "cik": "0000097476",
    "fillingDate": "2019-04-30",
    "acceptedDate": "2019-04-30 10:52:20",
    "calendarYear": "2019",
    "period": "Q1",
    "revenue": 3594000000,
    "costOfRevenue": 1333000000,
    "grossProfit": 2261000000,
    "grossProfitRatio": 0.6291040623,
    "researchAndDevelopmentExpenses": 389000000,
    "generalAndAdministrativeExpenses": 0,
    "sellingAndMarketingExpenses": 0,
    "sellingGeneralAndAdministrativeExpenses": 414000000,
    "otherExpenses": 79000000,
    "operatingExpenses": 882000000,
    "costAndExpenses": 2215000000,
    "interestIncome": 0,
    "interestExpense": 38000000,
    "depreciationAndAmortization": 258000000,
    "ebitda": 1673000000,
    "ebitdaratio": 0.4654980523,
    "operatingIncome": 1379000000,
    "operatingIncomeRatio": 0.3836950473,
    "totalOtherIncomeExpensesNet": -2000000,
    "incomeBeforeTax": 1377000000,
    "incomeBeforeTaxRatio": 0.3831385643,
    "incomeTaxExpense": 160000000,
    "netIncome": 1217000000,
    "netIncomeRatio": 0.3386199221,
    "eps": 1.29,
    "epsdiluted": 1.26,
    "weightedAverageShsOut": 939000000,
    "weightedAverageShsOutDil": 956000000,
    "link": "https://www.sec.gov/Archives/edgar/data/97476/000156459019014051/0001564590-19-014051-index.htm",
    "finalLink": "https://www.sec.gov/Archives/edgar/data/97476/000156459019014051/txn-10q_20190331.htm"
  },
  {
    "date": "2018-12-31",
    "symbol": "TXN",
    "reportedCurrency": "USD",
    "cik": "0000097476",
    "fillingDate": "2019-02-22",
    "acceptedDate": "2019-02-22 12:16:54",
    "calendarYear": "2018",
    "period": "Q4",
    "revenue": 3717000000,
    "costOfRevenue": 1310000000,
    "grossProfit": 2407000000,
    "grossProfitRatio": 0.6475652408,
    "researchAndDevelopmentExpenses": 400000000,
    "generalAndAdministrativeExpenses": 0,
    "sellingAndMarketingExpenses": 0,
    "sellingGeneralAndAdministrativeExpenses": 414000000,
    "otherExpenses": 77000000,
    "operatingExpenses": 891000000,
    "costAndExpenses": 2201000000,
    "interestIncome": 0,
    "interestExpense": 36000000,
    "depreciationAndAmortization": 249000000,
    "ebitda": 1788000000,
    "ebitdaratio": 0.4810330912,
    "operatingIncome": 1516000000,
    "operatingIncomeRatio": 0.4078557977,
    "totalOtherIncomeExpensesNet": -13000000,
    "incomeBeforeTax": 1503000000,
    "incomeBeforeTaxRatio": 0.4043583535,
    "incomeTaxExpense": 264000000,
    "netIncome": 1239000000,
    "netIncomeRatio": 0.3333333333,
    "eps": 1.29,
    "epsdiluted": 1.27,
    "weightedAverageShsOut": 953000000,
    "weightedAverageShsOutDil": 970000000,
    "link": "https://www.sec.gov/Archives/edgar/data/97476/000156459019003839/0001564590-19-003839-index.htm",
    "finalLink": "https://www.sec.gov/Archives/edgar/data/97476/000156459019003839/txn-10k_20181231.htm"
  },
  {
    "date": "2018-09-30",
    "symbol": "TXN",
    "reportedCurrency": "USD",
    "cik": "0000097476",
    "fillingDate": "2018-11-02",
    "acceptedDate": "2018-11-02 11:38:05",
    "calendarYear": "2018",
    "period": "Q3",
    "revenue": 4261000000,
    "costOfRevenue": 1457000000,
    "grossProfit": 2804000000,
    "grossProfitRatio": 0.6580614879,
    "researchAndDevelopmentExpenses": 390000000,
    "generalAndAdministrativeExpenses": 0,
    "sellingAndMarketingExpenses": 0,
    "sellingGeneralAndAdministrativeExpenses": 396000000,
    "otherExpenses": 81000000,
    "operatingExpenses": 867000000,
    "costAndExpenses": 2324000000,
    "interestIncome": 0,
    "interestExpense": 36000000,
    "depreciationAndAmortization": 243000000,
    "ebitda": 2203000000,
    "ebitdaratio": 0.5170147853,
    "operatingIncome": 1937000000,
    "operatingIncomeRatio": 0.4545881249,
    "totalOtherIncomeExpensesNet": -13000000,
    "incomeBeforeTax": 1924000000,
    "incomeBeforeTaxRatio": 0.4515371978,
    "incomeTaxExpense": 354000000,
    "netIncome": 1570000000,
    "netIncomeRatio": 0.3684581084,
    "eps": 1.61,
    "epsdiluted": 1.58,
    "weightedAverageShsOut": 969000000,
    "weightedAverageShsOutDil": 989000000,
    "link": "https://www.sec.gov/Archives/edgar/data/97476/000156459018026405/0001564590-18-026405-index.htm",
    "finalLink": "https://www.sec.gov/Archives/edgar/data/97476/000156459018026405/txn-10q_20180930.htm"
  },
  {
    "date": "2018-06-30",
    "symbol": "TXN",
    "reportedCurrency": "USD",
    "cik": "0000097476",
    "fillingDate": "2018-08-02",
    "acceptedDate": "2018-08-02 11:20:59",
    "calendarYear": "2018",
    "period": "Q2",
    "revenue": 4017000000,
    "costOfRevenue": 1398000000,
    "grossProfit": 2619000000,
    "grossProfitRatio": 0.6519790889,
    "researchAndDevelopmentExpenses": 384000000,
    "generalAndAdministrativeExpenses": 0,
    "sellingAndMarketingExpenses": 0,
    "sellingGeneralAndAdministrativeExpenses": 441000000,
    "otherExpenses": 82000000,
    "operatingExpenses": 907000000,
    "costAndExpenses": 2305000000,
    "interestIncome": 0,
    "interestExpense": 30000000,
    "depreciationAndAmortization": 233000000,
    "ebitda": 1969000000,
    "ebitdaratio": 0.4901667911,
    "operatingIncome": 1712000000,
    "operatingIncomeRatio": 0.426188698,
    "totalOtherIncomeExpensesNet": -6000000,
    "incomeBeforeTax": 1706000000,
    "incomeBeforeTaxRatio": 0.4246950461,
    "incomeTaxExpense": 301000000,
    "netIncome": 1405000000,
    "netIncomeRatio": 0.3497635051,
    "eps": 1.43,
    "epsdiluted": 1.4,
    "weightedAverageShsOut": 977000000,
    "weightedAverageShsOutDil": 997000000,
    "link": "https://www.sec.gov/Archives/edgar/data/97476/000156459018018753/0001564590-18-018753-index.htm",
    "finalLink": "https://www.sec.gov/Archives/edgar/data/97476/000156459018018753/txn-10q_20180630.htm"
  },
  {
    "date": "2018-03-31",
    "symbol": "TXN",
    "reportedCurrency": "USD",
    "cik": "0000097476",
    "fillingDate": "2018-05-03",
    "acceptedDate": "2018-05-03 10:59:44",
    "calendarYear": "2018",
    "period": "Q1",
    "revenue": 3789000000,
    "costOfRevenue": 1342000000,
    "grossProfit": 2447000000,
    "grossProfitRatio": 0.6458168382,
    "researchAndDevelopmentExpenses": 385000000,
    "generalAndAdministrativeExpenses": 0,
    "sellingAndMarketingExpenses": 0,
    "sellingGeneralAndAdministrativeExpenses": 433000000,
    "otherExpenses": 81000000,
    "operatingExpenses": 899000000,
    "costAndExpenses": 2241000000,
    "interestIncome": 0,
    "interestExpense": 23000000,
    "depreciationAndAmortization": 229000000,
    "ebitda": 1805000000,
    "ebitdaratio": 0.4763789918,
    "operatingIncome": 1548000000,
    "operatingIncomeRatio": 0.4085510689,
    "totalOtherIncomeExpensesNet": 5000000,
    "incomeBeforeTax": 1553000000,
    "incomeBeforeTaxRatio": 0.4098706783,
    "incomeTaxExpense": 187000000,
    "netIncome": 1366000000,
    "netIncomeRatio": 0.3605172869,
    "eps": 1.38,
    "epsdiluted": 1.35,
    "weightedAverageShsOut": 983000000,
    "weightedAverageShsOutDil": 1005000000,
    "link": "https://www.sec.gov/Archives/edgar/data/97476/000156459018010545/0001564590-18-010545-index.htm",
    "finalLink": "https://www.sec.gov/Archives/edgar/data/97476/000156459018010545/txn-10q_20180331.htm"
  },
  {
    "date": "2017-12-31",
    "symbol": "TXN",
    "reportedCurrency": "USD",
    "cik": "0000097476",
    "fillingDate": "2018-02-22",
    "acceptedDate": "2018-02-22 13:58:19",
    "calendarYear": "2017",
    "period": "Q4",
    "revenue": 3750000000,
    "costOfRevenue": 1310000000,
    "grossProfit": 2440000000,
    "grossProfitRatio": 0.6506666667,
    "researchAndDevelopmentExpenses": 386000000,
    "generalAndAdministrativeExpenses": 0,
    "sellingAndMarketingExpenses": 0,
    "sellingGeneralAndAdministrativeExpenses": 409000000,
    "otherExpenses": 82000000,
    "operatingExpenses": 877000000,
    "costAndExpenses": 2187000000,
    "interestIncome": 0,
    "interestExpense": 21000000,
    "depreciationAndAmortization": 224000000,
    "ebitda": 1795000000,
    "ebitdaratio": 0.4786666667,
    "operatingIncome": 1563000000,
    "operatingIncomeRatio": 0.4168,
    "totalOtherIncomeExpensesNet": -13000000,
    "incomeBeforeTax": 1550000000,
    "incomeBeforeTaxRatio": 0.4133333333,
    "incomeTaxExpense": 1206000000,
    "netIncome": 344000000,
    "netIncomeRatio": 0.0917333333,
    "eps": 0.35,
    "epsdiluted": 0.34,
    "weightedAverageShsOut": 985000000,
    "weightedAverageShsOutDil": 1007000000,
    "link": "https://www.sec.gov/Archives/edgar/data/97476/000156459018002832/0001564590-18-002832-index.htm",
    "finalLink": "https://www.sec.gov/Archives/edgar/data/97476/000156459018002832/txn-10k_20171231.htm"
  },
  {
    "date": "2017-09-30",
    "symbol": "TXN",
    "reportedCurrency": "USD",
    "cik": "0000097476",
    "fillingDate": "2017-11-02",
    "acceptedDate": "2017-11-02 11:22:00",
    "calendarYear": "2017",
    "period": "Q3",
    "revenue": 4116000000,
    "costOfRevenue": 1460000000,
    "grossProfit": 2656000000,
    "grossProfitRatio": 0.6452866861,
    "researchAndDevelopmentExpenses": 375000000,
    "generalAndAdministrativeExpenses": 0,
    "sellingAndMarketingExpenses": 0,
    "sellingGeneralAndAdministrativeExpenses": 412000000,
    "otherExpenses": 81000000,
    "operatingExpenses": 868000000,
    "costAndExpenses": 2328000000,
    "interestIncome": 0,
    "interestExpense": 19000000,
    "depreciationAndAmortization": 225000000,
    "ebitda": 2033000000,
    "ebitdaratio": 0.4939261419,
    "operatingIncome": 1788000000,
    "operatingIncomeRatio": 0.4344023324,
    "totalOtherIncomeExpensesNet": 1000000,
    "incomeBeforeTax": 1789000000,
    "incomeBeforeTaxRatio": 0.4346452867,
    "incomeTaxExpense": 504000000,
    "netIncome": 1285000000,
    "netIncomeRatio": 0.3121963071,
    "eps": 1.29,
    "epsdiluted": 1.26,
    "weightedAverageShsOut": 988000000,
    "weightedAverageShsOutDil": 1008000000,
    "link": "https://www.sec.gov/Archives/edgar/data/97476/000156459017021032/0001564590-17-021032-index.htm",
    "finalLink": "https://www.sec.gov/Archives/edgar/data/97476/000156459017021032/txn-10q_20170930.htm"
  },
  {
    "date": "2017-06-30",
    "symbol": "TXN",
    "reportedCurrency": "USD",
    "cik": "0000097476",
    "fillingDate": "2017-08-03",
    "acceptedDate": "2017-08-03 09:58:34",
    "calendarYear": "2017",
    "period": "Q2",
    "revenue": 3693000000,
    "costOfRevenue": 1319000000,
    "grossProfit": 2374000000,
    "grossProfitRatio": 0.6428378012,
    "researchAndDevelopmentExpenses": 378000000,
    "generalAndAdministrativeExpenses": 0,
    "sellingAndMarketingExpenses": 0,
    "sellingGeneralAndAdministrativeExpenses": 434000000,
    "otherExpenses": 82000000,
    "operatingExpenses": 894000000,
    "costAndExpenses": 2213000000,
    "interestIncome": 0,
    "interestExpense": 20000000,
    "depreciationAndAmortization": 225000000,
    "ebitda": 1731000000,
    "ebitdaratio": 0.4687246141,
    "operatingIncome": 1480000000,
    "operatingIncomeRatio": 0.4007581912,
    "totalOtherIncomeExpensesNet": 6000000,
    "incomeBeforeTax": 1486000000,
    "incomeBeforeTaxRatio": 0.4023828865,
    "incomeTaxExpense": 430000000,
    "netIncome": 1056000000,
    "netIncomeRatio": 0.2859463851,
    "eps": 1.05,
    "epsdiluted": 1.03,
    "weightedAverageShsOut": 994000000,
    "weightedAverageShsOutDil": 1015000000,
    "link": "https://www.sec.gov/Archives/edgar/data/97476/000156459017015153/0001564590-17-015153-index.htm",
    "finalLink": "https://www.sec.gov/Archives/edgar/data/97476/000156459017015153/txn-10q_20170630.htm"
  },
  {
    "date": "2017-03-31",
    "symbol": "TXN",
    "reportedCurrency": "USD",
    "cik": "0000097476",
    "fillingDate": "2017-05-03",
    "acceptedDate": "2017-05-03 11:32:46",
    "calendarYear": "2017",
    "period": "Q1",
    "revenue": 3402000000,
    "costOfRevenue": 1258000000,
    "grossProfit": 2144000000,
    "grossProfitRatio": 0.6302175191,
    "researchAndDevelopmentExpenses": 369000000,
    "generalAndAdministrativeExpenses": 0,
    "sellingAndMarketingExpenses": 0,
    "sellingGeneralAndAdministrativeExpenses": 439000000,
    "otherExpenses": 84000000,
    "operatingExpenses": 892000000,
    "costAndExpenses": 2150000000,
    "interestIncome": 0,
    "interestExpense": 18000000,
    "depreciationAndAmortization": 230000000,
    "ebitda": 1503000000,
    "ebitdaratio": 0.4417989418,
    "operatingIncome": 1252000000,
    "operatingIncomeRatio": 0.3680188125,
    "totalOtherIncomeExpensesNet": 3000000,
    "incomeBeforeTax": 1255000000,
    "incomeBeforeTaxRatio": 0.3689006467,
    "incomeTaxExpense": 258000000,
    "netIncome": 997000000,
    "netIncomeRatio": 0.2930629042,
    "eps": 0.99,
    "epsdiluted": 0.97,
    "weightedAverageShsOut": 998000000,
    "weightedAverageShsOutDil": 1019000000,
    "link": "https://www.sec.gov/Archives/edgar/data/97476/000156459017008260/0001564590-17-008260-index.htm",
    "finalLink": "https://www.sec.gov/Archives/edgar/data/97476/000156459017008260/txn-10q_20170331.htm"
  },
  {
    "date": "2016-12-31",
    "symbol": "TXN",
    "reportedCurrency": "USD",
    "cik": "0000097476",
    "fillingDate": "2017-02-23",
    "acceptedDate": "2017-02-23 13:00:41",
    "calendarYear": "2016",
    "period": "Q4",
    "revenue": 3414000000,
    "costOfRevenue": 1281000000,
    "grossProfit": 2133000000,
    "grossProfitRatio": 0.6247803163,
    "researchAndDevelopmentExpenses": 343000000,
    "generalAndAdministrativeExpenses": 0,
    "sellingAndMarketingExpenses": 0,
    "sellingGeneralAndAdministrativeExpenses": 411000000,
    "otherExpenses": 60000000,
    "operatingExpenses": 814000000,
    "costAndExpenses": 2095000000,
    "interestIncome": 22000000,
    "interestExpense": 19000000,
    "depreciationAndAmortization": 227000000,
    "ebitda": 1743000000,
    "ebitdaratio": 0.5105448155,
    "operatingIncome": 1319000000,
    "operatingIncomeRatio": 0.3863503222,
    "totalOtherIncomeExpensesNet": 178000000,
    "incomeBeforeTax": 1497000000,
    "incomeBeforeTaxRatio": 0.4384885764,
    "incomeTaxExpense": 450000000,
    "netIncome": 1047000000,
    "netIncomeRatio": 0.3066783831,
    "eps": 1.04,
    "epsdiluted": 1.02,
    "weightedAverageShsOut": 995983961,
    "weightedAverageShsOutDil": 1018000000,
    "link": "https://www.sec.gov/Archives/edgar/data/97476/000156459017002142/0001564590-17-002142-index.htm",
    "finalLink": "https://www.sec.gov/Archives/edgar/data/97476/000156459017002142/txn-10k_20161231.htm"
  },
  {
    "date": "2016-09-30",
    "symbol": "TXN",
    "reportedCurrency": "USD",
    "cik": "0000097476",
    "fillingDate": "2016-11-03",
    "acceptedDate": "2016-11-02 18:04:32",
    "calendarYear": "2016",
    "period": "Q3",
    "revenue": 3675000000,
    "costOfRevenue": 1395000000,
    "grossProfit": 2280000000,
    "grossProfitRatio": 0.6204081633,
    "researchAndDevelopmentExpenses": 353000000,
    "generalAndAdministrativeExpenses": 0,
    "sellingAndMarketingExpenses": 0,
    "sellingGeneralAndAdministrativeExpenses": 442000000,
    "otherExpenses": 81000000,
    "operatingExpenses": 876000000,
    "costAndExpenses": 2267000000,
    "interestIncome": 0,
    "interestExpense": 18000000,
    "depreciationAndAmortization": 237000000,
    "ebitda": 1636000000,
    "ebitdaratio": 0.445170068,
    "operatingIncome": 1395000000,
    "operatingIncomeRatio": 0.3795918367,
    "totalOtherIncomeExpensesNet": -14000000,
    "incomeBeforeTax": 1381000000,
    "incomeBeforeTaxRatio": 0.3757823129,
    "incomeTaxExpense": 363000000,
    "netIncome": 968000000,
    "netIncomeRatio": 0.2634013605,
    "eps": 1,
    "epsdiluted": 0.98,
    "weightedAverageShsOut": 1001122459,
    "weightedAverageShsOutDil": 1017000000,
    "link": "https://www.sec.gov/Archives/edgar/data/97476/000156459016027067/0001564590-16-027067-index.htm",
    "finalLink": "https://www.sec.gov/Archives/edgar/data/97476/000156459016027067/txn-10q_20160930.htm"
  },
  {
    "date": "2016-06-30",
    "symbol": "TXN",
    "reportedCurrency": "USD",
    "cik": "0000097476",
    "fillingDate": "2016-08-04",
    "acceptedDate": "2016-08-04 11:32:07",
    "calendarYear": "2016",
    "period": "Q2",
    "revenue": 3273000000,
    "costOfRevenue": 1270000000,
    "grossProfit": 2003000000,
    "grossProfitRatio": 0.6119767797,
    "researchAndDevelopmentExpenses": 341000000,
    "generalAndAdministrativeExpenses": 0,
    "sellingAndMarketingExpenses": 0,
    "sellingGeneralAndAdministrativeExpenses": 454000000,
    "otherExpenses": 81000000,
    "operatingExpenses": 876000000,
    "costAndExpenses": 2142000000,
    "interestIncome": 0,
    "interestExpense": 21000000,
    "depreciationAndAmortization": 234000000,
    "ebitda": 1365000000,
    "ebitdaratio": 0.4170485793,
    "operatingIncome": 1117000000,
    "operatingIncomeRatio": 0.3412771158,
    "totalOtherIncomeExpensesNet": -15000000,
    "incomeBeforeTax": 1102000000,
    "incomeBeforeTaxRatio": 0.3366941644,
    "incomeTaxExpense": 283000000,
    "netIncome": 819000000,
    "netIncomeRatio": 0.2502291476,
    "eps": 0.81,
    "epsdiluted": 0.79,
    "weightedAverageShsOut": 1003348270,
    "weightedAverageShsOutDil": 1016000000,
    "link": "https://www.sec.gov/Archives/edgar/data/97476/000156459016022552/0001564590-16-022552-index.htm",
    "finalLink": "https://www.sec.gov/Archives/edgar/data/97476/000156459016022552/txn-10q_20160630.htm"
  },
  {
    "date": "2016-03-31",
    "symbol": "TXN",
    "reportedCurrency": "USD",
    "cik": "0000097476",
    "fillingDate": "2016-05-04",
    "acceptedDate": "2016-05-04 11:41:30",
    "calendarYear": "2016",
    "period": "Q1",
    "revenue": 3008000000,
    "costOfRevenue": 1184000000,
    "grossProfit": 1824000000,
    "grossProfitRatio": 0.6063829787,
    "researchAndDevelopmentExpenses": 322000000,
    "generalAndAdministrativeExpenses": 0,
    "sellingAndMarketingExpenses": 0,
    "sellingGeneralAndAdministrativeExpenses": 441000000,
    "otherExpenses": 82000000,
    "operatingExpenses": 845000000,
    "costAndExpenses": 2024000000,
    "interestIncome": 0,
    "interestExpense": 22000000,
    "depreciationAndAmortization": 249000000,
    "ebitda": 1221000000,
    "ebitdaratio": 0.4059175532,
    "operatingIncome": 968000000,
    "operatingIncomeRatio": 0.3218085106,
    "totalOtherIncomeExpensesNet": -18000000,
    "incomeBeforeTax": 950000000,
    "incomeBeforeTaxRatio": 0.3158244681,
    "incomeTaxExpense": 239000000,
    "netIncome": 711000000,
    "netIncomeRatio": 0.2363696809,
    "eps": 0.7,
    "epsdiluted": 0.69,
    "weightedAverageShsOut": 1006571760,
    "weightedAverageShsOutDil": 1018000000,
    "link": "https://www.sec.gov/Archives/edgar/data/97476/000156459016017570/0001564590-16-017570-index.htm",
    "finalLink": "https://www.sec.gov/Archives/edgar/data/97476/000156459016017570/txn-10q_20160331.htm"
  },
  {
    "date": "2015-12-31",
    "symbol": "TXN",
    "reportedCurrency": "USD",
    "cik": "0000097476",
    "fillingDate": "2016-02-24",
    "acceptedDate": "2016-02-24 10:31:05",
    "calendarYear": "2015",
    "period": "Q4",
    "revenue": 3189000000,
    "costOfRevenue": 1323000000,
    "grossProfit": 1866000000,
    "grossProfitRatio": 0.5851364064,
    "researchAndDevelopmentExpenses": 306000000,
    "generalAndAdministrativeExpenses": 0,
    "sellingAndMarketingExpenses": 0,
    "sellingGeneralAndAdministrativeExpenses": 405000000,
    "otherExpenses": 13000000,
    "operatingExpenses": 724000000,
    "costAndExpenses": 2047000000,
    "interestIncome": 28000000,
    "interestExpense": 22000000,
    "depreciationAndAmortization": 261000000,
    "ebitda": 1422000000,
    "ebitdaratio": 0.4459078081,
    "operatingIncome": 1142000000,
    "operatingIncomeRatio": 0.3581059893,
    "totalOtherIncomeExpensesNet": -3000000,
    "incomeBeforeTax": 1139000000,
    "incomeBeforeTaxRatio": 0.3571652556,
    "incomeTaxExpense": 303000000,
    "netIncome": 836000000,
    "netIncomeRatio": 0.2621511446,
    "eps": 0.8,
    "epsdiluted": 0.8,
    "weightedAverageShsOut": 1011268412,
    "weightedAverageShsOutDil": 1027000000,
    "link": "https://www.sec.gov/Archives/edgar/data/97476/000156459016013126/0001564590-16-013126-index.htm",
    "finalLink": "https://www.sec.gov/Archives/edgar/data/97476/000156459016013126/txn-10k_20151231.htm"
  },
  {
    "date": "2015-09-30",
    "symbol": "TXN",
    "reportedCurrency": "USD",
    "cik": "0000097476",
    "fillingDate": "2015-11-05",
    "acceptedDate": "2015-11-05 10:41:32",
    "calendarYear": "2015",
    "period": "Q3",
    "revenue": 3429000000,
    "costOfRevenue": 1432000000,
    "grossProfit": 1997000000,
    "grossProfitRatio": 0.5823855351,
    "researchAndDevelopmentExpenses": 316000000,
    "generalAndAdministrativeExpenses": 0,
    "sellingAndMarketingExpenses": 0,
    "sellingGeneralAndAdministrativeExpenses": 434000000,
    "otherExpenses": 83000000,
    "operatingExpenses": 833000000,
    "costAndExpenses": 2265000000,
    "interestIncome": 0,
    "interestExpense": 22000000,
    "depreciationAndAmortization": 285000000,
    "ebitda": 1455000000,
    "ebitdaratio": 0.4243219598,
    "operatingIncome": 1164000000,
    "operatingIncomeRatio": 0.3394575678,
    "totalOtherIncomeExpensesNet": -16000000,
    "incomeBeforeTax": 1148000000,
    "incomeBeforeTaxRatio": 0.3347914844,
    "incomeTaxExpense": 350000000,
    "netIncome": 798000000,
    "netIncomeRatio": 0.2327209099,
    "eps": 0.77,
    "epsdiluted": 0.76,
    "weightedAverageShsOut": 1019629587,
    "weightedAverageShsOutDil": 1035000000,
    "link": "https://www.sec.gov/Archives/edgar/data/97476/000156459015009541/0001564590-15-009541-index.htm",
    "finalLink": "https://www.sec.gov/Archives/edgar/data/97476/000156459015009541/txn-10q_20150930.htm"
  },
  {
    "date": "2015-06-30",
    "symbol": "TXN",
    "reportedCurrency": "USD",
    "cik": "0000097476",
    "fillingDate": "2015-08-04",
    "acceptedDate": "2015-08-04 10:40:29",
    "calendarYear": "2015",
    "period": "Q2",
    "revenue": 3232000000,
    "costOfRevenue": 1351000000,
    "grossProfit": 1881000000,
    "grossProfitRatio": 0.5819925743,
    "researchAndDevelopmentExpenses": 320000000,
    "generalAndAdministrativeExpenses": 0,
    "sellingAndMarketingExpenses": 0,
    "sellingGeneralAndAdministrativeExpenses": 470000000,
    "otherExpenses": 81000000,
    "operatingExpenses": 871000000,
    "costAndExpenses": 2222000000,
    "interestIncome": 0,
    "interestExpense": 24000000,
    "depreciationAndAmortization": 291000000,
    "ebitda": 1304000000,
    "ebitdaratio": 0.4034653465,
    "operatingIncome": 1010000000,
    "operatingIncomeRatio": 0.3125,
    "totalOtherIncomeExpensesNet": -21000000,
    "incomeBeforeTax": 989000000,
    "incomeBeforeTaxRatio": 0.3060024752,
    "incomeTaxExpense": 293000000,
    "netIncome": 696000000,
    "netIncomeRatio": 0.2153465347,
    "eps": 0.66,
    "epsdiluted": 0.65,
    "weightedAverageShsOut": 1034101784,
    "weightedAverageShsOutDil": 1051000000,
    "link": "https://www.sec.gov/Archives/edgar/data/97476/000156459015006014/0001564590-15-006014-index.htm",
    "finalLink": "https://www.sec.gov/Archives/edgar/data/97476/000156459015006014/txn-10q_20150630.htm"
  },
  {
    "date": "2015-03-31",
    "symbol": "TXN",
    "reportedCurrency": "USD",
    "cik": "0000097476",
    "fillingDate": "2015-05-05",
    "acceptedDate": "2015-05-05 11:10:12",
    "calendarYear": "2015",
    "period": "Q1",
    "revenue": 3150000000,
    "costOfRevenue": 1334000000,
    "grossProfit": 1816000000,
    "grossProfitRatio": 0.5765079365,
    "researchAndDevelopmentExpenses": 338000000,
    "generalAndAdministrativeExpenses": 0,
    "sellingAndMarketingExpenses": 0,
    "sellingGeneralAndAdministrativeExpenses": 439000000,
    "otherExpenses": 81000000,
    "operatingExpenses": 858000000,
    "costAndExpenses": 2192000000,
    "interestIncome": 0,
    "interestExpense": 22000000,
    "depreciationAndAmortization": 296000000,
    "ebitda": 1258000000,
    "ebitdaratio": 0.3993650794,
    "operatingIncome": 958000000,
    "operatingIncomeRatio": 0.3041269841,
    "totalOtherIncomeExpensesNet": -18000000,
    "incomeBeforeTax": 940000000,
    "incomeBeforeTaxRatio": 0.2984126984,
    "incomeTaxExpense": 284000000,
    "netIncome": 656000000,
    "netIncomeRatio": 0.2082539683,
    "eps": 0.62,
    "epsdiluted": 0.61,
    "weightedAverageShsOut": 1044414019,
    "weightedAverageShsOutDil": 1061000000,
    "link": "https://www.sec.gov/Archives/edgar/data/97476/000156459015003271/0001564590-15-003271-index.htm",
    "finalLink": "https://www.sec.gov/Archives/edgar/data/97476/000156459015003271/txn-10q_20150331.htm"
  },
  {
    "date": "2014-12-31",
    "symbol": "TXN",
    "reportedCurrency": "USD",
    "cik": "0000097476",
    "fillingDate": "2015-02-24",
    "acceptedDate": "2015-02-24 16:24:05",
    "calendarYear": "2014",
    "period": "Q4",
    "revenue": 3269000000,
    "costOfRevenue": 1374000000,
    "grossProfit": 1895000000,
    "grossProfitRatio": 0.579687978,
    "researchAndDevelopmentExpenses": 311000000,
    "generalAndAdministrativeExpenses": 0,
    "sellingAndMarketingExpenses": 0,
    "sellingGeneralAndAdministrativeExpenses": 429000000,
    "otherExpenses": 55000000,
    "operatingExpenses": 795000000,
    "costAndExpenses": 2169000000,
    "interestIncome": 13000000,
    "interestExpense": 22000000,
    "depreciationAndAmortization": 305000000,
    "ebitda": 1414000000,
    "ebitdaratio": 0.4325481799,
    "operatingIncome": 1100000000,
    "operatingIncomeRatio": 0.3364943408,
    "totalOtherIncomeExpensesNet": -13000000,
    "incomeBeforeTax": 1087000000,
    "incomeBeforeTaxRatio": 0.3325175895,
    "incomeTaxExpense": 262000000,
    "netIncome": 825000000,
    "netIncomeRatio": 0.2523707556,
    "eps": 0.77,
    "epsdiluted": 0.76,
    "weightedAverageShsOut": 1046626812,
    "weightedAverageShsOutDil": 1063000000,
    "link": "https://www.sec.gov/Archives/edgar/data/97476/000009747615000003/0000097476-15-000003-index.htm",
    "finalLink": "https://www.sec.gov/Archives/edgar/data/97476/000009747615000003/txn-12312014x10xk.htm"
  },
  {
    "date": "2014-09-30",
    "symbol": "TXN",
    "reportedCurrency": "USD",
    "cik": "0000097476",
    "fillingDate": "2014-10-31",
    "acceptedDate": "2014-10-31 10:12:11",
    "calendarYear": "2014",
    "period": "Q3",
    "revenue": 3501000000,
    "costOfRevenue": 1457000000,
    "grossProfit": 2044000000,
    "grossProfitRatio": 0.5838331905,
    "researchAndDevelopmentExpenses": 332000000,
    "generalAndAdministrativeExpenses": 0,
    "sellingAndMarketingExpenses": 0,
    "sellingGeneralAndAdministrativeExpenses": 463000000,
    "otherExpenses": 74000000,
    "operatingExpenses": 869000000,
    "costAndExpenses": 2326000000,
    "interestIncome": 0,
    "interestExpense": 23000000,
    "depreciationAndAmortization": 308000000,
    "ebitda": 1486000000,
    "ebitdaratio": 0.4244501571,
    "operatingIncome": 1175000000,
    "operatingIncomeRatio": 0.3356183947,
    "totalOtherIncomeExpensesNet": -20000000,
    "incomeBeforeTax": 1155000000,
    "incomeBeforeTaxRatio": 0.3299057412,
    "incomeTaxExpense": 329000000,
    "netIncome": 826000000,
    "netIncomeRatio": 0.2359325907,
    "eps": 0.77,
    "epsdiluted": 0.76,
    "weightedAverageShsOut": 1060000000,
    "weightedAverageShsOutDil": 1074000000,
    "link": "https://www.sec.gov/Archives/edgar/data/97476/000009747614000034/0000097476-14-000034-index.htm",
    "finalLink": "https://www.sec.gov/Archives/edgar/data/97476/000009747614000034/txn-2014930x10xq.htm"
  },
  {
    "date": "2014-06-30",
    "symbol": "TXN",
    "reportedCurrency": "USD",
    "cik": "0000097476",
    "fillingDate": "2014-07-31",
    "acceptedDate": "2014-07-31 11:54:07",
    "calendarYear": "2014",
    "period": "Q2",
    "revenue": 3292000000,
    "costOfRevenue": 1411000000,
    "grossProfit": 1881000000,
    "grossProfitRatio": 0.5713851762,
    "researchAndDevelopmentExpenses": 349000000,
    "generalAndAdministrativeExpenses": 0,
    "sellingAndMarketingExpenses": 0,
    "sellingGeneralAndAdministrativeExpenses": 472000000,
    "otherExpenses": 78000000,
    "operatingExpenses": 899000000,
    "costAndExpenses": 2310000000,
    "interestIncome": 0,
    "interestExpense": 24000000,
    "depreciationAndAmortization": 307000000,
    "ebitda": 1292000000,
    "ebitdaratio": 0.3924665857,
    "operatingIncome": 982000000,
    "operatingIncomeRatio": 0.2982989064,
    "totalOtherIncomeExpensesNet": -21000000,
    "incomeBeforeTax": 961000000,
    "incomeBeforeTaxRatio": 0.2919198056,
    "incomeTaxExpense": 278000000,
    "netIncome": 683000000,
    "netIncomeRatio": 0.207472661,
    "eps": 0.63,
    "epsdiluted": 0.62,
    "weightedAverageShsOut": 1071000000,
    "weightedAverageShsOutDil": 1086000000,
    "link": "https://www.sec.gov/Archives/edgar/data/97476/000009747614000027/0000097476-14-000027-index.htm",
    "finalLink": "https://www.sec.gov/Archives/edgar/data/97476/000009747614000027/txn-2014630x10q.htm"
  },
  {
    "date": "2014-03-31",
    "symbol": "TXN",
    "reportedCurrency": "USD",
    "cik": "0000097476",
    "fillingDate": "2014-05-02",
    "acceptedDate": "2014-05-02 11:27:34",
    "calendarYear": "2014",
    "period": "Q1",
    "revenue": 2983000000,
    "costOfRevenue": 1376000000,
    "grossProfit": 1607000000,
    "grossProfitRatio": 0.53871941,
    "researchAndDevelopmentExpenses": 366000000,
    "generalAndAdministrativeExpenses": 0,
    "sellingAndMarketingExpenses": 0,
    "sellingGeneralAndAdministrativeExpenses": 479000000,
    "otherExpenses": 72000000,
    "operatingExpenses": 917000000,
    "costAndExpenses": 2293000000,
    "interestIncome": 0,
    "interestExpense": 25000000,
    "depreciationAndAmortization": 310000000,
    "ebitda": 1006000000,
    "ebitdaratio": 0.3372443848,
    "operatingIncome": 690000000,
    "operatingIncomeRatio": 0.231310761,
    "totalOtherIncomeExpensesNet": -19000000,
    "incomeBeforeTax": 671000000,
    "incomeBeforeTaxRatio": 0.2249413342,
    "incomeTaxExpense": 184000000,
    "netIncome": 487000000,
    "netIncomeRatio": 0.1632584646,
    "eps": 0.44,
    "epsdiluted": 0.44,
    "weightedAverageShsOut": 1081000000,
    "weightedAverageShsOutDil": 1096000000,
    "link": "https://www.sec.gov/Archives/edgar/data/97476/000009747614000018/0000097476-14-000018-index.htm",
    "finalLink": "https://www.sec.gov/Archives/edgar/data/97476/000009747614000018/txn-2014331x10q.htm"
  },
  {
    "date": "2013-12-31",
    "symbol": "TXN",
    "reportedCurrency": "USD",
    "cik": "0000097476",
    "fillingDate": "2014-02-24",
    "acceptedDate": "2014-02-24 11:05:47",
    "calendarYear": "2013",
    "period": "Q4",
    "revenue": 3028000000,
    "costOfRevenue": 1388000000,
    "grossProfit": 1640000000,
    "grossProfitRatio": 0.5416116248,
    "researchAndDevelopmentExpenses": 346000000,
    "generalAndAdministrativeExpenses": 0,
    "sellingAndMarketingExpenses": 0,
    "sellingGeneralAndAdministrativeExpenses": 461000000,
    "otherExpenses": 146000000,
    "operatingExpenses": 953000000,
    "costAndExpenses": 2341000000,
    "interestIncome": 0,
    "interestExpense": 24000000,
    "depreciationAndAmortization": 378000000,
    "ebitda": 1084000000,
    "ebitdaratio": 0.357992074,
    "operatingIncome": 687000000,
    "operatingIncomeRatio": 0.2268824306,
    "totalOtherIncomeExpensesNet": -5000000,
    "incomeBeforeTax": 682000000,
    "incomeBeforeTaxRatio": 0.2252311757,
    "incomeTaxExpense": 171000000,
    "netIncome": 511000000,
    "netIncomeRatio": 0.1687582563,
    "eps": 0.46,
    "epsdiluted": 0.46,
    "weightedAverageShsOut": 1086000000,
    "weightedAverageShsOutDil": 1102000000,
    "link": "https://www.sec.gov/Archives/edgar/data/97476/000009747614000007/0000097476-14-000007-index.htm",
    "finalLink": "https://www.sec.gov/Archives/edgar/data/97476/000009747614000007/txn-12312013x10xk.htm"
  },
  {
    "date": "2013-09-30",
    "symbol": "TXN",
    "reportedCurrency": "USD",
    "cik": "0000097476",
    "fillingDate": "2013-11-01",
    "acceptedDate": "2013-11-01 11:22:09",
    "calendarYear": "2013",
    "period": "Q3",
    "revenue": 3244000000,
    "costOfRevenue": 1465000000,
    "grossProfit": 1779000000,
    "grossProfitRatio": 0.5483970407,
    "researchAndDevelopmentExpenses": 368000000,
    "generalAndAdministrativeExpenses": 0,
    "sellingAndMarketingExpenses": 0,
    "sellingGeneralAndAdministrativeExpenses": 465000000,
    "otherExpenses": 102000000,
    "operatingExpenses": 935000000,
    "costAndExpenses": 2400000000,
    "interestIncome": 0,
    "interestExpense": 24000000,
    "depreciationAndAmortization": 318000000,
    "ebitda": 1165000000,
    "ebitdaratio": 0.3591245376,
    "operatingIncome": 844000000,
    "operatingIncomeRatio": 0.2601726264,
    "totalOtherIncomeExpensesNet": -28000000,
    "incomeBeforeTax": 816000000,
    "incomeBeforeTaxRatio": 0.251541307,
    "incomeTaxExpense": 187000000,
    "netIncome": 629000000,
    "netIncomeRatio": 0.1938964242,
    "eps": 0.56,
    "epsdiluted": 0.56,
    "weightedAverageShsOut": 1096000000,
    "weightedAverageShsOutDil": 1111000000,
    "link": "https://www.sec.gov/Archives/edgar/data/97476/000009747613000056/0000097476-13-000056-index.htm",
    "finalLink": "https://www.sec.gov/Archives/edgar/data/97476/000009747613000056/txn-2013930x10q.htm"
  },
  {
    "date": "2013-06-30",
    "symbol": "TXN",
    "reportedCurrency": "USD",
    "cik": "0000097476",
    "fillingDate": "2013-08-02",
    "acceptedDate": "2013-08-02 10:58:35",
    "calendarYear": "2013",
    "period": "Q2",
    "revenue": 3047000000,
    "costOfRevenue": 1477000000,
    "grossProfit": 1570000000,
    "grossProfitRatio": 0.5152609124,
    "researchAndDevelopmentExpenses": 389000000,
    "generalAndAdministrativeExpenses": 0,
    "sellingAndMarketingExpenses": 0,
    "sellingGeneralAndAdministrativeExpenses": 471000000,
    "otherExpenses": -196000000,
    "operatingExpenses": 664000000,
    "costAndExpenses": 2141000000,
    "interestIncome": 0,
    "interestExpense": 24000000,
    "depreciationAndAmortization": 303000000,
    "ebitda": 1227000000,
    "ebitdaratio": 0.4026911716,
    "operatingIncome": 906000000,
    "operatingIncomeRatio": 0.2973416475,
    "totalOtherIncomeExpensesNet": -24000000,
    "incomeBeforeTax": 882000000,
    "incomeBeforeTaxRatio": 0.2894650476,
    "incomeTaxExpense": 222000000,
    "netIncome": 660000000,
    "netIncomeRatio": 0.2166064982,
    "eps": 0.59,
    "epsdiluted": 0.58,
    "weightedAverageShsOut": 1103000000,
    "weightedAverageShsOutDil": 1117000000,
    "link": "https://www.sec.gov/Archives/edgar/data/97476/000009747613000044/0000097476-13-000044-index.htm",
    "finalLink": "https://www.sec.gov/Archives/edgar/data/97476/000009747613000044/txn-2013630x10q.htm"
  },
  {
    "date": "2013-03-31",
    "symbol": "TXN",
    "reportedCurrency": "USD",
    "cik": "0000097476",
    "fillingDate": "2013-05-03",
    "acceptedDate": "2013-05-03 09:27:09",
    "calendarYear": "2013",
    "period": "Q1",
    "revenue": 2885000000,
    "costOfRevenue": 1511000000,
    "grossProfit": 1374000000,
    "grossProfitRatio": 0.4762564991,
    "researchAndDevelopmentExpenses": 419000000,
    "generalAndAdministrativeExpenses": 0,
    "sellingAndMarketingExpenses": 0,
    "sellingGeneralAndAdministrativeExpenses": 459000000,
    "otherExpenses": 101000000,
    "operatingExpenses": 979000000,
    "costAndExpenses": 2490000000,
    "interestIncome": 0,
    "interestExpense": 23000000,
    "depreciationAndAmortization": 345000000,
    "ebitda": 720000000,
    "ebitdaratio": 0.2495667244,
    "operatingIncome": 395000000,
    "operatingIncomeRatio": 0.136915078,
    "totalOtherIncomeExpensesNet": -21000000,
    "incomeBeforeTax": 374000000,
    "incomeBeforeTaxRatio": 0.1296360485,
    "incomeTaxExpense": 12000000,
    "netIncome": 362000000,
    "netIncomeRatio": 0.1254766031,
    "eps": 0.32,
    "epsdiluted": 0.32,
    "weightedAverageShsOut": 1107000000,
    "weightedAverageShsOutDil": 1123000000,
    "link": "https://www.sec.gov/Archives/edgar/data/97476/000009747613000028/0000097476-13-000028-index.htm",
    "finalLink": "https://www.sec.gov/Archives/edgar/data/97476/000009747613000028/txn-2013331x10q.htm"
  },
  {
    "date": "2012-12-31",
    "symbol": "TXN",
    "reportedCurrency": "USD",
    "cik": "0000097476",
    "fillingDate": "2013-02-22",
    "acceptedDate": "2013-02-22 11:49:48",
    "calendarYear": "2012",
    "period": "Q4",
    "revenue": 2979000000,
    "costOfRevenue": 1534000000,
    "grossProfit": 1445000000,
    "grossProfitRatio": 0.4850621014,
    "researchAndDevelopmentExpenses": 425000000,
    "generalAndAdministrativeExpenses": 0,
    "sellingAndMarketingExpenses": 0,
    "sellingGeneralAndAdministrativeExpenses": 430000000,
    "otherExpenses": 452000000,
    "operatingExpenses": 1307000000,
    "costAndExpenses": 2840000000,
    "interestIncome": 15000000,
    "interestExpense": 0,
    "depreciationAndAmortization": 317000000,
    "ebitda": 495000000,
    "ebitdaratio": 0.166163142,
    "operatingIncome": 139000000,
    "operatingIncomeRatio": 0.046659953,
    "totalOtherIncomeExpensesNet": 16000000,
    "incomeBeforeTax": 155000000,
    "incomeBeforeTaxRatio": 0.0520308828,
    "incomeTaxExpense": -109000000,
    "netIncome": 264000000,
    "netIncomeRatio": 0.0886203424,
    "eps": 0.23,
    "epsdiluted": 0.23,
    "weightedAverageShsOut": 1113000000,
    "weightedAverageShsOutDil": 1124000000,
    "link": "https://www.sec.gov/Archives/edgar/data/97476/000009747613000009/0000097476-13-000009-index.htm",
    "finalLink": "https://www.sec.gov/Archives/edgar/data/97476/000009747613000009/txn-12312012x10xk.htm"
  },
  {
    "date": "2012-09-30",
    "symbol": "TXN",
    "reportedCurrency": "USD",
    "cik": "0000097476",
    "fillingDate": "2012-11-02",
    "acceptedDate": "2012-11-02 13:03:30",
    "calendarYear": "2012",
    "period": "Q3",
    "revenue": 3390000000,
    "costOfRevenue": 1650000000,
    "grossProfit": 1740000000,
    "grossProfitRatio": 0.5132743363,
    "researchAndDevelopmentExpenses": 463000000,
    "generalAndAdministrativeExpenses": 0,
    "sellingAndMarketingExpenses": 0,
    "sellingGeneralAndAdministrativeExpenses": 453000000,
    "otherExpenses": -16000000,
    "operatingExpenses": 900000000,
    "costAndExpenses": 2550000000,
    "interestIncome": 0,
    "interestExpense": 21000000,
    "depreciationAndAmortization": 327000000,
    "ebitda": 1191000000,
    "ebitdaratio": 0.3513274336,
    "operatingIncome": 840000000,
    "operatingIncomeRatio": 0.2477876106,
    "totalOtherIncomeExpensesNet": 3000000,
    "incomeBeforeTax": 843000000,
    "incomeBeforeTaxRatio": 0.2486725664,
    "incomeTaxExpense": 59000000,
    "netIncome": 784000000,
    "netIncomeRatio": 0.2312684366,
    "eps": 0.68,
    "epsdiluted": 0.67,
    "weightedAverageShsOut": 1130000000,
    "weightedAverageShsOutDil": 1141000000,
    "link": "https://www.sec.gov/Archives/edgar/data/97476/000009747612000056/0000097476-12-000056-index.htm",
    "finalLink": "https://www.sec.gov/Archives/edgar/data/97476/000009747612000056/txn-2012930x10q.htm"
  },
  {
    "date": "2012-06-30",
    "symbol": "TXN",
    "reportedCurrency": "USD",
    "cik": "0000097476",
    "fillingDate": "2012-08-03",
    "acceptedDate": "2012-08-03 11:54:45",
    "calendarYear": "2012",
    "period": "Q2",
    "revenue": 3335000000,
    "costOfRevenue": 1684000000,
    "grossProfit": 1651000000,
    "grossProfitRatio": 0.4950524738,
    "researchAndDevelopmentExpenses": 480000000,
    "generalAndAdministrativeExpenses": 0,
    "sellingAndMarketingExpenses": 0,
    "sellingGeneralAndAdministrativeExpenses": 456000000,
    "otherExpenses": 117000000,
    "operatingExpenses": 1053000000,
    "costAndExpenses": 2737000000,
    "interestIncome": 0,
    "interestExpense": 20000000,
    "depreciationAndAmortization": 327000000,
    "ebitda": 922000000,
    "ebitdaratio": 0.2764617691,
    "operatingIncome": 598000000,
    "operatingIncomeRatio": 0.1793103448,
    "totalOtherIncomeExpensesNet": -22000000,
    "incomeBeforeTax": 576000000,
    "incomeBeforeTaxRatio": 0.1727136432,
    "incomeTaxExpense": 130000000,
    "netIncome": 446000000,
    "netIncomeRatio": 0.1337331334,
    "eps": 0.38,
    "epsdiluted": 0.38,
    "weightedAverageShsOut": 1140000000,
    "weightedAverageShsOutDil": 1154000000,
    "link": "https://www.sec.gov/Archives/edgar/data/97476/000009747612000042/0000097476-12-000042-index.htm",
    "finalLink": "https://www.sec.gov/Archives/edgar/data/97476/000009747612000042/txn-2012630x10q.htm"
  },
  {
    "date": "2012-03-31",
    "symbol": "TXN",
    "reportedCurrency": "USD",
    "cik": "0000097476",
    "fillingDate": "2012-05-04",
    "acceptedDate": "2012-05-04 12:35:07",
    "calendarYear": "2012",
    "period": "Q1",
    "revenue": 3121000000,
    "costOfRevenue": 1590000000,
    "grossProfit": 1531000000,
    "grossProfitRatio": 0.4905479013,
    "researchAndDevelopmentExpenses": 509000000,
    "generalAndAdministrativeExpenses": 0,
    "sellingAndMarketingExpenses": 0,
    "sellingGeneralAndAdministrativeExpenses": 462000000,
    "otherExpenses": 163000000,
    "operatingExpenses": 1134000000,
    "costAndExpenses": 2724000000,
    "interestIncome": 0,
    "interestExpense": 21000000,
    "depreciationAndAmortization": 329000000,
    "ebitda": 712000000,
    "ebitdaratio": 0.228132009,
    "operatingIncome": 397000000,
    "operatingIncomeRatio": 0.1272028196,
    "totalOtherIncomeExpensesNet": -35000000,
    "incomeBeforeTax": 362000000,
    "incomeBeforeTaxRatio": 0.1159884652,
    "incomeTaxExpense": 97000000,
    "netIncome": 265000000,
    "netIncomeRatio": 0.0849086831,
    "eps": 0.23,
    "epsdiluted": 0.22,
    "weightedAverageShsOut": 1143000000,
    "weightedAverageShsOutDil": 1165000000,
    "link": "https://www.sec.gov/Archives/edgar/data/97476/000009747612000027/0000097476-12-000027-index.htm",
    "finalLink": "https://www.sec.gov/Archives/edgar/data/97476/000009747612000027/txn-2012331x10q.htm"
  },
  {
    "date": "2011-12-31",
    "symbol": "TXN",
    "reportedCurrency": "USD",
    "cik": "0000097476",
    "fillingDate": "2012-02-24",
    "acceptedDate": "2012-02-24 12:13:07",
    "calendarYear": "2011",
    "period": "Q4",
    "revenue": 3420000000,
    "costOfRevenue": 1872000000,
    "grossProfit": 1548000000,
    "grossProfitRatio": 0.4526315789,
    "researchAndDevelopmentExpenses": 474000000,
    "generalAndAdministrativeExpenses": 0,
    "sellingAndMarketingExpenses": 0,
    "sellingGeneralAndAdministrativeExpenses": 444000000,
    "otherExpenses": 265000000,
    "operatingExpenses": 1183000000,
    "costAndExpenses": 3055000000,
    "interestIncome": 11000000,
    "interestExpense": 21000000,
    "depreciationAndAmortization": 332000000,
    "ebitda": 701000000,
    "ebitdaratio": 0.2049707602,
    "operatingIncome": 365000000,
    "operatingIncomeRatio": 0.1067251462,
    "totalOtherIncomeExpensesNet": -17000000,
    "incomeBeforeTax": 348000000,
    "incomeBeforeTaxRatio": 0.101754386,
    "incomeTaxExpense": 50000000,
    "netIncome": 298000000,
    "netIncomeRatio": 0.0871345029,
    "eps": 0.26,
    "epsdiluted": 0.26,
    "weightedAverageShsOut": 1136000000,
    "weightedAverageShsOutDil": 1153000000,
    "link": "https://www.sec.gov/Archives/edgar/data/97476/000009747612000010/0000097476-12-000010-index.htm",
    "finalLink": "https://www.sec.gov/Archives/edgar/data/97476/000009747612000010/txn-12312011x10xk.htm"
  },
  {
    "date": "2011-09-30",
    "symbol": "TXN",
    "reportedCurrency": "USD",
    "cik": "0000097476",
    "fillingDate": "2011-11-04",
    "acceptedDate": "2011-11-04 13:18:14",
    "calendarYear": "2011",
    "period": "Q3",
    "revenue": 3466000000,
    "costOfRevenue": 1722000000,
    "grossProfit": 1744000000,
    "grossProfitRatio": 0.5031736872,
    "researchAndDevelopmentExpenses": 395000000,
    "generalAndAdministrativeExpenses": 0,
    "sellingAndMarketingExpenses": 0,
    "sellingGeneralAndAdministrativeExpenses": 388000000,
    "otherExpenses": 147000000,
    "operatingExpenses": 930000000,
    "costAndExpenses": 2652000000,
    "interestIncome": 0,
    "interestExpense": 15000000,
    "depreciationAndAmortization": 226000000,
    "ebitda": 1021000000,
    "ebitdaratio": 0.29457588,
    "operatingIncome": 814000000,
    "operatingIncomeRatio": 0.2348528563,
    "totalOtherIncomeExpensesNet": -34000000,
    "incomeBeforeTax": 780000000,
    "incomeBeforeTaxRatio": 0.2250432776,
    "incomeTaxExpense": 179000000,
    "netIncome": 601000000,
    "netIncomeRatio": 0.1733987305,
    "eps": 0.52,
    "epsdiluted": 0.51,
    "weightedAverageShsOut": 1144000000,
    "weightedAverageShsOutDil": 1157000000,
    "link": "https://www.sec.gov/Archives/edgar/data/97476/000009747611000055/0000097476-11-000055-index.htm",
    "finalLink": "https://www.sec.gov/Archives/edgar/data/97476/000009747611000055/txn-2011930x10q.htm"
  },
  {
    "date": "2011-06-30",
    "symbol": "TXN",
    "reportedCurrency": "USD",
    "cik": "0000097476",
    "fillingDate": "2011-08-05",
    "acceptedDate": "2011-08-05 12:59:03",
    "calendarYear": "2011",
    "period": "Q2",
    "revenue": 3458000000,
    "costOfRevenue": 1705000000,
    "grossProfit": 1753000000,
    "grossProfitRatio": 0.506940428,
    "researchAndDevelopmentExpenses": 424000000,
    "generalAndAdministrativeExpenses": 0,
    "sellingAndMarketingExpenses": 0,
    "sellingGeneralAndAdministrativeExpenses": 411000000,
    "otherExpenses": 13000000,
    "operatingExpenses": 848000000,
    "costAndExpenses": 2553000000,
    "interestIncome": 0,
    "interestExpense": 6000000,
    "depreciationAndAmortization": 226000000,
    "ebitda": 1141000000,
    "ebitdaratio": 0.3299595142,
    "operatingIncome": 905000000,
    "operatingIncomeRatio": 0.2617119722,
    "totalOtherIncomeExpensesNet": 4000000,
    "incomeBeforeTax": 909000000,
    "incomeBeforeTaxRatio": 0.2628687102,
    "incomeTaxExpense": 237000000,
    "netIncome": 672000000,
    "netIncomeRatio": 0.1943319838,
    "eps": 0.57,
    "epsdiluted": 0.56,
    "weightedAverageShsOut": 1156000000,
    "weightedAverageShsOutDil": 1180000000,
    "link": "https://www.sec.gov/Archives/edgar/data/97476/000009747611000030/0000097476-11-000030-index.htm",
    "finalLink": "https://www.sec.gov/Archives/edgar/data/97476/000009747611000030/txn-2011630x10q.htm"
  },
  {
    "date": "2011-03-31",
    "symbol": "TXN",
    "reportedCurrency": "USD",
    "cik": "0000097476",
    "fillingDate": "2011-05-05",
    "acceptedDate": "2011-05-05 12:58:58",
    "calendarYear": "2011",
    "period": "Q1",
    "revenue": 3392000000,
    "costOfRevenue": 1664000000,
    "grossProfit": 1728000000,
    "grossProfitRatio": 0.5094339623,
    "researchAndDevelopmentExpenses": 422000000,
    "generalAndAdministrativeExpenses": 0,
    "sellingAndMarketingExpenses": 0,
    "sellingGeneralAndAdministrativeExpenses": 396000000,
    "otherExpenses": 2000000,
    "operatingExpenses": 820000000,
    "costAndExpenses": 2484000000,
    "interestIncome": 0,
    "interestExpense": 0,
    "depreciationAndAmortization": 231000000,
    "ebitda": 1149000000,
    "ebitdaratio": 0.3387382075,
    "operatingIncome": 908000000,
    "operatingIncomeRatio": 0.2676886792,
    "totalOtherIncomeExpensesNet": 10000000,
    "incomeBeforeTax": 918000000,
    "incomeBeforeTaxRatio": 0.2706367925,
    "incomeTaxExpense": 252000000,
    "netIncome": 666000000,
    "netIncomeRatio": 0.1963443396,
    "eps": 0.56,
    "epsdiluted": 0.55,
    "weightedAverageShsOut": 1167000000,
    "weightedAverageShsOutDil": 1194000000,
    "link": "https://www.sec.gov/Archives/edgar/data/97476/000114036111025120/0001140361-11-025120-index.htm",
    "finalLink": "https://www.sec.gov/Archives/edgar/data/97476/000114036111025120/form10q.htm"
  },
  {
    "date": "2010-12-31",
    "symbol": "TXN",
    "reportedCurrency": "USD",
    "cik": "0000097476",
    "fillingDate": "2011-02-25",
    "acceptedDate": "2011-02-25 17:10:14",
    "calendarYear": "2010",
    "period": "Q4",
    "revenue": 3525000000,
    "costOfRevenue": 1655000000,
    "grossProfit": 1870000000,
    "grossProfitRatio": 0.5304964539,
    "researchAndDevelopmentExpenses": 392000000,
    "generalAndAdministrativeExpenses": 0,
    "sellingAndMarketingExpenses": 0,
    "sellingGeneralAndAdministrativeExpenses": 390000000,
    "otherExpenses": -142000000,
    "operatingExpenses": 640000000,
    "costAndExpenses": 2295000000,
    "interestIncome": 0,
    "interestExpense": 0,
    "depreciationAndAmortization": 238000000,
    "ebitda": 1467000000,
    "ebitdaratio": 0.4161702128,
    "operatingIncome": 1230000000,
    "operatingIncomeRatio": 0.3489361702,
    "totalOtherIncomeExpensesNet": 18000000,
    "incomeBeforeTax": 1248000000,
    "incomeBeforeTaxRatio": 0.3540425532,
    "incomeTaxExpense": 306000000,
    "netIncome": 942000000,
    "netIncomeRatio": 0.2672340426,
    "eps": 0.79,
    "epsdiluted": 0.77,
    "weightedAverageShsOut": 1172000000,
    "weightedAverageShsOutDil": 1189000000,
    "link": "https://www.sec.gov/Archives/edgar/data/97476/000114036111012312/0001140361-11-012312-index.htm",
    "finalLink": "https://www.sec.gov/Archives/edgar/data/97476/000114036111012312/form10-k.htm"
  },
  {
    "date": "2010-09-30",
    "symbol": "TXN",
    "reportedCurrency": "USD",
    "cik": "0000097476",
    "fillingDate": "2010-11-04",
    "acceptedDate": "2010-11-04 13:17:35",
    "calendarYear": "2010",
    "period": "Q3",
    "revenue": 3740000000,
    "costOfRevenue": 1701000000,
    "grossProfit": 2039000000,
    "grossProfitRatio": 0.5451871658,
    "researchAndDevelopmentExpenses": 417000000,
    "generalAndAdministrativeExpenses": 0,
    "sellingAndMarketingExpenses": 0,
    "sellingGeneralAndAdministrativeExpenses": 391000000,
    "otherExpenses": 4000000,
    "operatingExpenses": 812000000,
    "costAndExpenses": 2513000000,
    "interestIncome": 0,
    "interestExpense": 0,
    "depreciationAndAmortization": 224000000,
    "ebitda": 1459000000,
    "ebitdaratio": 0.3901069519,
    "operatingIncome": 1227000000,
    "operatingIncomeRatio": 0.3280748663,
    "totalOtherIncomeExpensesNet": 8000000,
    "incomeBeforeTax": 1235000000,
    "incomeBeforeTaxRatio": 0.3302139037,
    "incomeTaxExpense": 376000000,
    "netIncome": 859000000,
    "netIncomeRatio": 0.2296791444,
    "eps": 0.71,
    "epsdiluted": 0.71,
    "weightedAverageShsOut": 1184000000,
    "weightedAverageShsOutDil": 1196000000,
    "link": "https://www.sec.gov/Archives/edgar/data/97476/000114036110043558/0001140361-10-043558-index.htm",
    "finalLink": "https://www.sec.gov/Archives/edgar/data/97476/000114036110043558/form10q.htm"
  },
  {
    "date": "2010-06-30",
    "symbol": "TXN",
    "reportedCurrency": "USD",
    "cik": "0000097476",
    "fillingDate": "2010-07-22",
    "acceptedDate": "2010-07-21 17:58:03",
    "calendarYear": "2010",
    "period": "Q2",
    "revenue": 3496000000,
    "costOfRevenue": 1602000000,
    "grossProfit": 1894000000,
    "grossProfitRatio": 0.5417620137,
    "researchAndDevelopmentExpenses": 392000000,
    "generalAndAdministrativeExpenses": 0,
    "sellingAndMarketingExpenses": 0,
    "sellingGeneralAndAdministrativeExpenses": 378000000,
    "otherExpenses": 17000000,
    "operatingExpenses": 787000000,
    "costAndExpenses": 2389000000,
    "interestIncome": 0,
    "interestExpense": 0,
    "depreciationAndAmortization": 228000000,
    "ebitda": 1338000000,
    "ebitdaratio": 0.3827231121,
    "operatingIncome": 1107000000,
    "operatingIncomeRatio": 0.3166475973,
    "totalOtherIncomeExpensesNet": 4000000,
    "incomeBeforeTax": 1111000000,
    "incomeBeforeTaxRatio": 0.317791762,
    "incomeTaxExpense": 342000000,
    "netIncome": 769000000,
    "netIncomeRatio": 0.2199656751,
    "eps": 0.63,
    "epsdiluted": 0.62,
    "weightedAverageShsOut": 1208000000,
    "weightedAverageShsOutDil": 1221000000,
    "link": "https://www.sec.gov/Archives/edgar/data/97476/000114036110029928/0001140361-10-029928-index.htm",
    "finalLink": "https://www.sec.gov/Archives/edgar/data/97476/000114036110029928/form10q.htm"
  },
  {
    "date": "2010-03-31",
    "symbol": "TXN",
    "reportedCurrency": "USD",
    "cik": "0000097476",
    "fillingDate": "2010-04-30",
    "acceptedDate": "2010-04-30 15:44:08",
    "calendarYear": "2010",
    "period": "Q1",
    "revenue": 3205000000,
    "costOfRevenue": 1516000000,
    "grossProfit": 1689000000,
    "grossProfitRatio": 0.5269890796,
    "researchAndDevelopmentExpenses": 370000000,
    "generalAndAdministrativeExpenses": 0,
    "sellingAndMarketingExpenses": 0,
    "sellingGeneralAndAdministrativeExpenses": 359000000,
    "otherExpenses": 10000000,
    "operatingExpenses": 739000000,
    "costAndExpenses": 2255000000,
    "interestIncome": 0,
    "interestExpense": 0,
    "depreciationAndAmortization": 224000000,
    "ebitda": 1184000000,
    "ebitdaratio": 0.3694227769,
    "operatingIncome": 950000000,
    "operatingIncomeRatio": 0.2964118565,
    "totalOtherIncomeExpensesNet": 7000000,
    "incomeBeforeTax": 957000000,
    "incomeBeforeTaxRatio": 0.2985959438,
    "incomeTaxExpense": 299000000,
    "netIncome": 658000000,
    "netIncomeRatio": 0.2053042122,
    "eps": 0.53,
    "epsdiluted": 0.52,
    "weightedAverageShsOut": 1233000000,
    "weightedAverageShsOutDil": 1246000000,
    "link": "https://www.sec.gov/Archives/edgar/data/97476/000114036110018271/0001140361-10-018271-index.htm",
    "finalLink": "https://www.sec.gov/Archives/edgar/data/97476/000114036110018271/form10-q.htm"
  },
  {
    "date": "2009-12-31",
    "symbol": "TXN",
    "reportedCurrency": "USD",
    "cik": "0000097476",
    "fillingDate": "2010-02-23",
    "acceptedDate": "2010-02-23 14:25:33",
    "calendarYear": "2009",
    "period": "Q4",
    "revenue": 3005000000,
    "costOfRevenue": 1416000000,
    "grossProfit": 1589000000,
    "grossProfitRatio": 0.5287853577,
    "researchAndDevelopmentExpenses": 354000000,
    "generalAndAdministrativeExpenses": 0,
    "sellingAndMarketingExpenses": 0,
    "sellingGeneralAndAdministrativeExpenses": 348000000,
    "otherExpenses": 12000000,
    "operatingExpenses": 714000000,
    "costAndExpenses": 2130000000,
    "interestIncome": 0,
    "interestExpense": 0,
    "depreciationAndAmortization": 223000000,
    "ebitda": 1110000000,
    "ebitdaratio": 0.3693843594,
    "operatingIncome": 875000000,
    "operatingIncomeRatio": 0.2911813644,
    "totalOtherIncomeExpensesNet": 6000000,
    "incomeBeforeTax": 881000000,
    "incomeBeforeTaxRatio": 0.2931780366,
    "incomeTaxExpense": 226000000,
    "netIncome": 655000000,
    "netIncomeRatio": 0.2179700499,
    "eps": 0.53,
    "epsdiluted": 0.52,
    "weightedAverageShsOut": 1242000000,
    "weightedAverageShsOutDil": 1260000000,
    "link": "https://www.sec.gov/Archives/edgar/data/97476/000114036110007923/0001140361-10-007923-index.htm",
    "finalLink": "https://www.sec.gov/Archives/edgar/data/97476/000114036110007923/form10k.htm"
  },
  {
    "date": "2009-09-30",
    "symbol": "TXN",
    "reportedCurrency": "USD",
    "cik": "0000097476",
    "fillingDate": "2009-10-30",
    "acceptedDate": "2009-10-30 17:21:15",
    "calendarYear": "2009",
    "period": "Q3",
    "revenue": 2880000000,
    "costOfRevenue": 1399000000,
    "grossProfit": 1481000000,
    "grossProfitRatio": 0.5142361111,
    "researchAndDevelopmentExpenses": 368000000,
    "generalAndAdministrativeExpenses": 0,
    "sellingAndMarketingExpenses": 0,
    "sellingGeneralAndAdministrativeExpenses": 340000000,
    "otherExpenses": 10000000,
    "operatingExpenses": 718000000,
    "costAndExpenses": 2117000000,
    "interestIncome": 0,
    "interestExpense": 0,
    "depreciationAndAmortization": 229000000,
    "ebitda": 1002000000,
    "ebitdaratio": 0.3479166667,
    "operatingIncome": 763000000,
    "operatingIncomeRatio": 0.2649305556,
    "totalOtherIncomeExpensesNet": 2000000,
    "incomeBeforeTax": 765000000,
    "incomeBeforeTaxRatio": 0.265625,
    "incomeTaxExpense": 227000000,
    "netIncome": 538000000,
    "netIncomeRatio": 0.1868055556,
    "eps": 0.43,
    "epsdiluted": 0.42,
    "weightedAverageShsOut": 1255000000,
    "weightedAverageShsOutDil": 1268000000,
    "link": "https://www.sec.gov/Archives/edgar/data/97476/000009747609000041/0000097476-09-000041-index.htm",
    "finalLink": "https://www.sec.gov/Archives/edgar/data/97476/000009747609000041/d10q.htm"
  },
  {
    "date": "2009-06-30",
    "symbol": "TXN",
    "reportedCurrency": "USD",
    "cik": "0000097476",
    "fillingDate": "2009-07-29",
    "acceptedDate": "2009-07-29 17:24:22",
    "calendarYear": "2009",
    "period": "Q2",
    "revenue": 2457000000,
    "costOfRevenue": 1333000000,
    "grossProfit": 1124000000,
    "grossProfitRatio": 0.4574684575,
    "researchAndDevelopmentExpenses": 369000000,
    "generalAndAdministrativeExpenses": 0,
    "sellingAndMarketingExpenses": 0,
    "sellingGeneralAndAdministrativeExpenses": 327000000,
    "otherExpenses": 85000000,
    "operatingExpenses": 781000000,
    "costAndExpenses": 2114000000,
    "interestIncome": 0,
    "interestExpense": 0,
    "depreciationAndAmortization": 233000000,
    "ebitda": 661000000,
    "ebitdaratio": 0.269027269,
    "operatingIncome": 343000000,
    "operatingIncomeRatio": 0.1396011396,
    "totalOtherIncomeExpensesNet": 13000000,
    "incomeBeforeTax": 356000000,
    "incomeBeforeTaxRatio": 0.1448921449,
    "incomeTaxExpense": 96000000,
    "netIncome": 260000000,
    "netIncomeRatio": 0.1058201058,
    "eps": 0.21,
    "epsdiluted": 0.2,
    "weightedAverageShsOut": 1267000000,
    "weightedAverageShsOutDil": 1272000000,
    "link": "https://www.sec.gov/Archives/edgar/data/97476/000114036109017223/0001140361-09-017223-index.htm",
    "finalLink": "https://www.sec.gov/Archives/edgar/data/97476/000114036109017223/form10q.htm"
  },
  {
    "date": "2009-03-31",
    "symbol": "TXN",
    "reportedCurrency": "USD",
    "cik": "0000097476",
    "fillingDate": "2009-04-29",
    "acceptedDate": "2009-04-29 13:06:29",
    "calendarYear": "2009",
    "period": "Q1",
    "revenue": 2086000000,
    "costOfRevenue": 1280000000,
    "grossProfit": 806000000,
    "grossProfitRatio": 0.3863854267,
    "researchAndDevelopmentExpenses": 386000000,
    "generalAndAdministrativeExpenses": 0,
    "sellingAndMarketingExpenses": 0,
    "sellingGeneralAndAdministrativeExpenses": 305000000,
    "otherExpenses": 105000000,
    "operatingExpenses": 796000000,
    "costAndExpenses": 2076000000,
    "interestIncome": 0,
    "interestExpense": 0,
    "depreciationAndAmortization": 240000000,
    "ebitda": 355000000,
    "ebitdaratio": 0.1701821668,
    "operatingIncome": 10000000,
    "operatingIncomeRatio": 0.0047938639,
    "totalOtherIncomeExpensesNet": 5000000,
    "incomeBeforeTax": 15000000,
    "incomeBeforeTaxRatio": 0.0071907958,
    "incomeTaxExpense": -2000000,
    "netIncome": 17000000,
    "netIncomeRatio": 0.0081495686,
    "eps": 0.01,
    "epsdiluted": 0.01,
    "weightedAverageShsOut": 1275000000,
    "weightedAverageShsOutDil": 1277000000,
    "link": "https://www.sec.gov/Archives/edgar/data/97476/000009747609000021/0000097476-09-000021-index.htm",
    "finalLink": "https://www.sec.gov/Archives/edgar/data/97476/000009747609000021/d10q.htm"
  },
  {
    "date": "2008-12-31",
    "symbol": "TXN",
    "reportedCurrency": "USD",
    "cik": "0000097476",
    "fillingDate": "2009-02-24",
    "acceptedDate": "2009-02-24 10:57:45",
    "calendarYear": "2008",
    "period": "Q4",
    "revenue": 2491000000,
    "costOfRevenue": 1394000000,
    "grossProfit": 1097000000,
    "grossProfitRatio": 0.4403853874,
    "researchAndDevelopmentExpenses": 431000000,
    "generalAndAdministrativeExpenses": 0,
    "sellingAndMarketingExpenses": 0,
    "sellingGeneralAndAdministrativeExpenses": 362000000,
    "otherExpenses": 254000000,
    "operatingExpenses": 1047000000,
    "costAndExpenses": 2441000000,
    "interestIncome": 0,
    "interestExpense": 0,
    "depreciationAndAmortization": 293000000,
    "ebitda": 387000000,
    "ebitdaratio": 0.1553592935,
    "operatingIncome": 50000000,
    "operatingIncomeRatio": 0.0200722601,
    "totalOtherIncomeExpensesNet": -14000000,
    "incomeBeforeTax": 36000000,
    "incomeBeforeTaxRatio": 0.0144520273,
    "incomeTaxExpense": -71000000,
    "netIncome": 107000000,
    "netIncomeRatio": 0.0429546367,
    "eps": 0.09,
    "epsdiluted": 0.09,
    "weightedAverageShsOut": 1281000000,
    "weightedAverageShsOutDil": 1285000000,
    "link": "https://www.sec.gov/Archives/edgar/data/97476/000120677409000314/0001206774-09-000314-index.htm",
    "finalLink": "https://www.sec.gov/Archives/edgar/data/97476/000120677409000314/texas_10k.htm"
  },
  {
    "date": "2008-09-30",
    "symbol": "TXN",
    "reportedCurrency": "USD",
    "cik": "0000097476",
    "fillingDate": "2008-10-31",
    "acceptedDate": "2008-10-30 18:37:53",
    "calendarYear": "2008",
    "period": "Q3",
    "revenue": 3387000000,
    "costOfRevenue": 1744000000,
    "grossProfit": 1643000000,
    "grossProfitRatio": 0.4850900502,
    "researchAndDevelopmentExpenses": 507000000,
    "generalAndAdministrativeExpenses": 0,
    "sellingAndMarketingExpenses": 0,
    "sellingGeneralAndAdministrativeExpenses": 390000000,
    "otherExpenses": 0,
    "operatingExpenses": 897000000,
    "costAndExpenses": 2641000000,
    "interestIncome": 0,
    "interestExpense": 0,
    "depreciationAndAmortization": 260000000,
    "ebitda": 1006000000,
    "ebitdaratio": 0.29701801,
    "operatingIncome": 746000000,
    "operatingIncomeRatio": 0.220253912,
    "totalOtherIncomeExpensesNet": 10000000,
    "incomeBeforeTax": 756000000,
    "incomeBeforeTaxRatio": 0.2232063773,
    "incomeTaxExpense": 193000000,
    "netIncome": 563000000,
    "netIncomeRatio": 0.1662237969,
    "eps": 0.43,
    "epsdiluted": 0.43,
    "weightedAverageShsOut": 1304000000,
    "weightedAverageShsOutDil": 1315000000,
    "link": "https://www.sec.gov/Archives/edgar/data/97476/000009747608000217/0000097476-08-000217-index.htm",
    "finalLink": "https://www.sec.gov/Archives/edgar/data/97476/000009747608000217/d10q.htm"
  },
  {
    "date": "2008-06-30",
    "symbol": "TXN",
    "reportedCurrency": "USD",
    "cik": "0000097476",
    "fillingDate": "2008-07-31",
    "acceptedDate": "2008-07-31 09:39:18",
    "calendarYear": "2008",
    "period": "Q2",
    "revenue": 3351000000,
    "costOfRevenue": 1602000000,
    "grossProfit": 1749000000,
    "grossProfitRatio": 0.5219337511,
    "researchAndDevelopmentExpenses": 488000000,
    "generalAndAdministrativeExpenses": 0,
    "sellingAndMarketingExpenses": 0,
    "sellingGeneralAndAdministrativeExpenses": 428000000,
    "otherExpenses": 0,
    "operatingExpenses": 916000000,
    "costAndExpenses": 2518000000,
    "interestIncome": 0,
    "interestExpense": 0,
    "depreciationAndAmortization": 255000000,
    "ebitda": 1088000000,
    "ebitdaratio": 0.3246792002,
    "operatingIncome": 833000000,
    "operatingIncomeRatio": 0.2485825127,
    "totalOtherIncomeExpensesNet": 17000000,
    "incomeBeforeTax": 850000000,
    "incomeBeforeTaxRatio": 0.2536556252,
    "incomeTaxExpense": 262000000,
    "netIncome": 588000000,
    "netIncomeRatio": 0.175470009,
    "eps": 0.45,
    "epsdiluted": 0.44,
    "weightedAverageShsOut": 1320000000,
    "weightedAverageShsOutDil": 1338000000,
    "link": "https://www.sec.gov/Archives/edgar/data/97476/000009747608000194/0000097476-08-000194-index.htm",
    "finalLink": "https://www.sec.gov/Archives/edgar/data/97476/000009747608000194/d10q.htm"
  },
  {
    "date": "2008-03-31",
    "symbol": "TXN",
    "reportedCurrency": "USD",
    "cik": "0000097476",
    "fillingDate": "2008-05-01",
    "acceptedDate": "2008-04-30 19:52:13",
    "calendarYear": "2008",
    "period": "Q1",
    "revenue": 3272000000,
    "costOfRevenue": 1516000000,
    "grossProfit": 1756000000,
    "grossProfitRatio": 0.5366748166,
    "researchAndDevelopmentExpenses": 514000000,
    "generalAndAdministrativeExpenses": 0,
    "sellingAndMarketingExpenses": 0,
    "sellingGeneralAndAdministrativeExpenses": 435000000,
    "otherExpenses": 0,
    "operatingExpenses": 949000000,
    "costAndExpenses": 2465000000,
    "interestIncome": 0,
    "interestExpense": 0,
    "depreciationAndAmortization": 251000000,
    "ebitda": 1058000000,
    "ebitdaratio": 0.3233496333,
    "operatingIncome": 807000000,
    "operatingIncomeRatio": 0.2466381418,
    "totalOtherIncomeExpensesNet": 33000000,
    "incomeBeforeTax": 840000000,
    "incomeBeforeTaxRatio": 0.2567237164,
    "incomeTaxExpense": 178000000,
    "netIncome": 662000000,
    "netIncomeRatio": 0.2023227384,
    "eps": 0.5,
    "epsdiluted": 0.49,
    "weightedAverageShsOut": 1327000000,
    "weightedAverageShsOutDil": 1345000000,
    "link": "https://www.sec.gov/Archives/edgar/data/97476/000009747608000141/0000097476-08-000141-index.htm",
    "finalLink": "https://www.sec.gov/Archives/edgar/data/97476/000009747608000141/d10q.htm"
  },
  {
    "date": "2007-12-31",
    "symbol": "TXN",
    "reportedCurrency": "USD",
    "cik": "0000097476",
    "fillingDate": "2008-02-26",
    "acceptedDate": "2008-02-26 15:01:17",
    "calendarYear": "2007",
    "period": "Q4",
    "revenue": 3556000000,
    "costOfRevenue": 1629000000,
    "grossProfit": 1927000000,
    "grossProfitRatio": 0.5419010124,
    "researchAndDevelopmentExpenses": 509000000,
    "generalAndAdministrativeExpenses": 0,
    "sellingAndMarketingExpenses": 0,
    "sellingGeneralAndAdministrativeExpenses": 422000000,
    "otherExpenses": 0,
    "operatingExpenses": 931000000,
    "costAndExpenses": 2560000000,
    "interestIncome": 0,
    "interestExpense": 0,
    "depreciationAndAmortization": 189000000,
    "ebitda": 1185000000,
    "ebitdaratio": 0.3332395951,
    "operatingIncome": 996000000,
    "operatingIncomeRatio": 0.2800899888,
    "totalOtherIncomeExpensesNet": 46000000,
    "incomeBeforeTax": 1042000000,
    "incomeBeforeTaxRatio": 0.2930258718,
    "incomeTaxExpense": 289000000,
    "netIncome": 755000000,
    "netIncomeRatio": 0.2123172103,
    "eps": 0.55,
    "epsdiluted": 0.54,
    "weightedAverageShsOut": 1372000000,
    "weightedAverageShsOutDil": 1398000000,
    "link": "https://www.sec.gov/Archives/edgar/data/97476/000119312508038572/0001193125-08-038572-index.htm",
    "finalLink": "https://www.sec.gov/Archives/edgar/data/97476/000119312508038572/d10k.htm"
  },
  {
    "date": "2007-09-30",
    "symbol": "TXN",
    "reportedCurrency": "USD",
    "cik": "0000097476",
    "fillingDate": "2007-11-01",
    "acceptedDate": "2007-11-01 15:44:26",
    "calendarYear": "2007",
    "period": "Q3",
    "revenue": 3663000000,
    "costOfRevenue": 1679000000,
    "grossProfit": 1984000000,
    "grossProfitRatio": 0.5416325416,
    "researchAndDevelopmentExpenses": 542000000,
    "generalAndAdministrativeExpenses": 0,
    "sellingAndMarketingExpenses": 0,
    "sellingGeneralAndAdministrativeExpenses": 429000000,
    "otherExpenses": 0,
    "operatingExpenses": 971000000,
    "costAndExpenses": 2650000000,
    "interestIncome": 0,
    "interestExpense": 0,
    "depreciationAndAmortization": 296000000,
    "ebitda": 1309000000,
    "ebitdaratio": 0.3573573574,
    "operatingIncome": 1013000000,
    "operatingIncomeRatio": 0.2765492765,
    "totalOtherIncomeExpensesNet": 53000000,
    "incomeBeforeTax": 1066000000,
    "incomeBeforeTaxRatio": 0.291018291,
    "incomeTaxExpense": 308000000,
    "netIncome": 776000000,
    "netIncomeRatio": 0.2118482118,
    "eps": 0.55,
    "epsdiluted": 0.54,
    "weightedAverageShsOut": 1417000000,
    "weightedAverageShsOutDil": 1448000000,
    "link": "https://www.sec.gov/Archives/edgar/data/97476/000009747607000255/0000097476-07-000255-index.htm",
    "finalLink": "https://www.sec.gov/Archives/edgar/data/97476/000009747607000255/d10q.htm"
  },
  {
    "date": "2007-06-30",
    "symbol": "TXN",
    "reportedCurrency": "USD",
    "cik": "0000097476",
    "fillingDate": "2007-08-01",
    "acceptedDate": "2007-08-01 12:27:42",
    "calendarYear": "2007",
    "period": "Q2",
    "revenue": 3424000000,
    "costOfRevenue": 1640000000,
    "grossProfit": 1784000000,
    "grossProfitRatio": 0.5210280374,
    "researchAndDevelopmentExpenses": 551000000,
    "generalAndAdministrativeExpenses": 0,
    "sellingAndMarketingExpenses": 0,
    "sellingGeneralAndAdministrativeExpenses": 424000000,
    "otherExpenses": 0,
    "operatingExpenses": 975000000,
    "costAndExpenses": 2615000000,
    "interestIncome": 0,
    "interestExpense": 0,
    "depreciationAndAmortization": 294000000,
    "ebitda": 1103000000,
    "ebitdaratio": 0.3221378505,
    "operatingIncome": 809000000,
    "operatingIncomeRatio": 0.2362733645,
    "totalOtherIncomeExpensesNet": 56000000,
    "incomeBeforeTax": 865000000,
    "incomeBeforeTaxRatio": 0.2526285047,
    "incomeTaxExpense": 251000000,
    "netIncome": 610000000,
    "netIncomeRatio": 0.1781542056,
    "eps": 0.42,
    "epsdiluted": 0.42,
    "weightedAverageShsOut": 1437000000,
    "weightedAverageShsOutDil": 1469000000,
    "link": "https://www.sec.gov/Archives/edgar/data/97476/000009747607000187/0000097476-07-000187-index.htm",
    "finalLink": "https://www.sec.gov/Archives/edgar/data/97476/000009747607000187/d10q.htm"
  },
  {
    "date": "2007-03-31",
    "symbol": "TXN",
    "reportedCurrency": "USD",
    "cik": "0000097476",
    "fillingDate": "2007-05-03",
    "acceptedDate": "2007-05-03 10:41:40",
    "calendarYear": "2007",
    "period": "Q1",
    "revenue": 3191000000,
    "costOfRevenue": 1554000000,
    "grossProfit": 1637000000,
    "grossProfitRatio": 0.5130053275,
    "researchAndDevelopmentExpenses": 552000000,
    "generalAndAdministrativeExpenses": 0,
    "sellingAndMarketingExpenses": 0,
    "sellingGeneralAndAdministrativeExpenses": 405000000,
    "otherExpenses": 0,
    "operatingExpenses": 957000000,
    "costAndExpenses": 2511000000,
    "interestIncome": 0,
    "interestExpense": 0,
    "depreciationAndAmortization": 291000000,
    "ebitda": 971000000,
    "ebitdaratio": 0.304293325,
    "operatingIncome": 680000000,
    "operatingIncomeRatio": 0.2130993419,
    "totalOtherIncomeExpensesNet": 39000000,
    "incomeBeforeTax": 719000000,
    "incomeBeforeTaxRatio": 0.2253212159,
    "incomeTaxExpense": 203000000,
    "netIncome": 516000000,
    "netIncomeRatio": 0.1617047947,
    "eps": 0.36,
    "epsdiluted": 0.35,
    "weightedAverageShsOut": 1442000000,
    "weightedAverageShsOutDil": 1470000000,
    "link": "https://www.sec.gov/Archives/edgar/data/97476/000009747607000134/0000097476-07-000134-index.htm",
    "finalLink": "https://www.sec.gov/Archives/edgar/data/97476/000009747607000134/d10q.htm"
  },
  {
    "date": "2006-12-31",
    "symbol": "TXN",
    "reportedCurrency": "USD",
    "cik": "0000097476",
    "fillingDate": "2007-02-28",
    "acceptedDate": "2007-02-28 15:04:28",
    "calendarYear": "2006",
    "period": "Q4",
    "revenue": 3463000000,
    "costOfRevenue": 1715000000,
    "grossProfit": 1748000000,
    "grossProfitRatio": 0.5047646549,
    "researchAndDevelopmentExpenses": 556000000,
    "generalAndAdministrativeExpenses": 0,
    "sellingAndMarketingExpenses": 0,
    "sellingGeneralAndAdministrativeExpenses": 426000000,
    "otherExpenses": 0,
    "operatingExpenses": 982000000,
    "costAndExpenses": 2697000000,
    "interestIncome": 0,
    "interestExpense": 0,
    "depreciationAndAmortization": 287000000,
    "ebitda": 1053000000,
    "ebitdaratio": 0.3040716142,
    "operatingIncome": 766000000,
    "operatingIncomeRatio": 0.2211954952,
    "totalOtherIncomeExpensesNet": 70000000,
    "incomeBeforeTax": 836000000,
    "incomeBeforeTaxRatio": 0.2414091828,
    "incomeTaxExpense": 166000000,
    "netIncome": 668000000,
    "netIncomeRatio": 0.1928963327,
    "eps": 0.46,
    "epsdiluted": 0.46,
    "weightedAverageShsOut": 1468000000,
    "weightedAverageShsOutDil": 1500000000,
    "link": "https://www.sec.gov/Archives/edgar/data/97476/000119312507042451/0001193125-07-042451-index.htm",
    "finalLink": "https://www.sec.gov/Archives/edgar/data/97476/000119312507042451/d10k.htm"
  },
  {
    "date": "2006-09-30",
    "symbol": "TXN",
    "reportedCurrency": "USD",
    "cik": "0000097476",
    "fillingDate": "2006-10-30",
    "acceptedDate": "2006-10-30 06:05:31",
    "calendarYear": "2006",
    "period": "Q3",
    "revenue": 3761000000,
    "costOfRevenue": 1829000000,
    "grossProfit": 1932000000,
    "grossProfitRatio": 0.5136931667,
    "researchAndDevelopmentExpenses": 570000000,
    "generalAndAdministrativeExpenses": 0,
    "sellingAndMarketingExpenses": 0,
    "sellingGeneralAndAdministrativeExpenses": 432000000,
    "otherExpenses": 0,
    "operatingExpenses": 1002000000,
    "costAndExpenses": 2831000000,
    "interestIncome": 0,
    "interestExpense": 0,
    "depreciationAndAmortization": 307000000,
    "ebitda": 1237000000,
    "ebitdaratio": 0.3289018878,
    "operatingIncome": 930000000,
    "operatingIncomeRatio": 0.247274661,
    "totalOtherIncomeExpensesNet": 54000000,
    "incomeBeforeTax": 984000000,
    "incomeBeforeTaxRatio": 0.2616325445,
    "incomeTaxExpense": 298000000,
    "netIncome": 702000000,
    "netIncomeRatio": 0.186652486,
    "eps": 0.47,
    "epsdiluted": 0.46,
    "weightedAverageShsOut": 1506000000,
    "weightedAverageShsOutDil": 1537000000,
    "link": "https://www.sec.gov/Archives/edgar/data/97476/000009747606000251/0000097476-06-000251-index.htm",
    "finalLink": "https://www.sec.gov/Archives/edgar/data/97476/000009747606000251/d10q.htm"
  },
  {
    "date": "2006-06-30",
    "symbol": "TXN",
    "reportedCurrency": "USD",
    "cik": "0000097476",
    "fillingDate": "2006-08-02",
    "acceptedDate": "2006-08-02 12:03:45",
    "calendarYear": "2006",
    "period": "Q2",
    "revenue": 3697000000,
    "costOfRevenue": 1790000000,
    "grossProfit": 1907000000,
    "grossProfitRatio": 0.5158236408,
    "researchAndDevelopmentExpenses": 536000000,
    "generalAndAdministrativeExpenses": 0,
    "sellingAndMarketingExpenses": 0,
    "sellingGeneralAndAdministrativeExpenses": 418000000,
    "otherExpenses": 0,
    "operatingExpenses": 954000000,
    "costAndExpenses": 2744000000,
    "interestIncome": 0,
    "interestExpense": 0,
    "depreciationAndAmortization": 311000000,
    "ebitda": 1264000000,
    "ebitdaratio": 0.3418988369,
    "operatingIncome": 953000000,
    "operatingIncomeRatio": 0.2577765756,
    "totalOtherIncomeExpensesNet": 86000000,
    "incomeBeforeTax": 1039000000,
    "incomeBeforeTaxRatio": 0.28103868,
    "incomeTaxExpense": 300000000,
    "netIncome": 2387000000,
    "netIncomeRatio": 0.6456586421,
    "eps": 1.54,
    "epsdiluted": 1.5,
    "weightedAverageShsOut": 1553000000,
    "weightedAverageShsOutDil": 1586000000,
    "link": "https://www.sec.gov/Archives/edgar/data/97476/000009747606000198/0000097476-06-000198-index.htm",
    "finalLink": "https://www.sec.gov/Archives/edgar/data/97476/000009747606000198/d10q.htm"
  },
  {
    "date": "2006-03-31",
    "symbol": "TXN",
    "reportedCurrency": "USD",
    "cik": "0000097476",
    "fillingDate": "2006-05-02",
    "acceptedDate": "2006-05-02 14:13:57",
    "calendarYear": "2006",
    "period": "Q1",
    "revenue": 3334000000,
    "costOfRevenue": 1662000000,
    "grossProfit": 1672000000,
    "grossProfitRatio": 0.5014997001,
    "researchAndDevelopmentExpenses": 533000000,
    "generalAndAdministrativeExpenses": 0,
    "sellingAndMarketingExpenses": 0,
    "sellingGeneralAndAdministrativeExpenses": 421000000,
    "otherExpenses": 0,
    "operatingExpenses": 954000000,
    "costAndExpenses": 2616000000,
    "interestIncome": 0,
    "interestExpense": 0,
    "depreciationAndAmortization": 316000000,
    "ebitda": 1034000000,
    "ebitdaratio": 0.3101379724,
    "operatingIncome": 718000000,
    "operatingIncomeRatio": 0.2153569286,
    "totalOtherIncomeExpensesNet": 49000000,
    "incomeBeforeTax": 767000000,
    "incomeBeforeTaxRatio": 0.2300539892,
    "incomeTaxExpense": 225000000,
    "netIncome": 585000000,
    "netIncomeRatio": 0.175464907,
    "eps": 0.37,
    "epsdiluted": 0.36,
    "weightedAverageShsOut": 1585000000,
    "weightedAverageShsOutDil": 1618000000,
    "link": "https://www.sec.gov/Archives/edgar/data/97476/000009747606000141/0000097476-06-000141-index.htm",
    "finalLink": "https://www.sec.gov/Archives/edgar/data/97476/000009747606000141/d10q.htm"
  },
  {
    "date": "2005-12-31",
    "symbol": "TXN",
    "reportedCurrency": "USD",
    "cik": "0000097476",
    "fillingDate": "2006-02-28",
    "acceptedDate": "2006-02-28 16:19:07",
    "calendarYear": "2005",
    "period": "Q4",
    "revenue": 3592000000,
    "costOfRevenue": 1857000000,
    "grossProfit": 1735000000,
    "grossProfitRatio": 0.4830178174,
    "researchAndDevelopmentExpenses": 500000000,
    "generalAndAdministrativeExpenses": 0,
    "sellingAndMarketingExpenses": 0,
    "sellingGeneralAndAdministrativeExpenses": 425000000,
    "otherExpenses": 0,
    "operatingExpenses": 925000000,
    "costAndExpenses": 2782000000,
    "interestIncome": 0,
    "interestExpense": 0,
    "depreciationAndAmortization": 484000000,
    "ebitda": 1294000000,
    "ebitdaratio": 0.3602449889,
    "operatingIncome": 810000000,
    "operatingIncomeRatio": 0.2255011136,
    "totalOtherIncomeExpensesNet": 50000000,
    "incomeBeforeTax": 860000000,
    "incomeBeforeTaxRatio": 0.2394209354,
    "incomeTaxExpense": 205000000,
    "netIncome": 655000000,
    "netIncomeRatio": 0.1823496659,
    "eps": 0.41,
    "epsdiluted": 0.4,
    "weightedAverageShsOut": 1604000000,
    "weightedAverageShsOutDil": 1638000000,
    "link": "https://www.sec.gov/Archives/edgar/data/97476/000119312506041333/0001193125-06-041333-index.htm",
    "finalLink": "https://www.sec.gov/Archives/edgar/data/97476/000119312506041333/d10k.htm"
  },
  {
    "date": "2005-09-30",
    "symbol": "TXN",
    "reportedCurrency": "USD",
    "cik": "0000097476",
    "fillingDate": "2005-11-03",
    "acceptedDate": "2005-11-03 17:21:55",
    "calendarYear": "2005",
    "period": "Q3",
    "revenue": 3590000000,
    "costOfRevenue": 1819000000,
    "grossProfit": 1771000000,
    "grossProfitRatio": 0.4933147632,
    "researchAndDevelopmentExpenses": 527000000,
    "generalAndAdministrativeExpenses": 0,
    "sellingAndMarketingExpenses": 0,
    "sellingGeneralAndAdministrativeExpenses": 408000000,
    "otherExpenses": 21000000,
    "operatingExpenses": 956000000,
    "costAndExpenses": 2775000000,
    "interestIncome": 0,
    "interestExpense": 0,
    "depreciationAndAmortization": 377000000,
    "ebitda": 1138000000,
    "ebitdaratio": 0.3169916435,
    "operatingIncome": 761000000,
    "operatingIncomeRatio": 0.2119777159,
    "totalOtherIncomeExpensesNet": 47000000,
    "incomeBeforeTax": 808000000,
    "incomeBeforeTaxRatio": 0.2250696379,
    "incomeTaxExpense": 212000000,
    "netIncome": 631000000,
    "netIncomeRatio": 0.1757660167,
    "eps": 0.39,
    "epsdiluted": 0.38,
    "weightedAverageShsOut": 1624000000,
    "weightedAverageShsOutDil": 1663000000,
    "link": "https://www.sec.gov/Archives/edgar/data/97476/000119312505215792/0001193125-05-215792-index.htm",
    "finalLink": "https://www.sec.gov/Archives/edgar/data/97476/000119312505215792/d10q.htm"
  },
  {
    "date": "2005-06-30",
    "symbol": "TXN",
    "reportedCurrency": "USD",
    "cik": "0000097476",
    "fillingDate": "2005-08-04",
    "acceptedDate": "2005-08-04 16:42:32",
    "calendarYear": "2005",
    "period": "Q2",
    "revenue": 3239000000,
    "costOfRevenue": 1718000000,
    "grossProfit": 1521000000,
    "grossProfitRatio": 0.4695893794,
    "researchAndDevelopmentExpenses": 493000000,
    "generalAndAdministrativeExpenses": 0,
    "sellingAndMarketingExpenses": 0,
    "sellingGeneralAndAdministrativeExpenses": 339000000,
    "otherExpenses": 20000000,
    "operatingExpenses": 852000000,
    "costAndExpenses": 2570000000,
    "interestIncome": 0,
    "interestExpense": 0,
    "depreciationAndAmortization": 383000000,
    "ebitda": 985000000,
    "ebitdaratio": 0.3041062056,
    "operatingIncome": 669000000,
    "operatingIncomeRatio": 0.20654523,
    "totalOtherIncomeExpensesNet": 54000000,
    "incomeBeforeTax": 723000000,
    "incomeBeforeTaxRatio": 0.2232170423,
    "incomeTaxExpense": 95000000,
    "netIncome": 628000000,
    "netIncomeRatio": 0.1938870022,
    "eps": 0.38,
    "epsdiluted": 0.38,
    "weightedAverageShsOut": 1633000000,
    "weightedAverageShsOutDil": 1669000000,
    "link": "https://www.sec.gov/Archives/edgar/data/97476/000119312505157836/0001193125-05-157836-index.htm",
    "finalLink": "https://www.sec.gov/Archives/edgar/data/97476/000119312505157836/d10q.htm"
  },
  {
    "date": "2005-03-31",
    "symbol": "TXN",
    "reportedCurrency": "USD",
    "cik": "0000097476",
    "fillingDate": "2005-05-05",
    "acceptedDate": "2005-05-05 10:12:03",
    "calendarYear": "2005",
    "period": "Q1",
    "revenue": 2972000000,
    "costOfRevenue": 1636000000,
    "grossProfit": 1336000000,
    "grossProfitRatio": 0.4495289367,
    "researchAndDevelopmentExpenses": 495000000,
    "generalAndAdministrativeExpenses": 0,
    "sellingAndMarketingExpenses": 0,
    "sellingGeneralAndAdministrativeExpenses": 344000000,
    "otherExpenses": 0,
    "operatingExpenses": 839000000,
    "costAndExpenses": 2475000000,
    "interestIncome": 0,
    "interestExpense": 0,
    "depreciationAndAmortization": 362000000,
    "ebitda": 882000000,
    "ebitdaratio": 0.296769852,
    "operatingIncome": 497000000,
    "operatingIncomeRatio": 0.1672274563,
    "totalOtherIncomeExpensesNet": 46000000,
    "incomeBeforeTax": 543000000,
    "incomeBeforeTaxRatio": 0.182705249,
    "incomeTaxExpense": 132000000,
    "netIncome": 411000000,
    "netIncomeRatio": 0.1382907133,
    "eps": 0.24,
    "epsdiluted": 0.24,
    "weightedAverageShsOut": 1701000000,
    "weightedAverageShsOutDil": 1735000000,
    "link": "https://www.sec.gov/Archives/edgar/data/97476/000119312505096765/0001193125-05-096765-index.htm",
    "finalLink": "https://www.sec.gov/Archives/edgar/data/97476/000119312505096765/d10q.htm"
  },
  {
    "date": "2004-12-31",
    "symbol": "TXN",
    "reportedCurrency": "USD",
    "cik": "0000097476",
    "fillingDate": "2005-02-28",
    "acceptedDate": "2005-02-28 16:11:59",
    "calendarYear": "2004",
    "period": "Q4",
    "revenue": 3153000000,
    "costOfRevenue": 1819000000,
    "grossProfit": 1334000000,
    "grossProfitRatio": 0.4230891215,
    "researchAndDevelopmentExpenses": 488000000,
    "generalAndAdministrativeExpenses": 0,
    "sellingAndMarketingExpenses": 0,
    "sellingGeneralAndAdministrativeExpenses": 362000000,
    "otherExpenses": 0,
    "operatingExpenses": 850000000,
    "costAndExpenses": 2669000000,
    "interestIncome": 0,
    "interestExpense": 0,
    "depreciationAndAmortization": 406000000,
    "ebitda": 890000000,
    "ebitdaratio": 0.2822708532,
    "operatingIncome": 484000000,
    "operatingIncomeRatio": 0.1535045988,
    "totalOtherIncomeExpensesNet": 84000000,
    "incomeBeforeTax": 568000000,
    "incomeBeforeTaxRatio": 0.1801458928,
    "incomeTaxExpense": 78000000,
    "netIncome": 490000000,
    "netIncomeRatio": 0.1554075484,
    "eps": 0.29,
    "epsdiluted": 0.28,
    "weightedAverageShsOut": 1724000000,
    "weightedAverageShsOutDil": 1759000000,
    "link": "https://www.sec.gov/Archives/edgar/data/97476/000119312505038623/0001193125-05-038623-index.htm",
    "finalLink": "https://www.sec.gov/Archives/edgar/data/97476/000119312505038623/d10k.htm"
  },
  {
    "date": "2004-09-30",
    "symbol": "TXN",
    "reportedCurrency": "USD",
    "cik": "0000097476",
    "fillingDate": "2004-11-04",
    "acceptedDate": "2004-11-04 17:09:18",
    "calendarYear": "2004",
    "period": "Q3",
    "revenue": 3250000000,
    "costOfRevenue": 1761000000,
    "grossProfit": 1489000000,
    "grossProfitRatio": 0.4581538462,
    "researchAndDevelopmentExpenses": 483000000,
    "generalAndAdministrativeExpenses": 0,
    "sellingAndMarketingExpenses": 0,
    "sellingGeneralAndAdministrativeExpenses": 349000000,
    "otherExpenses": 0,
    "operatingExpenses": 832000000,
    "costAndExpenses": 2593000000,
    "interestIncome": 0,
    "interestExpense": 0,
    "depreciationAndAmortization": 394000000,
    "ebitda": 1051000000,
    "ebitdaratio": 0.3233846154,
    "operatingIncome": 657000000,
    "operatingIncomeRatio": 0.2021538462,
    "totalOtherIncomeExpensesNet": 58000000,
    "incomeBeforeTax": 715000000,
    "incomeBeforeTaxRatio": 0.22,
    "incomeTaxExpense": 152000000,
    "netIncome": 563000000,
    "netIncomeRatio": 0.1732307692,
    "eps": 0.33,
    "epsdiluted": 0.32,
    "weightedAverageShsOut": 1730000000,
    "weightedAverageShsOutDil": 1759000000,
    "link": "https://www.sec.gov/Archives/edgar/data/97476/000119312504186448/0001193125-04-186448-index.htm",
    "finalLink": "https://www.sec.gov/Archives/edgar/data/97476/000119312504186448/d10q.htm"
  },
  {
    "date": "2004-06-30",
    "symbol": "TXN",
    "reportedCurrency": "USD",
    "cik": "0000097476",
    "fillingDate": "2004-07-30",
    "acceptedDate": "2004-07-30 16:24:00",
    "calendarYear": "2004",
    "period": "Q2",
    "revenue": 3241000000,
    "costOfRevenue": 1760000000,
    "grossProfit": 1481000000,
    "grossProfitRatio": 0.4569577291,
    "researchAndDevelopmentExpenses": 514000000,
    "generalAndAdministrativeExpenses": 0,
    "sellingAndMarketingExpenses": 0,
    "sellingGeneralAndAdministrativeExpenses": 375000000,
    "otherExpenses": 0,
    "operatingExpenses": 889000000,
    "costAndExpenses": 2649000000,
    "interestIncome": 0,
    "interestExpense": 0,
    "depreciationAndAmortization": 382000000,
    "ebitda": 974000000,
    "ebitdaratio": 0.3005245295,
    "operatingIncome": 592000000,
    "operatingIncomeRatio": 0.1826596729,
    "totalOtherIncomeExpensesNet": 30000000,
    "incomeBeforeTax": 622000000,
    "incomeBeforeTaxRatio": 0.1919160753,
    "incomeTaxExpense": 181000000,
    "netIncome": 441000000,
    "netIncomeRatio": 0.1360691145,
    "eps": 0.25,
    "epsdiluted": 0.25,
    "weightedAverageShsOut": 1764000000,
    "weightedAverageShsOutDil": 1764000000,
    "link": "https://www.sec.gov/Archives/edgar/data/97476/000119312504128207/0001193125-04-128207-index.htm",
    "finalLink": "https://www.sec.gov/Archives/edgar/data/97476/000119312504128207/d10q.htm"
  },
  {
    "date": "2004-03-31",
    "symbol": "TXN",
    "reportedCurrency": "USD",
    "cik": "0000097476",
    "fillingDate": "2004-04-28",
    "acceptedDate": "2004-04-28 11:42:59",
    "calendarYear": "2004",
    "period": "Q1",
    "revenue": 2936000000,
    "costOfRevenue": 1614000000,
    "grossProfit": 1322000000,
    "grossProfitRatio": 0.4502724796,
    "researchAndDevelopmentExpenses": 494000000,
    "generalAndAdministrativeExpenses": 0,
    "sellingAndMarketingExpenses": 0,
    "sellingGeneralAndAdministrativeExpenses": 354000000,
    "otherExpenses": 0,
    "operatingExpenses": 848000000,
    "costAndExpenses": 2462000000,
    "interestIncome": 0,
    "interestExpense": 0,
    "depreciationAndAmortization": 367000000,
    "ebitda": 841000000,
    "ebitdaratio": 0.2864441417,
    "operatingIncome": 474000000,
    "operatingIncomeRatio": 0.1614441417,
    "totalOtherIncomeExpensesNet": 42000000,
    "incomeBeforeTax": 516000000,
    "incomeBeforeTaxRatio": 0.1757493188,
    "incomeTaxExpense": 149000000,
    "netIncome": 367000000,
    "netIncomeRatio": 0.125,
    "eps": 0.21,
    "epsdiluted": 0.21,
    "weightedAverageShsOut": 1733000000,
    "weightedAverageShsOutDil": 1784000000,
    "link": "https://www.sec.gov/Archives/edgar/data/97476/000119312504071834/0001193125-04-071834-index.htm",
    "finalLink": "https://www.sec.gov/Archives/edgar/data/97476/000119312504071834/d10q.htm"
  },
  {
    "date": "2003-12-31",
    "symbol": "TXN",
    "reportedCurrency": "USD",
    "cik": "0000097476",
    "fillingDate": "2004-02-27",
    "acceptedDate": "2004-02-27 16:28:29",
    "calendarYear": "2003",
    "period": "Q4",
    "revenue": 2770000000,
    "costOfRevenue": 1576000000,
    "grossProfit": 1194000000,
    "grossProfitRatio": 0.4310469314,
    "researchAndDevelopmentExpenses": 448000000,
    "generalAndAdministrativeExpenses": 0,
    "sellingAndMarketingExpenses": 0,
    "sellingGeneralAndAdministrativeExpenses": 308000000,
    "otherExpenses": 0,
    "operatingExpenses": 756000000,
    "costAndExpenses": 2332000000,
    "interestIncome": 0,
    "interestExpense": 0,
    "depreciationAndAmortization": 391000000,
    "ebitda": 829000000,
    "ebitdaratio": 0.2992779783,
    "operatingIncome": 438000000,
    "operatingIncomeRatio": 0.1581227437,
    "totalOtherIncomeExpensesNet": 123000000,
    "incomeBeforeTax": 561000000,
    "incomeBeforeTaxRatio": 0.2025270758,
    "incomeTaxExpense": 48000000,
    "netIncome": 513000000,
    "netIncomeRatio": 0.185198556,
    "eps": 0.22,
    "epsdiluted": 0.27,
    "weightedAverageShsOut": 1832629000,
    "weightedAverageShsOutDil": 1890333500,
    "link": "https://www.sec.gov/Archives/edgar/data/97476/000119312504031317/0001193125-04-031317-index.htm",
    "finalLink": "https://www.sec.gov/Archives/edgar/data/97476/000119312504031317/d10k.htm"
  },
  {
    "date": "2003-09-30",
    "symbol": "TXN",
    "reportedCurrency": "USD",
    "cik": "0000097476",
    "fillingDate": "2003-10-27",
    "acceptedDate": "2003-10-27 12:41:13",
    "calendarYear": "2003",
    "period": "Q3",
    "revenue": 2533000000,
    "costOfRevenue": 1503000000,
    "grossProfit": 1030000000,
    "grossProfitRatio": 0.4066324516,
    "researchAndDevelopmentExpenses": 468000000,
    "generalAndAdministrativeExpenses": 0,
    "sellingAndMarketingExpenses": 0,
    "sellingGeneralAndAdministrativeExpenses": 313000000,
    "otherExpenses": 0,
    "operatingExpenses": 781000000,
    "costAndExpenses": 2284000000,
    "interestIncome": 0,
    "interestExpense": 0,
    "depreciationAndAmortization": 382000000,
    "ebitda": 631000000,
    "ebitdaratio": 0.2491117252,
    "operatingIncome": 249000000,
    "operatingIncomeRatio": 0.0983024082,
    "totalOtherIncomeExpensesNet": 135000000,
    "incomeBeforeTax": 384000000,
    "incomeBeforeTaxRatio": 0.1515988946,
    "incomeTaxExpense": -63000000,
    "netIncome": 447000000,
    "netIncomeRatio": 0.1764705882,
    "eps": 0.26,
    "epsdiluted": 0.25,
    "weightedAverageShsOut": 1719230769,
    "weightedAverageShsOutDil": 1788000000,
    "link": "https://www.sec.gov/Archives/edgar/data/97476/000119312503067434/0001193125-03-067434-index.htm",
    "finalLink": "https://www.sec.gov/Archives/edgar/data/97476/000119312503067434/d10q.htm"
  },
  {
    "date": "2003-06-30",
    "symbol": "TXN",
    "reportedCurrency": "USD",
    "cik": "0000097476",
    "fillingDate": "2003-07-28",
    "acceptedDate": "2003-07-28 16:41:12",
    "calendarYear": "2003",
    "period": "Q2",
    "revenue": 2339000000,
    "costOfRevenue": 1462000000,
    "grossProfit": 877000000,
    "grossProfitRatio": 0.3749465584,
    "researchAndDevelopmentExpenses": 424000000,
    "generalAndAdministrativeExpenses": 0,
    "sellingAndMarketingExpenses": 0,
    "sellingGeneralAndAdministrativeExpenses": 328000000,
    "otherExpenses": 0,
    "operatingExpenses": 752000000,
    "costAndExpenses": 2214000000,
    "interestIncome": 0,
    "interestExpense": 0,
    "depreciationAndAmortization": 381000000,
    "ebitda": 506000000,
    "ebitdaratio": 0.2163317657,
    "operatingIncome": 125000000,
    "operatingIncomeRatio": 0.0534416417,
    "totalOtherIncomeExpensesNet": 26000000,
    "incomeBeforeTax": 151000000,
    "incomeBeforeTaxRatio": 0.0645575032,
    "incomeTaxExpense": 30000000,
    "netIncome": 121000000,
    "netIncomeRatio": 0.0517315092,
    "eps": 0.07,
    "epsdiluted": 0.07,
    "weightedAverageShsOut": 1728571429,
    "weightedAverageShsOutDil": 1728571429,
    "link": "https://www.sec.gov/Archives/edgar/data/97476/000119312503024778/0001193125-03-024778-index.htm",
    "finalLink": "https://www.sec.gov/Archives/edgar/data/97476/000119312503024778/d10q.htm"
  },
  {
    "date": "2003-03-31",
    "symbol": "TXN",
    "reportedCurrency": "USD",
    "cik": "0000097476",
    "fillingDate": "2003-04-25",
    "acceptedDate": "2003-04-25 14:32:44",
    "calendarYear": "2003",
    "period": "Q1",
    "revenue": 2192000000,
    "costOfRevenue": 1330000000,
    "grossProfit": 862000000,
    "grossProfitRatio": 0.3932481752,
    "researchAndDevelopmentExpenses": 408000000,
    "generalAndAdministrativeExpenses": 0,
    "sellingAndMarketingExpenses": 0,
    "sellingGeneralAndAdministrativeExpenses": 301000000,
    "otherExpenses": 0,
    "operatingExpenses": 709000000,
    "costAndExpenses": 2039000000,
    "interestIncome": 0,
    "interestExpense": 0,
    "depreciationAndAmortization": 374000000,
    "ebitda": 527000000,
    "ebitdaratio": 0.240419708,
    "operatingIncome": 153000000,
    "operatingIncomeRatio": 0.0697992701,
    "totalOtherIncomeExpensesNet": 1000000,
    "incomeBeforeTax": 154000000,
    "incomeBeforeTaxRatio": 0.0702554745,
    "incomeTaxExpense": 37000000,
    "netIncome": 117000000,
    "netIncomeRatio": 0.0533759124,
    "eps": 0.07,
    "epsdiluted": 0.07,
    "weightedAverageShsOut": 1671428571,
    "weightedAverageShsOutDil": 1671428571,
    "link": "https://www.sec.gov/Archives/edgar/data/97476/000119312503002021/0001193125-03-002021-index.htm",
    "finalLink": "https://www.sec.gov/Archives/edgar/data/97476/000119312503002021/d10q.htm"
  },
  {
    "date": "2002-12-31",
    "symbol": "TXN",
    "reportedCurrency": "USD",
    "cik": "0000097476",
    "fillingDate": "2003-03-03",
    "acceptedDate": "2003-03-03 08:42:46",
    "calendarYear": "2002",
    "period": "Q4",
    "revenue": 2146000000,
    "costOfRevenue": 1377000000,
    "grossProfit": 769000000,
    "grossProfitRatio": 0.3583410997,
    "researchAndDevelopmentExpenses": 412000000,
    "generalAndAdministrativeExpenses": 0,
    "sellingAndMarketingExpenses": 0,
    "sellingGeneralAndAdministrativeExpenses": 288000000,
    "otherExpenses": 2000000,
    "operatingExpenses": 702000000,
    "costAndExpenses": 2079000000,
    "interestIncome": 0,
    "interestExpense": 0,
    "depreciationAndAmortization": 425000000,
    "ebitda": 492000000,
    "ebitdaratio": 0.2292637465,
    "operatingIncome": 67000000,
    "operatingIncomeRatio": 0.031220876,
    "totalOtherIncomeExpensesNet": -634000000,
    "incomeBeforeTax": -567000000,
    "incomeBeforeTaxRatio": -0.2642124884,
    "incomeTaxExpense": 22000000,
    "netIncome": -589000000,
    "netIncomeRatio": -0.2744641193,
    "eps": -0.36,
    "epsdiluted": -0.36,
    "weightedAverageShsOut": 1630000000,
    "weightedAverageShsOutDil": 1630000000,
    "link": "https://www.sec.gov/Archives/edgar/data/97476/000093066103000885/0000930661-03-000885-index.htm",
    "finalLink": "https://www.sec.gov/Archives/edgar/data/97476/000093066103000885/d10k.htm"
  },
  {
    "date": "2002-09-30",
    "symbol": "TXN",
    "reportedCurrency": "USD",
    "cik": "0000097476",
    "fillingDate": "2002-11-12",
    "acceptedDate": "2002-11-12 08:19:11",
    "calendarYear": "2002",
    "period": "Q3",
    "revenue": 2248000000,
    "costOfRevenue": 1413000000,
    "grossProfit": 835000000,
    "grossProfitRatio": 0.3714412811,
    "researchAndDevelopmentExpenses": 415000000,
    "generalAndAdministrativeExpenses": 0,
    "sellingAndMarketingExpenses": 0,
    "sellingGeneralAndAdministrativeExpenses": 309000000,
    "otherExpenses": 2000000,
    "operatingExpenses": 726000000,
    "costAndExpenses": 2139000000,
    "interestIncome": 0,
    "interestExpense": 0,
    "depreciationAndAmortization": 420000000,
    "ebitda": 529000000,
    "ebitdaratio": 0.2353202847,
    "operatingIncome": 109000000,
    "operatingIncomeRatio": 0.0484875445,
    "totalOtherIncomeExpensesNet": 43000000,
    "incomeBeforeTax": 152000000,
    "incomeBeforeTaxRatio": 0.0676156584,
    "incomeTaxExpense": -36000000,
    "netIncome": 188000000,
    "netIncomeRatio": 0.0836298932,
    "eps": 0.11,
    "epsdiluted": 0.11,
    "weightedAverageShsOut": 1709090909,
    "weightedAverageShsOutDil": 1709090909,
    "link": "https://www.sec.gov/Archives/edgar/data/97476/000093066102003820/0000930661-02-003820-index.htm",
    "finalLink": "https://www.sec.gov/Archives/edgar/data/97476/000093066102003820/d10q.htm"
  },
  {
    "date": "2002-06-30",
    "symbol": "TXN",
    "reportedCurrency": "USD",
    "cik": "0000097476",
    "fillingDate": "2002-07-29",
    "acceptedDate": "2002-07-29 17:16:17",
    "calendarYear": "2002",
    "period": "Q2",
    "revenue": 2162000000,
    "costOfRevenue": 1306000000,
    "grossProfit": 856000000,
    "grossProfitRatio": 0.3959296947,
    "researchAndDevelopmentExpenses": 404000000,
    "generalAndAdministrativeExpenses": 0,
    "sellingAndMarketingExpenses": 0,
    "sellingGeneralAndAdministrativeExpenses": 295000000,
    "otherExpenses": 2000000,
    "operatingExpenses": 701000000,
    "costAndExpenses": 2007000000,
    "interestIncome": 0,
    "interestExpense": 0,
    "depreciationAndAmortization": 419000000,
    "ebitda": 574000000,
    "ebitdaratio": 0.2654949121,
    "operatingIncome": 155000000,
    "operatingIncomeRatio": 0.071692877,
    "totalOtherIncomeExpensesNet": -38000000,
    "incomeBeforeTax": 117000000,
    "incomeBeforeTaxRatio": 0.0541165587,
    "incomeTaxExpense": 22000000,
    "netIncome": 95000000,
    "netIncomeRatio": 0.0439407956,
    "eps": 0.05,
    "epsdiluted": 0.05,
    "weightedAverageShsOut": 1900000000,
    "weightedAverageShsOutDil": 1900000000,
    "link": "https://www.sec.gov/Archives/edgar/data/97476/000009747602000023/0000097476-02-000023-index.htm",
    "finalLink": "https://www.sec.gov/Archives/edgar/data/97476/000009747602000023/doc1.txt"
  },
  {
    "date": "2002-03-31",
    "symbol": "TXN",
    "reportedCurrency": "USD",
    "cik": "0000097476",
    "fillingDate": "2002-04-26",
    "acceptedDate": "2002-04-26 00:00:00",
    "calendarYear": "2002",
    "period": "Q1",
    "revenue": 1827000000,
    "costOfRevenue": 1216000000,
    "grossProfit": 611000000,
    "grossProfitRatio": 0.3344280241,
    "researchAndDevelopmentExpenses": 388000000,
    "generalAndAdministrativeExpenses": 0,
    "sellingAndMarketingExpenses": 0,
    "sellingGeneralAndAdministrativeExpenses": 265000000,
    "otherExpenses": 2000000,
    "operatingExpenses": 655000000,
    "costAndExpenses": 1871000000,
    "interestIncome": 0,
    "interestExpense": 0,
    "depreciationAndAmortization": 425000000,
    "ebitda": 381000000,
    "ebitdaratio": 0.2085385878,
    "operatingIncome": -44000000,
    "operatingIncomeRatio": -0.0240831965,
    "totalOtherIncomeExpensesNet": -3000000,
    "incomeBeforeTax": -47000000,
    "incomeBeforeTaxRatio": -0.0257252326,
    "incomeTaxExpense": -9000000,
    "netIncome": -38000000,
    "netIncomeRatio": -0.0207991242,
    "eps": -0.02,
    "epsdiluted": -0.02,
    "weightedAverageShsOut": 1900000000,
    "weightedAverageShsOutDil": 1900000000,
    "link": "https://www.sec.gov/Archives/edgar/data/97476/000009747602000017/0000097476-02-000017-index.htm",
    "finalLink": "https://www.sec.gov/Archives/edgar/data/97476/000009747602000017/doc1.txt"
  },
  {
    "date": "2001-12-31",
    "symbol": "TXN",
    "reportedCurrency": "USD",
    "cik": "0000097476",
    "fillingDate": "2002-03-04",
    "acceptedDate": "2002-03-04 00:00:00",
    "calendarYear": "2001",
    "period": "Q4",
    "revenue": 1787000000,
    "costOfRevenue": 1372000000,
    "grossProfit": 415000000,
    "grossProfitRatio": 0.2322327924,
    "researchAndDevelopmentExpenses": 382000000,
    "generalAndAdministrativeExpenses": 0,
    "sellingAndMarketingExpenses": 0,
    "sellingGeneralAndAdministrativeExpenses": 301000000,
    "otherExpenses": 0,
    "operatingExpenses": 683000000,
    "costAndExpenses": 2055000000,
    "interestIncome": 0,
    "interestExpense": 0,
    "depreciationAndAmortization": 510000000,
    "ebitda": 242000000,
    "ebitdaratio": 0.1354224958,
    "operatingIncome": -268000000,
    "operatingIncomeRatio": -0.1499720201,
    "totalOtherIncomeExpensesNet": 0,
    "incomeBeforeTax": -268000000,
    "incomeBeforeTaxRatio": -0.1499720201,
    "incomeTaxExpense": -152000000,
    "netIncome": -116000000,
    "netIncomeRatio": -0.0649132625,
    "eps": -0.0725,
    "epsdiluted": -0.0725,
    "weightedAverageShsOut": 1600000000,
    "weightedAverageShsOutDil": 1600000000,
    "link": "https://www.sec.gov/Archives/edgar/data/97476/000009747602000011/0000097476-02-000011-index.htm",
    "finalLink": "https://www.sec.gov/Archives/edgar/data/97476/000009747602000011/doc1.txt"
  },
  {
    "date": "2001-09-30",
    "symbol": "TXN",
    "reportedCurrency": "USD",
    "cik": "0000097476",
    "fillingDate": "2001-10-24",
    "acceptedDate": "2001-10-24 00:00:00",
    "calendarYear": "2001",
    "period": "Q3",
    "revenue": 1849000000,
    "costOfRevenue": 1424000000,
    "grossProfit": 425000000,
    "grossProfitRatio": 0.2298539751,
    "researchAndDevelopmentExpenses": 358000000,
    "generalAndAdministrativeExpenses": 0,
    "sellingAndMarketingExpenses": 0,
    "sellingGeneralAndAdministrativeExpenses": 312000000,
    "otherExpenses": 0,
    "operatingExpenses": 670000000,
    "costAndExpenses": 2094000000,
    "interestIncome": 0,
    "interestExpense": 0,
    "depreciationAndAmortization": 470000000,
    "ebitda": 225000000,
    "ebitdaratio": 0.1216873986,
    "operatingIncome": -245000000,
    "operatingIncomeRatio": -0.1325040562,
    "totalOtherIncomeExpensesNet": 22000000,
    "incomeBeforeTax": -223000000,
    "incomeBeforeTaxRatio": -0.1206057328,
    "incomeTaxExpense": -106000000,
    "netIncome": -117000000,
    "netIncomeRatio": -0.0632774473,
    "eps": -0.07,
    "epsdiluted": -0.07,
    "weightedAverageShsOut": 1671428571,
    "weightedAverageShsOutDil": 1671428571,
    "link": "https://www.sec.gov/Archives/edgar/data/97476/000009747601500025/0000097476-01-500025-index.htm",
    "finalLink": "https://www.sec.gov/Archives/edgar/data/97476/000009747601500025/doc1.txt"
  },
  {
    "date": "2001-06-30",
    "symbol": "TXN",
    "reportedCurrency": "USD",
    "cik": "0000097476",
    "fillingDate": "2001-07-27",
    "acceptedDate": "2001-07-27 00:00:00",
    "calendarYear": "2001",
    "period": "Q2",
    "revenue": 2037000000,
    "costOfRevenue": 1523000000,
    "grossProfit": 514000000,
    "grossProfitRatio": 0.2523318606,
    "researchAndDevelopmentExpenses": 412000000,
    "generalAndAdministrativeExpenses": 0,
    "sellingAndMarketingExpenses": 0,
    "sellingGeneralAndAdministrativeExpenses": 400000000,
    "otherExpenses": 0,
    "operatingExpenses": 812000000,
    "costAndExpenses": 2335000000,
    "interestIncome": 0,
    "interestExpense": 0,
    "depreciationAndAmortization": 445000000,
    "ebitda": 147000000,
    "ebitdaratio": 0.0721649485,
    "operatingIncome": -298000000,
    "operatingIncomeRatio": -0.146293569,
    "totalOtherIncomeExpensesNet": 42000000,
    "incomeBeforeTax": -256000000,
    "incomeBeforeTaxRatio": -0.1256750123,
    "incomeTaxExpense": -59000000,
    "netIncome": -197000000,
    "netIncomeRatio": -0.0967108493,
    "eps": -0.11,
    "epsdiluted": -0.11,
    "weightedAverageShsOut": 1790909091,
    "weightedAverageShsOutDil": 1790909091,
    "link": "https://www.sec.gov/Archives/edgar/data/97476/000009747601500014/0000097476-01-500014-index.htm",
    "finalLink": "https://www.sec.gov/Archives/edgar/data/97476/000009747601500014/doc1.txt"
  },
  {
    "date": "2001-03-31",
    "symbol": "TXN",
    "reportedCurrency": "USD",
    "cik": "0000097476",
    "fillingDate": "2001-04-27",
    "acceptedDate": "2001-04-27 00:00:00",
    "calendarYear": "2001",
    "period": "Q1",
    "revenue": 2528000000,
    "costOfRevenue": 1505000000,
    "grossProfit": 1023000000,
    "grossProfitRatio": 0.4046677215,
    "researchAndDevelopmentExpenses": 446000000,
    "generalAndAdministrativeExpenses": 0,
    "sellingAndMarketingExpenses": 0,
    "sellingGeneralAndAdministrativeExpenses": 348000000,
    "otherExpenses": 0,
    "operatingExpenses": 794000000,
    "costAndExpenses": 2299000000,
    "interestIncome": 0,
    "interestExpense": 0,
    "depreciationAndAmortization": 403000000,
    "ebitda": 632000000,
    "ebitdaratio": 0.25,
    "operatingIncome": 229000000,
    "operatingIncomeRatio": 0.090585443,
    "totalOtherIncomeExpensesNet": 91000000,
    "incomeBeforeTax": 320000000,
    "incomeBeforeTaxRatio": 0.1265822785,
    "incomeTaxExpense": 90000000,
    "netIncome": 230000000,
    "netIncomeRatio": 0.0909810127,
    "eps": 0.13,
    "epsdiluted": 0.13,
    "weightedAverageShsOut": 1769230769,
    "weightedAverageShsOutDil": 1769230769,
    "link": "https://www.sec.gov/Archives/edgar/data/97476/000009747601500004/0000097476-01-500004-index.htm",
    "finalLink": "https://www.sec.gov/Archives/edgar/data/97476/000009747601500004/doc1.txt"
  },
  {
    "date": "2000-12-31",
    "symbol": "TXN",
    "reportedCurrency": "USD",
    "cik": "0000097476",
    "fillingDate": "2001-02-28",
    "acceptedDate": "2001-02-28 00:00:00",
    "calendarYear": "2000",
    "period": "Q4",
    "revenue": 3024000000,
    "costOfRevenue": 1572000000,
    "grossProfit": 1452000000,
    "grossProfitRatio": 0.4801587302,
    "researchAndDevelopmentExpenses": 441000000,
    "generalAndAdministrativeExpenses": 0,
    "sellingAndMarketingExpenses": 0,
    "sellingGeneralAndAdministrativeExpenses": 401000000,
    "otherExpenses": 0,
    "operatingExpenses": 842000000,
    "costAndExpenses": 2414000000,
    "interestIncome": 0,
    "interestExpense": 0,
    "depreciationAndAmortization": -274000000,
    "ebitda": 336000000,
    "ebitdaratio": 0.1111111111,
    "operatingIncome": 610000000,
    "operatingIncomeRatio": 0.2017195767,
    "totalOtherIncomeExpensesNet": 257000000,
    "incomeBeforeTax": 867000000,
    "incomeBeforeTaxRatio": 0.2867063492,
    "incomeTaxExpense": 205000000,
    "netIncome": 633000000,
    "netIncomeRatio": 0.2093253968,
    "eps": 0.38,
    "epsdiluted": 0.37,
    "weightedAverageShsOut": 1733498112,
    "weightedAverageShsOutDil": 2014804374,
    "link": "https://www.sec.gov/Archives/edgar/data/97476/000009747601000007/0000097476-01-000007-index.htm",
    "finalLink": "https://www.sec.gov/Archives/edgar/data/97476/000009747601000007/0000097476-01-000007-0001.txt"
  },
  {
    "date": "2000-09-30",
    "symbol": "TXN",
    "reportedCurrency": "USD",
    "cik": "0000097476",
    "fillingDate": "2000-10-24",
    "acceptedDate": "2000-10-24 00:00:00",
    "calendarYear": "2000",
    "period": "Q3",
    "revenue": 3160000000,
    "costOfRevenue": 1644000000,
    "grossProfit": 1516000000,
    "grossProfitRatio": 0.4797468354,
    "researchAndDevelopmentExpenses": 533000000,
    "generalAndAdministrativeExpenses": 0,
    "sellingAndMarketingExpenses": 0,
    "sellingGeneralAndAdministrativeExpenses": 453000000,
    "otherExpenses": 0,
    "operatingExpenses": 986000000,
    "costAndExpenses": 2623000000,
    "interestIncome": 0,
    "interestExpense": 0,
    "depreciationAndAmortization": -565000000,
    "ebitda": -35000000,
    "ebitdaratio": -0.0110759494,
    "operatingIncome": 530000000,
    "operatingIncomeRatio": 0.167721519,
    "totalOtherIncomeExpensesNet": 548000000,
    "incomeBeforeTax": 1078000000,
    "incomeBeforeTaxRatio": 0.3411392405,
    "incomeTaxExpense": 399000000,
    "netIncome": 679000000,
    "netIncomeRatio": 0.2148734177,
    "eps": 0.39,
    "epsdiluted": 0.38,
    "weightedAverageShsOut": 1720890000,
    "weightedAverageShsOutDil": 1720890000,
    "link": "https://www.sec.gov/Archives/edgar/data/97476/000091205700045698/0000912057-00-045698-index.htm",
    "finalLink": "https://www.sec.gov/Archives/edgar/data/97476/000091205700045698/a2028439z10-q.txt"
  },
  {
    "date": "2000-06-30",
    "symbol": "TXN",
    "reportedCurrency": "USD",
    "cik": "0000097476",
    "fillingDate": "2000-07-27",
    "acceptedDate": "2000-07-27 00:00:00",
    "calendarYear": "2000",
    "period": "Q2",
    "revenue": 2843000000,
    "costOfRevenue": 1486000000,
    "grossProfit": 1395000000,
    "grossProfitRatio": 0.4906788604,
    "researchAndDevelopmentExpenses": 400000000,
    "generalAndAdministrativeExpenses": 0,
    "sellingAndMarketingExpenses": 0,
    "sellingGeneralAndAdministrativeExpenses": 400000000,
    "otherExpenses": 1000000,
    "operatingExpenses": 801000000,
    "costAndExpenses": 2287000000,
    "interestIncome": 0,
    "interestExpense": 0,
    "depreciationAndAmortization": -1341000000,
    "ebitda": -718000000,
    "ebitdaratio": -0.2525501231,
    "operatingIncome": 623000000,
    "operatingIncomeRatio": 0.2191347168,
    "totalOtherIncomeExpensesNet": 1326000000,
    "incomeBeforeTax": 1971000000,
    "incomeBeforeTaxRatio": 0.6932817446,
    "incomeTaxExpense": 669000000,
    "netIncome": 1296000000,
    "netIncomeRatio": 0.4558564896,
    "eps": 0.76,
    "epsdiluted": 0.72,
    "weightedAverageShsOut": 1712756000,
    "weightedAverageShsOutDil": 1793888000,
    "link": "https://www.sec.gov/Archives/edgar/data/97476/000091205700033442/0000912057-00-033442-index.htm",
    "finalLink": "https://www.sec.gov/Archives/edgar/data/97476/000091205700033442/a10-q.txt"
  },
  {
    "date": "2000-03-31",
    "symbol": "TXN",
    "reportedCurrency": "USD",
    "cik": "0000097476",
    "fillingDate": "2000-04-21",
    "acceptedDate": "2000-04-21 00:00:00",
    "calendarYear": "2000",
    "period": "Q1",
    "revenue": 2761000000,
    "costOfRevenue": 1420000000,
    "grossProfit": 1341000000,
    "grossProfitRatio": 0.4856935893,
    "researchAndDevelopmentExpenses": 401000000,
    "generalAndAdministrativeExpenses": 0,
    "sellingAndMarketingExpenses": 0,
    "sellingGeneralAndAdministrativeExpenses": 388000000,
    "otherExpenses": -2000000,
    "operatingExpenses": 787000000,
    "costAndExpenses": 2207000000,
    "interestIncome": 0,
    "interestExpense": 0,
    "depreciationAndAmortization": -124000000,
    "ebitda": 398000000,
    "ebitdaratio": 0.14415067,
    "operatingIncome": 554000000,
    "operatingIncomeRatio": 0.2006519377,
    "totalOtherIncomeExpensesNet": 107000000,
    "incomeBeforeTax": 661000000,
    "incomeBeforeTaxRatio": 0.2394060123,
    "incomeTaxExpense": 211000000,
    "netIncome": 421000000,
    "netIncomeRatio": 0.1524809852,
    "eps": 0.25,
    "epsdiluted": 0.24,
    "weightedAverageShsOut": 1632114000,
    "weightedAverageShsOutDil": 1703236000,
    "link": "https://www.sec.gov/Archives/edgar/data/97476/000091205700019075/0000912057-00-019075-index.html",
    "finalLink": "https://www.sec.gov/Archives/edgar/data/97476/000091205700019075/"
  },
  {
    "date": "1999-12-31",
    "symbol": "TXN",
    "reportedCurrency": "USD",
    "cik": "0000097476",
    "fillingDate": "2000-03-03",
    "acceptedDate": "2000-03-03 00:00:00",
    "calendarYear": "1999",
    "period": "Q4",
    "revenue": 2698000000,
    "costOfRevenue": 1376000000,
    "grossProfit": 1322000000,
    "grossProfitRatio": 0.4899925871,
    "researchAndDevelopmentExpenses": 337000000,
    "generalAndAdministrativeExpenses": 0,
    "sellingAndMarketingExpenses": 0,
    "sellingGeneralAndAdministrativeExpenses": 478000000,
    "otherExpenses": 0,
    "operatingExpenses": 815000000,
    "costAndExpenses": 2191000000,
    "interestIncome": 0,
    "interestExpense": 0,
    "depreciationAndAmortization": -103000000,
    "ebitda": 404000000,
    "ebitdaratio": 0.1497405486,
    "operatingIncome": 507000000,
    "operatingIncomeRatio": 0.1879169755,
    "totalOtherIncomeExpensesNet": 83000000,
    "incomeBeforeTax": 590000000,
    "incomeBeforeTaxRatio": 0.2186805041,
    "incomeTaxExpense": 134000000,
    "netIncome": 456000000,
    "netIncomeRatio": 0.1690140845,
    "eps": 0.26,
    "epsdiluted": 0.25,
    "weightedAverageShsOut": 1723207209,
    "weightedAverageShsOutDil": 1774883084,
    "link": "https://www.sec.gov/Archives/edgar/data/97476/000009747600000006/0000097476-00-000006-index.html",
    "finalLink": "https://www.sec.gov/Archives/edgar/data/97476/000009747600000006/"
  },
  {
    "date": "1999-09-30",
    "symbol": "TXN",
    "reportedCurrency": "USD",
    "cik": "0000097476",
    "fillingDate": "1999-11-08",
    "acceptedDate": "1999-11-08 00:00:00",
    "calendarYear": "1999",
    "period": "Q3",
    "revenue": 2385000000,
    "costOfRevenue": 1307000000,
    "grossProfit": 1138000000,
    "grossProfitRatio": 0.477148847,
    "researchAndDevelopmentExpenses": 350000000,
    "generalAndAdministrativeExpenses": 0,
    "sellingAndMarketingExpenses": 0,
    "sellingGeneralAndAdministrativeExpenses": 372000000,
    "otherExpenses": 26000000,
    "operatingExpenses": 748000000,
    "costAndExpenses": 2055000000,
    "interestIncome": 0,
    "interestExpense": 0,
    "depreciationAndAmortization": -153000000,
    "ebitda": 283000000,
    "ebitdaratio": 0.1186582809,
    "operatingIncome": 452000000,
    "operatingIncomeRatio": 0.1895178197,
    "totalOtherIncomeExpensesNet": 138000000,
    "incomeBeforeTax": 586000000,
    "incomeBeforeTaxRatio": 0.2457023061,
    "incomeTaxExpense": 188000000,
    "netIncome": 402000000,
    "netIncomeRatio": 0.1685534591,
    "eps": 0.24,
    "epsdiluted": 0.23,
    "weightedAverageShsOut": 1680748000,
    "weightedAverageShsOutDil": 1750686000,
    "link": "https://www.sec.gov/Archives/edgar/data/97476/000009747699000019/0000097476-99-000019-index.html",
    "finalLink": "https://www.sec.gov/Archives/edgar/data/97476/000009747699000019/"
  },
  {
    "date": "1999-06-30",
    "symbol": "TXN",
    "reportedCurrency": "USD",
    "cik": "0000097476",
    "fillingDate": "1999-08-13",
    "acceptedDate": "1999-08-13 00:00:00",
    "calendarYear": "1999",
    "period": "Q2",
    "revenue": 2395000000,
    "costOfRevenue": 1222000000,
    "grossProfit": 1149000000,
    "grossProfitRatio": 0.4797494781,
    "researchAndDevelopmentExpenses": 365000000,
    "generalAndAdministrativeExpenses": 0,
    "sellingAndMarketingExpenses": 0,
    "sellingGeneralAndAdministrativeExpenses": 336000000,
    "otherExpenses": 9000000,
    "operatingExpenses": 710000000,
    "costAndExpenses": 1932000000,
    "interestIncome": 0,
    "interestExpense": 0,
    "depreciationAndAmortization": -65000000,
    "ebitda": 389000000,
    "ebitdaratio": 0.1624217119,
    "operatingIncome": 463000000,
    "operatingIncomeRatio": 0.1933194154,
    "totalOtherIncomeExpensesNet": 48000000,
    "incomeBeforeTax": 511000000,
    "incomeBeforeTaxRatio": 0.2133611691,
    "incomeTaxExpense": 177000000,
    "netIncome": 330000000,
    "netIncomeRatio": 0.1377870564,
    "eps": 0.21,
    "epsdiluted": 0.2,
    "weightedAverageShsOut": 1602836000,
    "weightedAverageShsOutDil": 1658655000,
    "link": "https://www.sec.gov/Archives/edgar/data/97476/000095013499007335/0000950134-99-007335-index.html",
    "finalLink": "https://www.sec.gov/Archives/edgar/data/97476/000095013499007335/"
  },
  {
    "date": "1999-03-31",
    "symbol": "TXN",
    "reportedCurrency": "USD",
    "cik": "0000097476",
    "fillingDate": "1999-04-23",
    "acceptedDate": "1999-04-23 00:00:00",
    "calendarYear": "1999",
    "period": "Q1",
    "revenue": 2039000000,
    "costOfRevenue": 1127000000,
    "grossProfit": 912000000,
    "grossProfitRatio": 0.4472780775,
    "researchAndDevelopmentExpenses": 311000000,
    "generalAndAdministrativeExpenses": 0,
    "sellingAndMarketingExpenses": 0,
    "sellingGeneralAndAdministrativeExpenses": 323000000,
    "otherExpenses": 8000000,
    "operatingExpenses": 642000000,
    "costAndExpenses": 1775000000,
    "interestIncome": 0,
    "interestExpense": 0,
    "depreciationAndAmortization": -78000000,
    "ebitda": 205000000,
    "ebitdaratio": 0.1005394801,
    "operatingIncome": 299000000,
    "operatingIncomeRatio": 0.1466405101,
    "totalOtherIncomeExpensesNet": 70000000,
    "incomeBeforeTax": 358000000,
    "incomeBeforeTaxRatio": 0.1755762629,
    "incomeTaxExpense": 110000000,
    "netIncome": 255000000,
    "netIncomeRatio": 0.1250613046,
    "eps": 0.16,
    "epsdiluted": 0.16,
    "weightedAverageShsOut": 1598678000,
    "weightedAverageShsOutDil": 1649334000,
    "link": "https://www.sec.gov/Archives/edgar/data/97476/000009747699000012/0000097476-99-000012-index.html",
    "finalLink": "https://www.sec.gov/Archives/edgar/data/97476/"
  },
  {
    "date": "1998-12-31",
    "symbol": "TXN",
    "reportedCurrency": "USD",
    "cik": "0000097476",
    "fillingDate": "1999-02-22",
    "acceptedDate": "1999-02-22 00:00:00",
    "calendarYear": "1998",
    "period": "Q4",
    "revenue": 1993000000,
    "costOfRevenue": 1113000000,
    "grossProfit": 880000000,
    "grossProfitRatio": 0.4415454089,
    "researchAndDevelopmentExpenses": 281000000,
    "generalAndAdministrativeExpenses": 0,
    "sellingAndMarketingExpenses": 0,
    "sellingGeneralAndAdministrativeExpenses": 328000000,
    "otherExpenses": 0,
    "operatingExpenses": 609000000,
    "costAndExpenses": 1722000000,
    "interestIncome": 0,
    "interestExpense": 0,
    "depreciationAndAmortization": -35000000,
    "ebitda": 236000000,
    "ebitdaratio": 0.1184144506,
    "operatingIncome": 271000000,
    "operatingIncomeRatio": 0.1359759157,
    "totalOtherIncomeExpensesNet": 15000000,
    "incomeBeforeTax": 286000000,
    "incomeBeforeTaxRatio": 0.1435022579,
    "incomeTaxExpense": 97000000,
    "netIncome": 189000000,
    "netIncomeRatio": 0.0948319117,
    "eps": 0.12,
    "epsdiluted": 0.12,
    "weightedAverageShsOut": 1668569769,
    "weightedAverageShsOutDil": 1710941510,
    "link": "https://www.sec.gov/Archives/edgar/data/97476/000009747699000009/0000097476-99-000009-index.html",
    "finalLink": "https://www.sec.gov/Archives/edgar/data/97476/"
  },
  {
    "date": "1998-09-30",
    "symbol": "TXN",
    "reportedCurrency": "USD",
    "cik": "0000097476",
    "fillingDate": "1998-10-22",
    "acceptedDate": "1998-10-22 00:00:00",
    "calendarYear": "1998",
    "period": "Q3",
    "revenue": 2113000000,
    "costOfRevenue": 1308000000,
    "grossProfit": 805000000,
    "grossProfitRatio": 0.3809749172,
    "researchAndDevelopmentExpenses": 291000000,
    "generalAndAdministrativeExpenses": 0,
    "sellingAndMarketingExpenses": 0,
    "sellingGeneralAndAdministrativeExpenses": 311000000,
    "otherExpenses": 0,
    "operatingExpenses": 602000000,
    "costAndExpenses": 1924000000,
    "interestIncome": 0,
    "interestExpense": 0,
    "depreciationAndAmortization": -65000000,
    "ebitda": 138000000,
    "ebitdaratio": 0.0653099858,
    "operatingIncome": 203000000,
    "operatingIncomeRatio": 0.0960719356,
    "totalOtherIncomeExpensesNet": 46000000,
    "incomeBeforeTax": 249000000,
    "incomeBeforeTaxRatio": 0.1178419309,
    "incomeTaxExpense": 85000000,
    "netIncome": 164000000,
    "netIncomeRatio": 0.0776147657,
    "eps": 0.1,
    "epsdiluted": 0.1,
    "weightedAverageShsOut": 1561188000,
    "weightedAverageShsOutDil": 1600226000,
    "link": "https://www.sec.gov/Archives/edgar/data/97476/000009747698000022/0000097476-98-000022-index.html",
    "finalLink": "https://www.sec.gov/Archives/edgar/data/97476/"
  },
  {
    "date": "1998-06-30",
    "symbol": "TXN",
    "reportedCurrency": "USD",
    "cik": "0000097476",
    "fillingDate": "1998-07-23",
    "acceptedDate": "1998-07-23 00:00:00",
    "calendarYear": "1998",
    "period": "Q2",
    "revenue": 2167000000,
    "costOfRevenue": 1456000000,
    "grossProfit": 711000000,
    "grossProfitRatio": 0.3281033687,
    "researchAndDevelopmentExpenses": 306000000,
    "generalAndAdministrativeExpenses": 0,
    "sellingAndMarketingExpenses": 0,
    "sellingGeneralAndAdministrativeExpenses": 457000000,
    "otherExpenses": 0,
    "operatingExpenses": 763000000,
    "costAndExpenses": 2205000000,
    "interestIncome": 0,
    "interestExpense": 0,
    "depreciationAndAmortization": -135000000,
    "ebitda": -187000000,
    "ebitdaratio": -0.0862944162,
    "operatingIncome": -38000000,
    "operatingIncomeRatio": -0.0175357637,
    "totalOtherIncomeExpensesNet": 103000000,
    "incomeBeforeTax": 65000000,
    "incomeBeforeTaxRatio": 0.0299953853,
    "incomeTaxExpense": 22000000,
    "netIncome": 52000000,
    "netIncomeRatio": 0.0239963083,
    "eps": 0.03,
    "epsdiluted": 0.03,
    "weightedAverageShsOut": 1564016000,
    "weightedAverageShsOutDil": 1607572000,
    "link": "https://www.sec.gov/Archives/edgar/data/97476/000009747698000020/0000097476-98-000020-index.html",
    "finalLink": "https://www.sec.gov/Archives/edgar/data/97476/"
  },
  {
    "date": "1998-03-31",
    "symbol": "TXN",
    "reportedCurrency": "USD",
    "cik": "0000097476",
    "fillingDate": "1998-04-17",
    "acceptedDate": "1998-04-17 00:00:00",
    "calendarYear": "1998",
    "period": "Q1",
    "revenue": 2187000000,
    "costOfRevenue": 1517000000,
    "grossProfit": 670000000,
    "grossProfitRatio": 0.3063557385,
    "researchAndDevelopmentExpenses": 328000000,
    "generalAndAdministrativeExpenses": 0,
    "sellingAndMarketingExpenses": 0,
    "sellingGeneralAndAdministrativeExpenses": 364000000,
    "otherExpenses": 0,
    "operatingExpenses": 692000000,
    "costAndExpenses": 2209000000,
    "interestIncome": 0,
    "interestExpense": 0,
    "depreciationAndAmortization": -57000000,
    "ebitda": -79000000,
    "ebitdaratio": -0.0361225423,
    "operatingIncome": -22000000,
    "operatingIncomeRatio": -0.0100594422,
    "totalOtherIncomeExpensesNet": 39000000,
    "incomeBeforeTax": 17000000,
    "incomeBeforeTaxRatio": 0.0077732053,
    "incomeTaxExpense": 6000000,
    "netIncome": 11000000,
    "netIncomeRatio": 0.0050297211,
    "eps": 0.01,
    "epsdiluted": 0.01,
    "weightedAverageShsOut": 1560076000,
    "weightedAverageShsOutDil": 1599920000,
    "link": "https://www.sec.gov/Archives/edgar/data/97476/000009747698000017/0000097476-98-000017-index.html",
    "finalLink": "https://www.sec.gov/Archives/edgar/data/97476/"
  },
  {
    "date": "1997-12-31",
    "symbol": "TXN",
    "reportedCurrency": "USD",
    "cik": "0000097476",
    "fillingDate": "1998-02-23",
    "acceptedDate": "1998-02-23 00:00:00",
    "calendarYear": "1997",
    "period": "Q4",
    "revenue": 2428000000,
    "costOfRevenue": 1480000000,
    "grossProfit": 948000000,
    "grossProfitRatio": 0.3904448105,
    "researchAndDevelopmentExpenses": 741000000,
    "generalAndAdministrativeExpenses": 0,
    "sellingAndMarketingExpenses": 0,
    "sellingGeneralAndAdministrativeExpenses": 407000000,
    "otherExpenses": 0,
    "operatingExpenses": 1148000000,
    "costAndExpenses": 2628000000,
    "interestIncome": 0,
    "interestExpense": 0,
    "depreciationAndAmortization": -65000000,
    "ebitda": -265000000,
    "ebitdaratio": -0.1091433278,
    "operatingIncome": -200000000,
    "operatingIncomeRatio": -0.0823723229,
    "totalOtherIncomeExpensesNet": 44000000,
    "incomeBeforeTax": -156000000,
    "incomeBeforeTaxRatio": -0.0642504119,
    "incomeTaxExpense": 107000000,
    "netIncome": -285000000,
    "netIncomeRatio": -0.1173805601,
    "eps": -0.18,
    "epsdiluted": -0.18,
    "weightedAverageShsOut": 1558984000,
    "weightedAverageShsOutDil": 1594652000,
    "link": "https://www.sec.gov/Archives/edgar/data/97476/000009747698000008/0000097476-98-000008-index.html",
    "finalLink": "https://www.sec.gov/Archives/edgar/data/97476/"
  },
  {
    "date": "1997-09-30",
    "symbol": "TXN",
    "reportedCurrency": "USD",
    "cik": "0000097476",
    "fillingDate": "1997-10-17",
    "acceptedDate": "1997-10-17 00:00:00",
    "calendarYear": "1997",
    "period": "Q3",
    "revenue": 2500000000,
    "costOfRevenue": 1518000000,
    "grossProfit": 982000000,
    "grossProfitRatio": 0.3928,
    "researchAndDevelopmentExpenses": 275000000,
    "generalAndAdministrativeExpenses": 0,
    "sellingAndMarketingExpenses": 0,
    "sellingGeneralAndAdministrativeExpenses": 349000000,
    "otherExpenses": 0,
    "operatingExpenses": 624000000,
    "costAndExpenses": 2142000000,
    "interestIncome": 0,
    "interestExpense": 0,
    "depreciationAndAmortization": -33000000,
    "ebitda": 325000000,
    "ebitdaratio": 0.13,
    "operatingIncome": 358000000,
    "operatingIncomeRatio": 0.1432,
    "totalOtherIncomeExpensesNet": 10000000,
    "incomeBeforeTax": 368000000,
    "incomeBeforeTaxRatio": 0.1472,
    "incomeTaxExpense": 129000000,
    "netIncome": 1712000000,
    "netIncomeRatio": 0.6848,
    "eps": 1.12,
    "epsdiluted": 1.07,
    "weightedAverageShsOut": 1545520000,
    "weightedAverageShsOutDil": 1599792000,
    "link": "https://www.sec.gov/Archives/edgar/data/97476/000009747697000021/0000097476-97-000021-index.html",
    "finalLink": "https://www.sec.gov/Archives/edgar/data/97476/"
  },
  {
    "date": "1997-06-30",
    "symbol": "TXN",
    "reportedCurrency": "USD",
    "cik": "0000097476",
    "fillingDate": "1997-07-18",
    "acceptedDate": "1997-07-18 00:00:00",
    "calendarYear": "1997",
    "period": "Q2",
    "revenue": 2559000000,
    "costOfRevenue": 1597000000,
    "grossProfit": 962000000,
    "grossProfitRatio": 0.3759280969,
    "researchAndDevelopmentExpenses": 280000000,
    "generalAndAdministrativeExpenses": 0,
    "sellingAndMarketingExpenses": 0,
    "sellingGeneralAndAdministrativeExpenses": 395000000,
    "otherExpenses": 0,
    "operatingExpenses": 675000000,
    "costAndExpenses": 2272000000,
    "interestIncome": 0,
    "interestExpense": 0,
    "depreciationAndAmortization": -83000000,
    "ebitda": 204000000,
    "ebitdaratio": 0.0797186401,
    "operatingIncome": 287000000,
    "operatingIncomeRatio": 0.1121531848,
    "totalOtherIncomeExpensesNet": 57000000,
    "incomeBeforeTax": 344000000,
    "incomeBeforeTaxRatio": 0.1344275107,
    "incomeTaxExpense": 120000000,
    "netIncome": 249000000,
    "netIncomeRatio": 0.0973036342,
    "eps": 0.17,
    "epsdiluted": 0.16,
    "weightedAverageShsOut": 1531952000,
    "weightedAverageShsOutDil": 1587656000,
    "link": "https://www.sec.gov/Archives/edgar/data/97476/000009747697000020/0000097476-97-000020-index.html",
    "finalLink": "https://www.sec.gov/Archives/edgar/data/97476/"
  },
  {
    "date": "1997-03-31",
    "symbol": "TXN",
    "reportedCurrency": "USD",
    "cik": "0000097476",
    "fillingDate": "1997-04-18",
    "acceptedDate": "1997-04-18 00:00:00",
    "calendarYear": "1997",
    "period": "Q1",
    "revenue": 2263000000,
    "costOfRevenue": 1472000000,
    "grossProfit": 791000000,
    "grossProfitRatio": 0.3495360141,
    "researchAndDevelopmentExpenses": 239000000,
    "generalAndAdministrativeExpenses": 0,
    "sellingAndMarketingExpenses": 0,
    "sellingGeneralAndAdministrativeExpenses": 381000000,
    "otherExpenses": 0,
    "operatingExpenses": 620000000,
    "costAndExpenses": 2092000000,
    "interestIncome": 0,
    "interestExpense": 0,
    "depreciationAndAmortization": -10000000,
    "ebitda": 161000000,
    "ebitdaratio": 0.0711444985,
    "operatingIncome": 171000000,
    "operatingIncomeRatio": 0.0755634114,
    "totalOtherIncomeExpensesNet": -14000000,
    "incomeBeforeTax": 157000000,
    "incomeBeforeTaxRatio": 0.0693769333,
    "incomeTaxExpense": 55000000,
    "netIncome": 129000000,
    "netIncomeRatio": 0.057003977,
    "eps": 0.09,
    "epsdiluted": 0.09,
    "weightedAverageShsOut": 1525584000,
    "weightedAverageShsOutDil": 1577480000,
    "link": "https://www.sec.gov/Archives/edgar/data/97476/000009747697000009/0000097476-97-000009-index.html",
    "finalLink": "https://www.sec.gov/Archives/edgar/data/97476/"
  },
  {
    "date": "1996-12-31",
    "symbol": "TXN",
    "reportedCurrency": "USD",
    "cik": "0000097476",
    "fillingDate": "1997-02-25",
    "acceptedDate": "1997-02-25 00:00:00",
    "calendarYear": "1996",
    "period": "Q4",
    "revenue": 1179000000,
    "costOfRevenue": 824000000,
    "grossProfit": 355000000,
    "grossProfitRatio": 0.3011026293,
    "researchAndDevelopmentExpenses": 198000000,
    "generalAndAdministrativeExpenses": 0,
    "sellingAndMarketingExpenses": 0,
    "sellingGeneralAndAdministrativeExpenses": 351000000,
    "otherExpenses": 0,
    "operatingExpenses": 549000000,
    "costAndExpenses": 1373000000,
    "interestIncome": 0,
    "interestExpense": 0,
    "depreciationAndAmortization": 3000000,
    "ebitda": -191000000,
    "ebitdaratio": -0.1620016964,
    "operatingIncome": -194000000,
    "operatingIncomeRatio": -0.1645462256,
    "totalOtherIncomeExpensesNet": -28000000,
    "incomeBeforeTax": -222000000,
    "incomeBeforeTaxRatio": -0.1882951654,
    "incomeTaxExpense": -85000000,
    "netIncome": -28000000,
    "netIncomeRatio": -0.0237489398,
    "eps": -0.0184,
    "epsdiluted": -0.0184,
    "weightedAverageShsOut": 1520648000,
    "weightedAverageShsOutDil": 1520648000,
    "link": "https://www.sec.gov/Archives/edgar/data/97476/000009747697000003/0000097476-97-000003-index.html",
    "finalLink": "https://www.sec.gov/Archives/edgar/data/97476/"
  },
  {
    "date": "1996-09-30",
    "symbol": "TXN",
    "reportedCurrency": "USD",
    "cik": "0000097476",
    "fillingDate": "1996-10-18",
    "acceptedDate": "1996-10-18 00:00:00",
    "calendarYear": "1996",
    "period": "Q3",
    "revenue": 2407000000,
    "costOfRevenue": 1743000000,
    "grossProfit": 664000000,
    "grossProfitRatio": 0.275862069,
    "researchAndDevelopmentExpenses": 448000000,
    "generalAndAdministrativeExpenses": 0,
    "sellingAndMarketingExpenses": 0,
    "sellingGeneralAndAdministrativeExpenses": 393000000,
    "otherExpenses": 0,
    "operatingExpenses": 841000000,
    "costAndExpenses": 2584000000,
    "interestIncome": 0,
    "interestExpense": 0,
    "depreciationAndAmortization": -15000000,
    "ebitda": -177000000,
    "ebitdaratio": -0.0735355214,
    "operatingIncome": -125000000,
    "operatingIncomeRatio": -0.0519318654,
    "totalOtherIncomeExpensesNet": -8000000,
    "incomeBeforeTax": -133000000,
    "incomeBeforeTaxRatio": -0.0552555048,
    "incomeTaxExpense": 15000000,
    "netIncome": -147000000,
    "netIncomeRatio": -0.0610718737,
    "eps": -0.0975,
    "epsdiluted": -0.0975,
    "weightedAverageShsOut": 1517784000,
    "weightedAverageShsOutDil": 1517784000,
    "link": "https://www.sec.gov/Archives/edgar/data/97476/000009747696000042/0000097476-96-000042-index.html",
    "finalLink": "https://www.sec.gov/Archives/edgar/data/97476/"
  },
  {
    "date": "1996-06-30",
    "symbol": "TXN",
    "reportedCurrency": "USD",
    "cik": "0000097476",
    "fillingDate": "1996-07-19",
    "acceptedDate": "1996-07-19 00:00:00",
    "calendarYear": "1996",
    "period": "Q2",
    "revenue": 2399000000,
    "costOfRevenue": 1722000000,
    "grossProfit": 677000000,
    "grossProfitRatio": 0.282200917,
    "researchAndDevelopmentExpenses": 235000000,
    "generalAndAdministrativeExpenses": 0,
    "sellingAndMarketingExpenses": 0,
    "sellingGeneralAndAdministrativeExpenses": 402000000,
    "otherExpenses": 0,
    "operatingExpenses": 637000000,
    "costAndExpenses": 2359000000,
    "interestIncome": 0,
    "interestExpense": 0,
    "depreciationAndAmortization": -8000000,
    "ebitda": 40000000,
    "ebitdaratio": 0.016673614,
    "operatingIncome": 95000000,
    "operatingIncomeRatio": 0.0395998333,
    "totalOtherIncomeExpensesNet": -3000000,
    "incomeBeforeTax": 92000000,
    "incomeBeforeTaxRatio": 0.0383493122,
    "incomeTaxExpense": 16000000,
    "netIncome": 76000000,
    "netIncomeRatio": 0.0316798666,
    "eps": 0.0559,
    "epsdiluted": 0.0559,
    "weightedAverageShsOut": 1516240000,
    "weightedAverageShsOutDil": 1556848000,
    "link": "https://www.sec.gov/Archives/edgar/data/97476/000009747696000033/0000097476-96-000033-index.html",
    "finalLink": "https://www.sec.gov/Archives/edgar/data/97476/"
  },
  {
    "date": "1996-03-31",
    "symbol": "TXN",
    "reportedCurrency": "USD",
    "cik": "0000097476",
    "fillingDate": "1996-04-19",
    "acceptedDate": "1996-04-19 00:00:00",
    "calendarYear": "1996",
    "period": "Q1",
    "revenue": 2675000000,
    "costOfRevenue": 1889000000,
    "grossProfit": 786000000,
    "grossProfitRatio": 0.2938317757,
    "researchAndDevelopmentExpenses": 243000000,
    "generalAndAdministrativeExpenses": 0,
    "sellingAndMarketingExpenses": 0,
    "sellingGeneralAndAdministrativeExpenses": 397000000,
    "otherExpenses": 0,
    "operatingExpenses": 640000000,
    "costAndExpenses": 2529000000,
    "interestIncome": 0,
    "interestExpense": 0,
    "depreciationAndAmortization": -55000000,
    "ebitda": 146000000,
    "ebitdaratio": 0.0545794393,
    "operatingIncome": 197000000,
    "operatingIncomeRatio": 0.0736448598,
    "totalOtherIncomeExpensesNet": 44000000,
    "incomeBeforeTax": 240000000,
    "incomeBeforeTaxRatio": 0.0897196262,
    "incomeTaxExpense": 77000000,
    "netIncome": 163000000,
    "netIncomeRatio": 0.0609345794,
    "eps": 0.11,
    "epsdiluted": 0.11,
    "weightedAverageShsOut": 1515828000,
    "weightedAverageShsOutDil": 1553272000,
    "link": "https://www.sec.gov/Archives/edgar/data/97476/000009747696000020/0000097476-96-000020-index.html",
    "finalLink": "https://www.sec.gov/Archives/edgar/data/97476/0000097476-96-000020.txt"
  },
  {
    "date": "1995-12-31",
    "symbol": "TXN",
    "reportedCurrency": "USD",
    "cik": "0000097476",
    "fillingDate": "1996-02-23",
    "acceptedDate": "1996-02-23 00:00:00",
    "calendarYear": "1995",
    "period": "Q4",
    "revenue": 3603000000,
    "costOfRevenue": 2571000000,
    "grossProfit": 1032000000,
    "grossProfitRatio": 0.2864279767,
    "researchAndDevelopmentExpenses": 0,
    "generalAndAdministrativeExpenses": 0,
    "sellingAndMarketingExpenses": 0,
    "sellingGeneralAndAdministrativeExpenses": 623000000,
    "otherExpenses": 0,
    "operatingExpenses": 623000000,
    "costAndExpenses": 3194000000,
    "interestIncome": 0,
    "interestExpense": 0,
    "depreciationAndAmortization": -31000000,
    "ebitda": 378000000,
    "ebitdaratio": 0.1049125729,
    "operatingIncome": 409000000,
    "operatingIncomeRatio": 0.113516514,
    "totalOtherIncomeExpensesNet": 21000000,
    "incomeBeforeTax": 430000000,
    "incomeBeforeTaxRatio": 0.1193449903,
    "incomeTaxExpense": 139000000,
    "netIncome": 291000000,
    "netIncomeRatio": 0.0807660283,
    "eps": 0.18,
    "epsdiluted": 0.18,
    "weightedAverageShsOut": 1514928000,
    "weightedAverageShsOutDil": 1556440000,
    "link": "https://www.sec.gov/Archives/edgar/data/97476/000009747696000014/0000097476-96-000014-index.html",
    "finalLink": "https://www.sec.gov/Archives/edgar/data/97476/"
  },
  {
    "date": "1995-09-30",
    "symbol": "TXN",
    "reportedCurrency": "USD",
    "cik": "0000097476",
    "fillingDate": "1995-10-20",
    "acceptedDate": "1995-10-20 00:00:00",
    "calendarYear": "1995",
    "period": "Q3",
    "revenue": 3425000000,
    "costOfRevenue": 2322000000,
    "grossProfit": 1103000000,
    "grossProfitRatio": 0.3220437956,
    "researchAndDevelopmentExpenses": 221000000,
    "generalAndAdministrativeExpenses": 0,
    "sellingAndMarketingExpenses": 0,
    "sellingGeneralAndAdministrativeExpenses": 445000000,
    "otherExpenses": 0,
    "operatingExpenses": 666000000,
    "costAndExpenses": 2988000000,
    "interestIncome": 0,
    "interestExpense": 0,
    "depreciationAndAmortization": -6000000,
    "ebitda": 431000000,
    "ebitdaratio": 0.1258394161,
    "operatingIncome": 437000000,
    "operatingIncomeRatio": 0.1275912409,
    "totalOtherIncomeExpensesNet": -6000000,
    "incomeBeforeTax": 431000000,
    "incomeBeforeTaxRatio": 0.1258394161,
    "incomeTaxExpense": 142000000,
    "netIncome": 289000000,
    "netIncomeRatio": 0.084379562,
    "eps": 0.19,
    "epsdiluted": 0.19,
    "weightedAverageShsOut": 1506400000,
    "weightedAverageShsOutDil": 1560632000,
    "link": "https://www.sec.gov/Archives/edgar/data/97476/000009747695000012/0000097476-95-000012-index.html",
    "finalLink": "https://www.sec.gov/Archives/edgar/data/97476/"
  }
]