[
  {
    "date": "2025-06-28",
    "symbol": "TXT",
    "reportedCurrency": "USD",
    "cik": "0000217346",
    "fillingDate": "2025-07-24",
    "acceptedDate": "2025-07-24 11:44:14",
    "calendarYear": "2026",
    "period": "Q2",
    "revenue": 3716000000,
    "costOfRevenue": 3007000000,
    "grossProfit": 709000000,
    "grossProfitRatio": 0.1907965554,
    "researchAndDevelopmentExpenses": 132000000,
    "generalAndAdministrativeExpenses": 0,
    "sellingAndMarketingExpenses": 0,
    "sellingGeneralAndAdministrativeExpenses": 298000000,
    "otherExpenses": 10000000,
    "operatingExpenses": 440000000,
    "costAndExpenses": 3447000000,
    "interestIncome": 0,
    "interestExpense": 31000000,
    "depreciationAndAmortization": 100000000,
    "ebitda": 432000000,
    "ebitdaratio": 0.1162540366,
    "operatingIncome": 245000000,
    "operatingIncomeRatio": 0.0659311087,
    "totalOtherIncomeExpensesNet": 56000000,
    "incomeBeforeTax": 301000000,
    "incomeBeforeTaxRatio": 0.0810010764,
    "incomeTaxExpense": 56000000,
    "netIncome": 245000000,
    "netIncomeRatio": 0.0659311087,
    "eps": 1.34,
    "epsdiluted": 1.35,
    "weightedAverageShsOut": 182379000,
    "weightedAverageShsOutDil": 182379000,
    "link": "https://www.sec.gov/Archives/edgar/data/217346/000021734625000068/0000217346-25-000068-index.htm",
    "finalLink": "https://www.sec.gov/Archives/edgar/data/217346/000021734625000068/txt-20250628.htm"
  },
  {
    "date": "2025-03-29",
    "symbol": "TXT",
    "reportedCurrency": "USD",
    "cik": "0000217346",
    "fillingDate": "2025-04-24",
    "acceptedDate": "2025-04-24 13:24:03",
    "calendarYear": "2026",
    "period": "Q1",
    "revenue": 3306000000,
    "costOfRevenue": 2672000000,
    "grossProfit": 634000000,
    "grossProfitRatio": 0.1917725348,
    "researchAndDevelopmentExpenses": 132000000,
    "generalAndAdministrativeExpenses": 0,
    "sellingAndMarketingExpenses": 0,
    "sellingGeneralAndAdministrativeExpenses": 298000000,
    "otherExpenses": 0,
    "operatingExpenses": 430000000,
    "costAndExpenses": 3102000000,
    "interestIncome": 0,
    "interestExpense": 29000000,
    "depreciationAndAmortization": 92000000,
    "ebitda": 362000000,
    "ebitdaratio": 0.1094978826,
    "operatingIncome": 204000000,
    "operatingIncomeRatio": 0.0617059891,
    "totalOtherIncomeExpensesNet": 37000000,
    "incomeBeforeTax": 241000000,
    "incomeBeforeTaxRatio": 0.0728977616,
    "incomeTaxExpense": 34000000,
    "netIncome": 207000000,
    "netIncomeRatio": 0.0626134301,
    "eps": 1.14,
    "epsdiluted": 1.13,
    "weightedAverageShsOut": 182378000,
    "weightedAverageShsOutDil": 183668000,
    "link": "https://www.sec.gov/Archives/edgar/data/217346/000021734625000046/0000217346-25-000046-index.htm",
    "finalLink": "https://www.sec.gov/Archives/edgar/data/217346/000021734625000046/txt-20250329.htm"
  },
  {
    "date": "2024-12-28",
    "symbol": "TXT",
    "reportedCurrency": "USD",
    "cik": "0000217346",
    "fillingDate": "2025-02-06",
    "acceptedDate": "2025-02-06 12:29:22",
    "calendarYear": "2025",
    "period": "Q4",
    "revenue": 3613000000,
    "costOfRevenue": 2712000000,
    "grossProfit": 901000000,
    "grossProfitRatio": 0.2493772488,
    "researchAndDevelopmentExpenses": 0,
    "generalAndAdministrativeExpenses": 477000000,
    "sellingAndMarketingExpenses": -212000000,
    "sellingGeneralAndAdministrativeExpenses": 265000000,
    "otherExpenses": 491000000,
    "operatingExpenses": 756000000,
    "costAndExpenses": 3468000000,
    "interestIncome": 0,
    "interestExpense": 26000000,
    "depreciationAndAmortization": 103000000,
    "ebitda": 260000000,
    "ebitdaratio": 0.0719623582,
    "operatingIncome": 141000000,
    "operatingIncomeRatio": 0.0390257404,
    "totalOtherIncomeExpensesNet": -10000000,
    "incomeBeforeTax": 131000000,
    "incomeBeforeTaxRatio": 0.0362579574,
    "incomeTaxExpense": -10000000,
    "netIncome": 141000000,
    "netIncomeRatio": 0.0390257404,
    "eps": 0.76,
    "epsdiluted": 0.76,
    "weightedAverageShsOut": 185567000,
    "weightedAverageShsOutDil": 185567000,
    "link": "https://www.sec.gov/Archives/edgar/data/217346/000021734625000017/0000217346-25-000017-index.htm",
    "finalLink": "https://www.sec.gov/Archives/edgar/data/217346/000021734625000017/txt-20241228.htm"
  },
  {
    "date": "2024-09-28",
    "symbol": "TXT",
    "reportedCurrency": "USD",
    "cik": "0000217346",
    "fillingDate": "2024-10-24",
    "acceptedDate": "2024-10-24 11:32:00",
    "calendarYear": "2025",
    "period": "Q3",
    "revenue": 3427000000,
    "costOfRevenue": 2935000000,
    "grossProfit": 492000000,
    "grossProfitRatio": 0.143565801,
    "researchAndDevelopmentExpenses": 0,
    "generalAndAdministrativeExpenses": 0,
    "sellingAndMarketingExpenses": 0,
    "sellingGeneralAndAdministrativeExpenses": 282000000,
    "otherExpenses": 0,
    "operatingExpenses": 282000000,
    "costAndExpenses": 3217000000,
    "interestIncome": 0,
    "interestExpense": 26000000,
    "depreciationAndAmortization": 101000000,
    "ebitda": 379000000,
    "ebitdaratio": 0.1105923548,
    "operatingIncome": 210000000,
    "operatingIncomeRatio": 0.0612780858,
    "totalOtherIncomeExpensesNet": 42000000,
    "incomeBeforeTax": 252000000,
    "incomeBeforeTaxRatio": 0.0735337029,
    "incomeTaxExpense": 29000000,
    "netIncome": 223000000,
    "netIncomeRatio": 0.0650714911,
    "eps": 1.19,
    "epsdiluted": 1.18,
    "weightedAverageShsOut": 186958000,
    "weightedAverageShsOutDil": 188944000,
    "link": "https://www.sec.gov/Archives/edgar/data/217346/000021734624000092/0000217346-24-000092-index.htm",
    "finalLink": "https://www.sec.gov/Archives/edgar/data/217346/000021734624000092/txt-20240928.htm"
  },
  {
    "date": "2024-06-29",
    "symbol": "TXT",
    "reportedCurrency": "USD",
    "cik": "0000217346",
    "fillingDate": "2024-07-30",
    "acceptedDate": "2024-07-30 16:36:12",
    "calendarYear": "2025",
    "period": "Q2",
    "revenue": 3527000000,
    "costOfRevenue": 2939000000,
    "grossProfit": 588000000,
    "grossProfitRatio": 0.1667139212,
    "researchAndDevelopmentExpenses": 0,
    "generalAndAdministrativeExpenses": 227000000,
    "sellingAndMarketingExpenses": 66000000,
    "sellingGeneralAndAdministrativeExpenses": 293000000,
    "otherExpenses": 0,
    "operatingExpenses": 293000000,
    "costAndExpenses": 3232000000,
    "interestIncome": 0,
    "interestExpense": 25000000,
    "depreciationAndAmortization": 90000000,
    "ebitda": 446000000,
    "ebitdaratio": 0.1264530763,
    "operatingIncome": 295000000,
    "operatingIncomeRatio": 0.0836404877,
    "totalOtherIncomeExpensesNet": 28000000,
    "incomeBeforeTax": 323000000,
    "incomeBeforeTaxRatio": 0.0915792458,
    "incomeTaxExpense": 63000000,
    "netIncome": 259000000,
    "netIncomeRatio": 0.0734335129,
    "eps": 1.37,
    "epsdiluted": 1.35,
    "weightedAverageShsOut": 191855000,
    "weightedAverageShsOutDil": 191855000,
    "link": "https://www.sec.gov/Archives/edgar/data/217346/000021734624000084/0000217346-24-000084-index.htm",
    "finalLink": "https://www.sec.gov/Archives/edgar/data/217346/000021734624000084/txt-20240629.htm"
  },
  {
    "date": "2024-03-30",
    "symbol": "TXT",
    "reportedCurrency": "USD",
    "cik": "0000217346",
    "fillingDate": "2024-04-25",
    "acceptedDate": "2024-04-25 09:52:19",
    "calendarYear": "2025",
    "period": "Q1",
    "revenue": 3135000000,
    "costOfRevenue": 2470000000,
    "grossProfit": 521000000,
    "grossProfitRatio": 0.1661881978,
    "researchAndDevelopmentExpenses": 144000000,
    "generalAndAdministrativeExpenses": 250000000,
    "sellingAndMarketingExpenses": 66000000,
    "sellingGeneralAndAdministrativeExpenses": 316000000,
    "otherExpenses": -144000000,
    "operatingExpenses": 316000000,
    "costAndExpenses": 2930000000,
    "interestIncome": 0,
    "interestExpense": 20000000,
    "depreciationAndAmortization": 88000000,
    "ebitda": 354000000,
    "ebitdaratio": 0.1129186603,
    "operatingIncome": 205000000,
    "operatingIncomeRatio": 0.0653907496,
    "totalOtherIncomeExpensesNet": 32000000,
    "incomeBeforeTax": 237000000,
    "incomeBeforeTaxRatio": 0.0755980861,
    "incomeTaxExpense": 36000000,
    "netIncome": 201000000,
    "netIncomeRatio": 0.0641148325,
    "eps": 1.04,
    "epsdiluted": 1.03,
    "weightedAverageShsOut": 192800000,
    "weightedAverageShsOutDil": 194860000,
    "link": "https://www.sec.gov/Archives/edgar/data/217346/000021734624000052/0000217346-24-000052-index.htm",
    "finalLink": "https://www.sec.gov/Archives/edgar/data/217346/000021734624000052/txt-20240330.htm"
  },
  {
    "date": "2023-12-30",
    "symbol": "TXT",
    "reportedCurrency": "USD",
    "cik": "0000217346",
    "fillingDate": "2024-02-12",
    "acceptedDate": "2024-02-12 11:55:03",
    "calendarYear": "2024",
    "period": "Q4",
    "revenue": 3892000000,
    "costOfRevenue": 3249000000,
    "grossProfit": 643000000,
    "grossProfitRatio": 0.1652106886,
    "researchAndDevelopmentExpenses": 0,
    "generalAndAdministrativeExpenses": 45000000,
    "sellingAndMarketingExpenses": 283000000,
    "sellingGeneralAndAdministrativeExpenses": 328000000,
    "otherExpenses": 0,
    "operatingExpenses": 328000000,
    "costAndExpenses": 3577000000,
    "interestIncome": 0,
    "interestExpense": 19000000,
    "depreciationAndAmortization": 100000000,
    "ebitda": 349000000,
    "ebitdaratio": 0.0896711202,
    "operatingIncome": 315000000,
    "operatingIncomeRatio": 0.0809352518,
    "totalOtherIncomeExpensesNet": -85000000,
    "incomeBeforeTax": 230000000,
    "incomeBeforeTaxRatio": 0.0590955807,
    "incomeTaxExpense": 31000000,
    "netIncome": 198000000,
    "netIncomeRatio": 0.0508735868,
    "eps": 1.02,
    "epsdiluted": 1,
    "weightedAverageShsOut": 194624608,
    "weightedAverageShsOutDil": 197584000,
    "link": "https://www.sec.gov/Archives/edgar/data/217346/000021734624000017/0000217346-24-000017-index.htm",
    "finalLink": "https://www.sec.gov/Archives/edgar/data/217346/000021734624000017/txt-20231230.htm"
  },
  {
    "date": "2023-09-30",
    "symbol": "TXT",
    "reportedCurrency": "USD",
    "cik": "0000217346",
    "fillingDate": "2023-10-26",
    "acceptedDate": "2023-10-26 10:00:32",
    "calendarYear": "2024",
    "period": "Q3",
    "revenue": 3343000000,
    "costOfRevenue": 2779000000,
    "grossProfit": 564000000,
    "grossProfitRatio": 0.1687107389,
    "researchAndDevelopmentExpenses": 0,
    "generalAndAdministrativeExpenses": 0,
    "sellingAndMarketingExpenses": 0,
    "sellingGeneralAndAdministrativeExpenses": 303000000,
    "otherExpenses": 0,
    "operatingExpenses": 303000000,
    "costAndExpenses": 3082000000,
    "interestIncome": 0,
    "interestExpense": 19000000,
    "depreciationAndAmortization": 99000000,
    "ebitda": 419000000,
    "ebitdaratio": 0.1253365241,
    "operatingIncome": 261000000,
    "operatingIncomeRatio": 0.0780735866,
    "totalOtherIncomeExpensesNet": 40000000,
    "incomeBeforeTax": 301000000,
    "incomeBeforeTaxRatio": 0.0900388872,
    "incomeTaxExpense": 32000000,
    "netIncome": 269000000,
    "netIncomeRatio": 0.0804666467,
    "eps": 1.36,
    "epsdiluted": 1.35,
    "weightedAverageShsOut": 197947000,
    "weightedAverageShsOutDil": 199992000,
    "link": "https://www.sec.gov/Archives/edgar/data/217346/000021734623000033/0000217346-23-000033-index.htm",
    "finalLink": "https://www.sec.gov/Archives/edgar/data/217346/000021734623000033/txt-20230930.htm"
  },
  {
    "date": "2023-07-01",
    "symbol": "TXT",
    "reportedCurrency": "USD",
    "cik": "0000217346",
    "fillingDate": "2023-07-27",
    "acceptedDate": "2023-07-27 13:45:10",
    "calendarYear": "2024",
    "period": "Q2",
    "revenue": 3424000000,
    "costOfRevenue": 2846000000,
    "grossProfit": 578000000,
    "grossProfitRatio": 0.1688084112,
    "researchAndDevelopmentExpenses": 0,
    "generalAndAdministrativeExpenses": 230000000,
    "sellingAndMarketingExpenses": 59000000,
    "sellingGeneralAndAdministrativeExpenses": 289000000,
    "otherExpenses": 0,
    "operatingExpenses": 289000000,
    "costAndExpenses": 3135000000,
    "interestIncome": 0,
    "interestExpense": 19000000,
    "depreciationAndAmortization": 101000000,
    "ebitda": 449000000,
    "ebitdaratio": 0.1311331776,
    "operatingIncome": 263000000,
    "operatingIncomeRatio": 0.0768107477,
    "totalOtherIncomeExpensesNet": -16000000,
    "incomeBeforeTax": 329000000,
    "incomeBeforeTaxRatio": 0.0960864486,
    "incomeTaxExpense": 66000000,
    "netIncome": 263000000,
    "netIncomeRatio": 0.0768107477,
    "eps": 1.31,
    "epsdiluted": 1.3,
    "weightedAverageShsOut": 200701000,
    "weightedAverageShsOutDil": 202509000,
    "link": "https://www.sec.gov/Archives/edgar/data/217346/000021734623000023/0000217346-23-000023-index.htm",
    "finalLink": "https://www.sec.gov/Archives/edgar/data/217346/000021734623000023/txt-20230701.htm"
  },
  {
    "date": "2023-04-01",
    "symbol": "TXT",
    "reportedCurrency": "USD",
    "cik": "0000217346",
    "fillingDate": "2023-04-27",
    "acceptedDate": "2023-04-27 15:57:44",
    "calendarYear": "2024",
    "period": "Q1",
    "revenue": 3024000000,
    "costOfRevenue": 2531000000,
    "grossProfit": 493000000,
    "grossProfitRatio": 0.1630291005,
    "researchAndDevelopmentExpenses": 0,
    "generalAndAdministrativeExpenses": 246000000,
    "sellingAndMarketingExpenses": 59000000,
    "sellingGeneralAndAdministrativeExpenses": 305000000,
    "otherExpenses": 0,
    "operatingExpenses": 305000000,
    "costAndExpenses": 2836000000,
    "interestIncome": 0,
    "interestExpense": 20000000,
    "depreciationAndAmortization": 92000000,
    "ebitda": 336000000,
    "ebitdaratio": 0.1111111111,
    "operatingIncome": 188000000,
    "operatingIncomeRatio": 0.0621693122,
    "totalOtherIncomeExpensesNet": 39000000,
    "incomeBeforeTax": 227000000,
    "incomeBeforeTaxRatio": 0.0750661376,
    "incomeTaxExpense": -210000000,
    "netIncome": 437000000,
    "netIncomeRatio": 0.144510582,
    "eps": 2.13,
    "epsdiluted": 2.11,
    "weightedAverageShsOut": 204835000,
    "weightedAverageShsOutDil": 207011000,
    "link": "https://www.sec.gov/Archives/edgar/data/217346/000021734623000014/0000217346-23-000014-index.htm",
    "finalLink": "https://www.sec.gov/Archives/edgar/data/217346/000021734623000014/txt-20230401.htm"
  },
  {
    "date": "2022-12-31",
    "symbol": "TXT",
    "reportedCurrency": "USD",
    "cik": "0000217346",
    "fillingDate": "2023-02-16",
    "acceptedDate": "2023-02-16 09:59:01",
    "calendarYear": "2023",
    "period": "Q4",
    "revenue": 3636000000,
    "costOfRevenue": 3083000000,
    "grossProfit": 553000000,
    "grossProfitRatio": 0.152090209,
    "researchAndDevelopmentExpenses": 601000000,
    "generalAndAdministrativeExpenses": 0,
    "sellingAndMarketingExpenses": 0,
    "sellingGeneralAndAdministrativeExpenses": 345000000,
    "otherExpenses": 60000000,
    "operatingExpenses": 345000000,
    "costAndExpenses": 3428000000,
    "interestIncome": 0,
    "interestExpense": 11000000,
    "depreciationAndAmortization": 104000000,
    "ebitda": 372000000,
    "ebitdaratio": 0.102310231,
    "operatingIncome": 268000000,
    "operatingIncomeRatio": 0.0737073707,
    "totalOtherIncomeExpensesNet": 584000000,
    "incomeBeforeTax": 257000000,
    "incomeBeforeTaxRatio": 0.0706820682,
    "incomeTaxExpense": 31000000,
    "netIncome": 226000000,
    "netIncomeRatio": 0.0621562156,
    "eps": 1.08,
    "epsdiluted": 1.07,
    "weightedAverageShsOut": 208725934,
    "weightedAverageShsOutDil": 210488000,
    "link": "https://www.sec.gov/Archives/edgar/data/217346/000021734623000006/0000217346-23-000006-index.htm",
    "finalLink": "https://www.sec.gov/Archives/edgar/data/217346/000021734623000006/txt-20221231.htm"
  },
  {
    "date": "2022-10-01",
    "symbol": "TXT",
    "reportedCurrency": "USD",
    "cik": "0000217346",
    "fillingDate": "2022-10-27",
    "acceptedDate": "2022-10-27 13:51:48",
    "calendarYear": "2023",
    "period": "Q3",
    "revenue": 3078000000,
    "costOfRevenue": 2584000000,
    "grossProfit": 494000000,
    "grossProfitRatio": 0.1604938272,
    "researchAndDevelopmentExpenses": 0,
    "generalAndAdministrativeExpenses": 0,
    "sellingAndMarketingExpenses": 0,
    "sellingGeneralAndAdministrativeExpenses": 258000000,
    "otherExpenses": 0,
    "operatingExpenses": 258000000,
    "costAndExpenses": 2842000000,
    "interestIncome": 21000000,
    "interestExpense": 31000000,
    "depreciationAndAmortization": 97000000,
    "ebitda": 392000000,
    "ebitdaratio": 0.1273554256,
    "operatingIncome": 295000000,
    "operatingIncomeRatio": 0.0958414555,
    "totalOtherIncomeExpensesNet": 39000000,
    "incomeBeforeTax": 264000000,
    "incomeBeforeTaxRatio": 0.0857699805,
    "incomeTaxExpense": 39000000,
    "netIncome": 225000000,
    "netIncomeRatio": 0.0730994152,
    "eps": 1.06,
    "epsdiluted": 1.06,
    "weightedAverageShsOut": 211307000,
    "weightedAverageShsOutDil": 213140000,
    "link": "https://www.sec.gov/Archives/edgar/data/217346/000021734622000025/0000217346-22-000025-index.htm",
    "finalLink": "https://www.sec.gov/Archives/edgar/data/217346/000021734622000025/txt-20221001.htm"
  },
  {
    "date": "2022-07-02",
    "symbol": "TXT",
    "reportedCurrency": "USD",
    "cik": "0000217346",
    "fillingDate": "2022-07-28",
    "acceptedDate": "2022-07-28 15:05:49",
    "calendarYear": "2023",
    "period": "Q2",
    "revenue": 3154000000,
    "costOfRevenue": 2641000000,
    "grossProfit": 513000000,
    "grossProfitRatio": 0.1626506024,
    "researchAndDevelopmentExpenses": 0,
    "generalAndAdministrativeExpenses": 0,
    "sellingAndMarketingExpenses": 0,
    "sellingGeneralAndAdministrativeExpenses": 278000000,
    "otherExpenses": 0,
    "operatingExpenses": 278000000,
    "costAndExpenses": 2919000000,
    "interestIncome": 1000000,
    "interestExpense": 32000000,
    "depreciationAndAmortization": 98000000,
    "ebitda": 393000000,
    "ebitdaratio": 0.1246036779,
    "operatingIncome": 295000000,
    "operatingIncomeRatio": 0.0935320228,
    "totalOtherIncomeExpensesNet": 45000000,
    "incomeBeforeTax": 263000000,
    "incomeBeforeTaxRatio": 0.0833861763,
    "incomeTaxExpense": 45000000,
    "netIncome": 217000000,
    "netIncomeRatio": 0.0688015219,
    "eps": 1.01,
    "epsdiluted": 1,
    "weightedAverageShsOut": 214587000,
    "weightedAverageShsOutDil": 216658000,
    "link": "https://www.sec.gov/Archives/edgar/data/217346/000021734622000021/0000217346-22-000021-index.htm",
    "finalLink": "https://www.sec.gov/Archives/edgar/data/217346/000021734622000021/txt-20220702.htm"
  },
  {
    "date": "2022-04-02",
    "symbol": "TXT",
    "reportedCurrency": "USD",
    "cik": "0000217346",
    "fillingDate": "2022-04-28",
    "acceptedDate": "2022-04-28 14:23:54",
    "calendarYear": "2023",
    "period": "Q1",
    "revenue": 3001000000,
    "costOfRevenue": 2492000000,
    "grossProfit": 509000000,
    "grossProfitRatio": 0.16961013,
    "researchAndDevelopmentExpenses": 0,
    "generalAndAdministrativeExpenses": 0,
    "sellingAndMarketingExpenses": 0,
    "sellingGeneralAndAdministrativeExpenses": 305000000,
    "otherExpenses": 0,
    "operatingExpenses": 305000000,
    "costAndExpenses": 2797000000,
    "interestIncome": 1000000,
    "interestExpense": 33000000,
    "depreciationAndAmortization": 93000000,
    "ebitda": 353000000,
    "ebitdaratio": 0.1176274575,
    "operatingIncome": 265000000,
    "operatingIncomeRatio": 0.0883038987,
    "totalOtherIncomeExpensesNet": 28000000,
    "incomeBeforeTax": 232000000,
    "incomeBeforeTaxRatio": 0.0773075641,
    "incomeTaxExpense": 39000000,
    "netIncome": 193000000,
    "netIncomeRatio": 0.064311896,
    "eps": 0.89,
    "epsdiluted": 0.88,
    "weightedAverageShsOut": 217010000,
    "weightedAverageShsOutDil": 219607000,
    "link": "https://www.sec.gov/Archives/edgar/data/217346/000021734622000016/0000217346-22-000016-index.htm",
    "finalLink": "https://www.sec.gov/Archives/edgar/data/217346/000021734622000016/txt-20220402.htm"
  },
  {
    "date": "2022-01-01",
    "symbol": "TXT",
    "reportedCurrency": "USD",
    "cik": "0000217346",
    "fillingDate": "2022-02-17",
    "acceptedDate": "2022-02-17 11:01:09",
    "calendarYear": "2022",
    "period": "Q4",
    "revenue": 3322000000,
    "costOfRevenue": 2751000000,
    "grossProfit": 571000000,
    "grossProfitRatio": 0.171884407,
    "researchAndDevelopmentExpenses": 619000000,
    "generalAndAdministrativeExpenses": 0,
    "sellingAndMarketingExpenses": 0,
    "sellingGeneralAndAdministrativeExpenses": 326000000,
    "otherExpenses": 40000000,
    "operatingExpenses": 326000000,
    "costAndExpenses": 3077000000,
    "interestIncome": 0,
    "interestExpense": 33000000,
    "depreciationAndAmortization": 91000000,
    "ebitda": 371000000,
    "ebitdaratio": 0.111679711,
    "operatingIncome": 285000000,
    "operatingIncomeRatio": 0.0857916918,
    "totalOtherIncomeExpensesNet": 2000000,
    "incomeBeforeTax": 247000000,
    "incomeBeforeTaxRatio": 0.0743527995,
    "incomeTaxExpense": 40000000,
    "netIncome": 207000000,
    "netIncomeRatio": 0.0623118603,
    "eps": 0.94,
    "epsdiluted": 0.93,
    "weightedAverageShsOut": 219789000,
    "weightedAverageShsOutDil": 222695000,
    "link": "https://www.sec.gov/Archives/edgar/data/217346/000021734622000005/0000217346-22-000005-index.htm",
    "finalLink": "https://www.sec.gov/Archives/edgar/data/217346/000021734622000005/txt-20220101.htm"
  },
  {
    "date": "2021-10-02",
    "symbol": "TXT",
    "reportedCurrency": "USD",
    "cik": "0000217346",
    "fillingDate": "2021-10-28",
    "acceptedDate": "2021-10-28 12:31:01",
    "calendarYear": "2022",
    "period": "Q3",
    "revenue": 2990000000,
    "costOfRevenue": 2486000000,
    "grossProfit": 504000000,
    "grossProfitRatio": 0.1685618729,
    "researchAndDevelopmentExpenses": 0,
    "generalAndAdministrativeExpenses": 0,
    "sellingAndMarketingExpenses": 0,
    "sellingGeneralAndAdministrativeExpenses": 283000000,
    "otherExpenses": 0,
    "operatingExpenses": 283000000,
    "costAndExpenses": 2769000000,
    "interestIncome": 0,
    "interestExpense": 33000000,
    "depreciationAndAmortization": 97000000,
    "ebitda": 358000000,
    "ebitdaratio": 0.1197324415,
    "operatingIncome": 261000000,
    "operatingIncomeRatio": 0.0872909699,
    "totalOtherIncomeExpensesNet": -3000000,
    "incomeBeforeTax": 218000000,
    "incomeBeforeTaxRatio": 0.072909699,
    "incomeTaxExpense": 33000000,
    "netIncome": 185000000,
    "netIncomeRatio": 0.0618729097,
    "eps": 0.83,
    "epsdiluted": 0.82,
    "weightedAverageShsOut": 223663000,
    "weightedAverageShsOutDil": 226490000,
    "link": "https://www.sec.gov/Archives/edgar/data/217346/000021734621000060/0000217346-21-000060-index.htm",
    "finalLink": "https://www.sec.gov/Archives/edgar/data/217346/000021734621000060/txt-20211002.htm"
  },
  {
    "date": "2021-07-03",
    "symbol": "TXT",
    "reportedCurrency": "USD",
    "cik": "0000217346",
    "fillingDate": "2021-07-29",
    "acceptedDate": "2021-07-29 13:38:40",
    "calendarYear": "2022",
    "period": "Q2",
    "revenue": 3191000000,
    "costOfRevenue": 2660000000,
    "grossProfit": 531000000,
    "grossProfitRatio": 0.1664055155,
    "researchAndDevelopmentExpenses": 0,
    "generalAndAdministrativeExpenses": 0,
    "sellingAndMarketingExpenses": 0,
    "sellingGeneralAndAdministrativeExpenses": 314000000,
    "otherExpenses": 0,
    "operatingExpenses": 314000000,
    "costAndExpenses": 2974000000,
    "interestIncome": 0,
    "interestExpense": 36000000,
    "depreciationAndAmortization": 98000000,
    "ebitda": 354000000,
    "ebitdaratio": 0.1109370103,
    "operatingIncome": 256000000,
    "operatingIncomeRatio": 0.0802256346,
    "totalOtherIncomeExpensesNet": 34000000,
    "incomeBeforeTax": 218000000,
    "incomeBeforeTaxRatio": 0.068317142,
    "incomeTaxExpense": 34000000,
    "netIncome": 183000000,
    "netIncomeRatio": 0.0573487935,
    "eps": 0.81,
    "epsdiluted": 0.8,
    "weightedAverageShsOut": 225963000,
    "weightedAverageShsOutDil": 228446000,
    "link": "https://www.sec.gov/Archives/edgar/data/217346/000021734621000055/0000217346-21-000055-index.htm",
    "finalLink": "https://www.sec.gov/Archives/edgar/data/217346/000021734621000055/txt-20210703.htm"
  },
  {
    "date": "2021-04-03",
    "symbol": "TXT",
    "reportedCurrency": "USD",
    "cik": "0000217346",
    "fillingDate": "2021-04-29",
    "acceptedDate": "2021-04-29 13:35:44",
    "calendarYear": "2022",
    "period": "Q1",
    "revenue": 2879000000,
    "costOfRevenue": 2400000000,
    "grossProfit": 479000000,
    "grossProfitRatio": 0.1663772143,
    "researchAndDevelopmentExpenses": 0,
    "generalAndAdministrativeExpenses": 0,
    "sellingAndMarketingExpenses": 0,
    "sellingGeneralAndAdministrativeExpenses": 298000000,
    "otherExpenses": 0,
    "operatingExpenses": 298000000,
    "costAndExpenses": 2698000000,
    "interestIncome": 0,
    "interestExpense": 40000000,
    "depreciationAndAmortization": 90000000,
    "ebitda": 306000000,
    "ebitdaratio": 0.1062869052,
    "operatingIncome": 221000000,
    "operatingIncomeRatio": 0.0767627648,
    "totalOtherIncomeExpensesNet": 9000000,
    "incomeBeforeTax": 190000000,
    "incomeBeforeTaxRatio": 0.0659951372,
    "incomeTaxExpense": 19000000,
    "netIncome": 171000000,
    "netIncomeRatio": 0.0593956235,
    "eps": 0.75,
    "epsdiluted": 0.75,
    "weightedAverageShsOut": 227009000,
    "weightedAverageShsOutDil": 228284000,
    "link": "https://www.sec.gov/Archives/edgar/data/217346/000021734621000036/0000217346-21-000036-index.htm",
    "finalLink": "https://www.sec.gov/Archives/edgar/data/217346/000021734621000036/txt-20210403.htm"
  },
  {
    "date": "2021-01-02",
    "symbol": "TXT",
    "reportedCurrency": "USD",
    "cik": "0000217346",
    "fillingDate": "2021-02-19",
    "acceptedDate": "2021-02-19 06:02:20",
    "calendarYear": "2021",
    "period": "Q4",
    "revenue": 3667000000,
    "costOfRevenue": 3124000000,
    "grossProfit": 543000000,
    "grossProfitRatio": 0.1480774475,
    "researchAndDevelopmentExpenses": 549000000,
    "generalAndAdministrativeExpenses": 0,
    "sellingAndMarketingExpenses": 0,
    "sellingGeneralAndAdministrativeExpenses": 285000000,
    "otherExpenses": 21000000,
    "operatingExpenses": 285000000,
    "costAndExpenses": 3409000000,
    "interestIncome": 0,
    "interestExpense": 41000000,
    "depreciationAndAmortization": 108000000,
    "ebitda": 382000000,
    "ebitdaratio": 0.104172348,
    "operatingIncome": 279000000,
    "operatingIncomeRatio": 0.0760839924,
    "totalOtherIncomeExpensesNet": -43000000,
    "incomeBeforeTax": 215000000,
    "incomeBeforeTaxRatio": 0.0586310335,
    "incomeTaxExpense": -21000000,
    "netIncome": 236000000,
    "netIncomeRatio": 0.0643577857,
    "eps": 1.03,
    "epsdiluted": 1.03,
    "weightedAverageShsOut": 228668000,
    "weightedAverageShsOutDil": 229405000,
    "link": "https://www.sec.gov/Archives/edgar/data/217346/000021734621000019/0000217346-21-000019-index.htm",
    "finalLink": "https://www.sec.gov/Archives/edgar/data/217346/000021734621000019/txt-20210102.htm"
  },
  {
    "date": "2020-10-03",
    "symbol": "TXT",
    "reportedCurrency": "USD",
    "cik": "0000217346",
    "fillingDate": "2020-10-29",
    "acceptedDate": "2020-10-29 09:41:12",
    "calendarYear": "2021",
    "period": "Q3",
    "revenue": 2735000000,
    "costOfRevenue": 2332000000,
    "grossProfit": 403000000,
    "grossProfitRatio": 0.1473491773,
    "researchAndDevelopmentExpenses": 0,
    "generalAndAdministrativeExpenses": 0,
    "sellingAndMarketingExpenses": 0,
    "sellingGeneralAndAdministrativeExpenses": 258000000,
    "otherExpenses": 0,
    "operatingExpenses": 258000000,
    "costAndExpenses": 2590000000,
    "interestIncome": 0,
    "interestExpense": 43000000,
    "depreciationAndAmortization": 95000000,
    "ebitda": 261000000,
    "ebitdaratio": 0.0954296161,
    "operatingIncome": 166000000,
    "operatingIncomeRatio": 0.0606946984,
    "totalOtherIncomeExpensesNet": -29000000,
    "incomeBeforeTax": 116000000,
    "incomeBeforeTaxRatio": 0.0424131627,
    "incomeTaxExpense": 1000000,
    "netIncome": 115000000,
    "netIncomeRatio": 0.042047532,
    "eps": 0.5,
    "epsdiluted": 0.5,
    "weightedAverageShsOut": 228918000,
    "weightedAverageShsOutDil": 229279000,
    "link": "https://www.sec.gov/Archives/edgar/data/217346/000021734620000069/0000217346-20-000069-index.htm",
    "finalLink": "https://www.sec.gov/Archives/edgar/data/217346/000021734620000069/txt-20201003.htm"
  },
  {
    "date": "2020-07-04",
    "symbol": "TXT",
    "reportedCurrency": "USD",
    "cik": "0000217346",
    "fillingDate": "2020-07-31",
    "acceptedDate": "2020-07-31 14:36:35",
    "calendarYear": "2021",
    "period": "Q2",
    "revenue": 2472000000,
    "costOfRevenue": 2251000000,
    "grossProfit": 221000000,
    "grossProfitRatio": 0.0894012945,
    "researchAndDevelopmentExpenses": 0,
    "generalAndAdministrativeExpenses": 0,
    "sellingAndMarketingExpenses": 0,
    "sellingGeneralAndAdministrativeExpenses": 239000000,
    "otherExpenses": 0,
    "operatingExpenses": 239000000,
    "costAndExpenses": 2490000000,
    "interestIncome": 0,
    "interestExpense": 42000000,
    "depreciationAndAmortization": 98000000,
    "ebitda": 22000000,
    "ebitdaratio": 0.0088996764,
    "operatingIncome": 2000000,
    "operatingIncomeRatio": 0.0008090615,
    "totalOtherIncomeExpensesNet": -100000000,
    "incomeBeforeTax": -118000000,
    "incomeBeforeTaxRatio": -0.0477346278,
    "incomeTaxExpense": -26000000,
    "netIncome": -92000000,
    "netIncomeRatio": -0.0372168285,
    "eps": -0.4,
    "epsdiluted": -0.4,
    "weightedAverageShsOut": 228247000,
    "weightedAverageShsOutDil": 228247000,
    "link": "https://www.sec.gov/Archives/edgar/data/217346/000110465920088960/0001104659-20-088960-index.htm",
    "finalLink": "https://www.sec.gov/Archives/edgar/data/217346/000110465920088960/txt-20200704x10q.htm"
  },
  {
    "date": "2020-04-04",
    "symbol": "TXT",
    "reportedCurrency": "USD",
    "cik": "0000217346",
    "fillingDate": "2020-05-01",
    "acceptedDate": "2020-05-01 10:31:43",
    "calendarYear": "2021",
    "period": "Q1",
    "revenue": 2777000000,
    "costOfRevenue": 2387000000,
    "grossProfit": 390000000,
    "grossProfitRatio": 0.140439323,
    "researchAndDevelopmentExpenses": 0,
    "generalAndAdministrativeExpenses": 0,
    "sellingAndMarketingExpenses": 0,
    "sellingGeneralAndAdministrativeExpenses": 263000000,
    "otherExpenses": 0,
    "operatingExpenses": 263000000,
    "costAndExpenses": 2650000000,
    "interestIncome": 0,
    "interestExpense": 40000000,
    "depreciationAndAmortization": 90000000,
    "ebitda": 238000000,
    "ebitdaratio": 0.0857039971,
    "operatingIncome": 148000000,
    "operatingIncomeRatio": 0.0532949226,
    "totalOtherIncomeExpensesNet": -58000000,
    "incomeBeforeTax": 69000000,
    "incomeBeforeTaxRatio": 0.0248469571,
    "incomeTaxExpense": 19000000,
    "netIncome": 50000000,
    "netIncomeRatio": 0.0180050414,
    "eps": 0.22,
    "epsdiluted": 0.22,
    "weightedAverageShsOut": 228311000,
    "weightedAverageShsOutDil": 228927000,
    "link": "https://www.sec.gov/Archives/edgar/data/217346/000110465920055073/0001104659-20-055073-index.htm",
    "finalLink": "https://www.sec.gov/Archives/edgar/data/217346/000110465920055073/txt-20200404x10q.htm"
  },
  {
    "date": "2020-01-04",
    "symbol": "TXT",
    "reportedCurrency": "USD",
    "cik": "0000217346",
    "fillingDate": "2020-02-25",
    "acceptedDate": "2020-02-25 16:11:56",
    "calendarYear": "2020",
    "period": "Q4",
    "revenue": 4035000000,
    "costOfRevenue": 3441000000,
    "grossProfit": 594000000,
    "grossProfitRatio": 0.1472118959,
    "researchAndDevelopmentExpenses": 647000000,
    "generalAndAdministrativeExpenses": 0,
    "sellingAndMarketingExpenses": 0,
    "sellingGeneralAndAdministrativeExpenses": 298000000,
    "otherExpenses": 28000000,
    "operatingExpenses": 298000000,
    "costAndExpenses": 3739000000,
    "interestIncome": 0,
    "interestExpense": 42000000,
    "depreciationAndAmortization": 114000000,
    "ebitda": 432000000,
    "ebitdaratio": 0.107063197,
    "operatingIncome": 324000000,
    "operatingIncomeRatio": 0.0802973978,
    "totalOtherIncomeExpensesNet": -86000000,
    "incomeBeforeTax": 210000000,
    "incomeBeforeTaxRatio": 0.0520446097,
    "incomeTaxExpense": 11000000,
    "netIncome": 199000000,
    "netIncomeRatio": 0.0493184634,
    "eps": 0.87,
    "epsdiluted": 0.86,
    "weightedAverageShsOut": 228000000,
    "weightedAverageShsOutDil": 228000000,
    "link": "https://www.sec.gov/Archives/edgar/data/217346/000110465920024773/0001104659-20-024773-index.htm",
    "finalLink": "https://www.sec.gov/Archives/edgar/data/217346/000110465920024773/txt-20200104x10k00cfc1.htm"
  },
  {
    "date": "2019-09-28",
    "symbol": "TXT",
    "reportedCurrency": "USD",
    "cik": "0000217346",
    "fillingDate": "2019-10-23",
    "acceptedDate": "2019-10-23 14:06:56",
    "calendarYear": "2020",
    "period": "Q3",
    "revenue": 3259000000,
    "costOfRevenue": 2747000000,
    "grossProfit": 512000000,
    "grossProfitRatio": 0.157103406,
    "researchAndDevelopmentExpenses": 0,
    "generalAndAdministrativeExpenses": 0,
    "sellingAndMarketingExpenses": 0,
    "sellingGeneralAndAdministrativeExpenses": 255000000,
    "otherExpenses": 0,
    "operatingExpenses": 255000000,
    "costAndExpenses": 3002000000,
    "interestIncome": 0,
    "interestExpense": 44000000,
    "depreciationAndAmortization": 100000000,
    "ebitda": 3359000000,
    "ebitdaratio": 1.030684259,
    "operatingIncome": 3259000000,
    "operatingIncomeRatio": 1,
    "totalOtherIncomeExpensesNet": -16000000,
    "incomeBeforeTax": 241000000,
    "incomeBeforeTaxRatio": 0.0739490641,
    "incomeTaxExpense": -21000000,
    "netIncome": 220000000,
    "netIncomeRatio": 0.0675053697,
    "eps": 0.95,
    "epsdiluted": 0.95,
    "weightedAverageShsOut": 231578947,
    "weightedAverageShsOutDil": 231578947,
    "link": "https://www.sec.gov/Archives/edgar/data/217346/000110465919055774/0001104659-19-055774-index.htm",
    "finalLink": "https://www.sec.gov/Archives/edgar/data/217346/000110465919055774/txt-20190928x10q8bd564.htm"
  },
  {
    "date": "2019-06-29",
    "symbol": "TXT",
    "reportedCurrency": "USD",
    "cik": "0000217346",
    "fillingDate": "2019-07-24",
    "acceptedDate": "2019-07-24 06:11:08",
    "calendarYear": "2020",
    "period": "Q2",
    "revenue": 3227000000,
    "costOfRevenue": 2641000000,
    "grossProfit": 586000000,
    "grossProfitRatio": 0.1815928107,
    "researchAndDevelopmentExpenses": 0,
    "generalAndAdministrativeExpenses": 0,
    "sellingAndMarketingExpenses": 0,
    "sellingGeneralAndAdministrativeExpenses": 292000000,
    "otherExpenses": 0,
    "operatingExpenses": 292000000,
    "costAndExpenses": 2933000000,
    "interestIncome": 0,
    "interestExpense": 43000000,
    "depreciationAndAmortization": 100000000,
    "ebitda": 3327000000,
    "ebitdaratio": 1.0309885342,
    "operatingIncome": 3227000000,
    "operatingIncomeRatio": 1,
    "totalOtherIncomeExpensesNet": -15000000,
    "incomeBeforeTax": 279000000,
    "incomeBeforeTaxRatio": 0.0864580105,
    "incomeTaxExpense": -62000000,
    "netIncome": 217000000,
    "netIncomeRatio": 0.0672451193,
    "eps": 0.93,
    "epsdiluted": 0.93,
    "weightedAverageShsOut": 233333333,
    "weightedAverageShsOutDil": 233545000,
    "link": "https://www.sec.gov/Archives/edgar/data/217346/000141057819000544/0001410578-19-000544-index.htm",
    "finalLink": "https://www.sec.gov/Archives/edgar/data/217346/000141057819000544/txt-20190629x10q.htm"
  },
  {
    "date": "2019-03-30",
    "symbol": "TXT",
    "reportedCurrency": "USD",
    "cik": "0000217346",
    "fillingDate": "2019-04-24",
    "acceptedDate": "2019-04-24 15:34:41",
    "calendarYear": "2020",
    "period": "Q1",
    "revenue": 3109000000,
    "costOfRevenue": 2577000000,
    "grossProfit": 532000000,
    "grossProfitRatio": 0.1711161145,
    "researchAndDevelopmentExpenses": 0,
    "generalAndAdministrativeExpenses": 0,
    "sellingAndMarketingExpenses": 0,
    "sellingGeneralAndAdministrativeExpenses": 307000000,
    "otherExpenses": 0,
    "operatingExpenses": 307000000,
    "costAndExpenses": 2884000000,
    "interestIncome": 0,
    "interestExpense": 42000000,
    "depreciationAndAmortization": 102000000,
    "ebitda": 3211000000,
    "ebitdaratio": 1.0328079768,
    "operatingIncome": 3109000000,
    "operatingIncomeRatio": 1,
    "totalOtherIncomeExpensesNet": -13000000,
    "incomeBeforeTax": 212000000,
    "incomeBeforeTaxRatio": 0.0681891283,
    "incomeTaxExpense": -33000000,
    "netIncome": 179000000,
    "netIncomeRatio": 0.0575747829,
    "eps": 0.76,
    "epsdiluted": 0.76,
    "weightedAverageShsOut": 235526316,
    "weightedAverageShsOutDil": 236437000,
    "link": "https://www.sec.gov/Archives/edgar/data/217346/000110465919023385/0001104659-19-023385-index.htm",
    "finalLink": "https://www.sec.gov/Archives/edgar/data/217346/000110465919023385/a19-6598_110q.htm"
  },
  {
    "date": "2018-12-29",
    "symbol": "TXT",
    "reportedCurrency": "USD",
    "cik": "0000217346",
    "fillingDate": "2019-02-14",
    "acceptedDate": "2019-02-14 06:09:26",
    "calendarYear": "2019",
    "period": "Q4",
    "revenue": 3750000000,
    "costOfRevenue": 3105000000,
    "grossProfit": 645000000,
    "grossProfitRatio": 0.172,
    "researchAndDevelopmentExpenses": 643000000,
    "generalAndAdministrativeExpenses": 0,
    "sellingAndMarketingExpenses": 0,
    "sellingGeneralAndAdministrativeExpenses": 271000000,
    "otherExpenses": 19000000,
    "operatingExpenses": 271000000,
    "costAndExpenses": 3376000000,
    "interestIncome": 0,
    "interestExpense": 42000000,
    "depreciationAndAmortization": 115000000,
    "ebitda": 500000000,
    "ebitdaratio": 0.1333333333,
    "operatingIncome": 3750000000,
    "operatingIncomeRatio": 1,
    "totalOtherIncomeExpensesNet": -96000000,
    "incomeBeforeTax": 278000000,
    "incomeBeforeTaxRatio": 0.0741333333,
    "incomeTaxExpense": -32000000,
    "netIncome": 246000000,
    "netIncomeRatio": 0.0656,
    "eps": 1.02,
    "epsdiluted": 1.02,
    "weightedAverageShsOut": 242569000,
    "weightedAverageShsOutDil": 242569000,
    "link": "https://www.sec.gov/Archives/edgar/data/217346/000110465919008151/0001104659-19-008151-index.htm",
    "finalLink": "https://www.sec.gov/Archives/edgar/data/217346/000110465919008151/a19-30052_110k.htm"
  },
  {
    "date": "2018-09-29",
    "symbol": "TXT",
    "reportedCurrency": "USD",
    "cik": "0000217346",
    "fillingDate": "2018-10-25",
    "acceptedDate": "2018-10-25 14:38:04",
    "calendarYear": "2019",
    "period": "Q3",
    "revenue": 3200000000,
    "costOfRevenue": 2687000000,
    "grossProfit": 513000000,
    "grossProfitRatio": 0.1603125,
    "researchAndDevelopmentExpenses": 0,
    "generalAndAdministrativeExpenses": 0,
    "sellingAndMarketingExpenses": 0,
    "sellingGeneralAndAdministrativeExpenses": 307000000,
    "otherExpenses": 0,
    "operatingExpenses": 307000000,
    "costAndExpenses": 2994000000,
    "interestIncome": 0,
    "interestExpense": 41000000,
    "depreciationAndAmortization": 106000000,
    "ebitda": 3306000000,
    "ebitdaratio": 1.033125,
    "operatingIncome": 3200000000,
    "operatingIncomeRatio": 1,
    "totalOtherIncomeExpensesNet": 65000000,
    "incomeBeforeTax": 628000000,
    "incomeBeforeTaxRatio": 0.19625,
    "incomeTaxExpense": -65000000,
    "netIncome": 563000000,
    "netIncomeRatio": 0.1759375,
    "eps": 2.26,
    "epsdiluted": 2.26,
    "weightedAverageShsOut": 249115044,
    "weightedAverageShsOutDil": 249378000,
    "link": "https://www.sec.gov/Archives/edgar/data/217346/000110465918063918/0001104659-18-063918-index.htm",
    "finalLink": "https://www.sec.gov/Archives/edgar/data/217346/000110465918063918/a18-18986_110q.htm"
  },
  {
    "date": "2018-06-30",
    "symbol": "TXT",
    "reportedCurrency": "USD",
    "cik": "0000217346",
    "fillingDate": "2018-07-26",
    "acceptedDate": "2018-07-26 08:56:12",
    "calendarYear": "2019",
    "period": "Q2",
    "revenue": 3726000000,
    "costOfRevenue": 3073000000,
    "grossProfit": 653000000,
    "grossProfitRatio": 0.1752549651,
    "researchAndDevelopmentExpenses": 0,
    "generalAndAdministrativeExpenses": 0,
    "sellingAndMarketingExpenses": 0,
    "sellingGeneralAndAdministrativeExpenses": 370000000,
    "otherExpenses": 0,
    "operatingExpenses": 370000000,
    "costAndExpenses": 3443000000,
    "interestIncome": 0,
    "interestExpense": 42000000,
    "depreciationAndAmortization": 111000000,
    "ebitda": 3837000000,
    "ebitdaratio": 1.0297906602,
    "operatingIncome": 3726000000,
    "operatingIncomeRatio": 1,
    "totalOtherIncomeExpensesNet": -23000000,
    "incomeBeforeTax": 260000000,
    "incomeBeforeTaxRatio": 0.0697799249,
    "incomeTaxExpense": 36000000,
    "netIncome": 224000000,
    "netIncomeRatio": 0.0601180891,
    "eps": 0.9,
    "epsdiluted": 0.87,
    "weightedAverageShsOut": 248910000,
    "weightedAverageShsOutDil": 257177000,
    "link": "https://www.sec.gov/Archives/edgar/data/217346/000110465918047226/0001104659-18-047226-index.htm",
    "finalLink": "https://www.sec.gov/Archives/edgar/data/217346/000110465918047226/a18-14040_110q.htm"
  },
  {
    "date": "2018-03-31",
    "symbol": "TXT",
    "reportedCurrency": "USD",
    "cik": "0000217346",
    "fillingDate": "2018-04-25",
    "acceptedDate": "2018-04-25 15:54:08",
    "calendarYear": "2019",
    "period": "Q1",
    "revenue": 3280000000,
    "costOfRevenue": 2729000000,
    "grossProfit": 551000000,
    "grossProfitRatio": 0.1679878049,
    "researchAndDevelopmentExpenses": 0,
    "generalAndAdministrativeExpenses": 0,
    "sellingAndMarketingExpenses": 0,
    "sellingGeneralAndAdministrativeExpenses": 327000000,
    "otherExpenses": 0,
    "operatingExpenses": 327000000,
    "costAndExpenses": 3056000000,
    "interestIncome": 0,
    "interestExpense": 41000000,
    "depreciationAndAmortization": 105000000,
    "ebitda": 3385000000,
    "ebitdaratio": 1.0320121951,
    "operatingIncome": 3280000000,
    "operatingIncomeRatio": 1,
    "totalOtherIncomeExpensesNet": -22000000,
    "incomeBeforeTax": 218000000,
    "incomeBeforeTaxRatio": 0.0664634146,
    "incomeTaxExpense": 29000000,
    "netIncome": 189000000,
    "netIncomeRatio": 0.0576219512,
    "eps": 0.74,
    "epsdiluted": 0.72,
    "weightedAverageShsOut": 256375000,
    "weightedAverageShsOutDil": 263672000,
    "link": "https://www.sec.gov/Archives/edgar/data/217346/000110465918026597/0001104659-18-026597-index.htm",
    "finalLink": "https://www.sec.gov/Archives/edgar/data/217346/000110465918026597/a18-8609_110q.htm"
  },
  {
    "date": "2017-12-30",
    "symbol": "TXT",
    "reportedCurrency": "USD",
    "cik": "0000217346",
    "fillingDate": "2018-02-15",
    "acceptedDate": "2018-02-15 06:04:15",
    "calendarYear": "2018",
    "period": "Q4",
    "revenue": 4017000000,
    "costOfRevenue": 3344000000,
    "grossProfit": 673000000,
    "grossProfitRatio": 0.1675379637,
    "researchAndDevelopmentExpenses": 634000000,
    "generalAndAdministrativeExpenses": 0,
    "sellingAndMarketingExpenses": 0,
    "sellingGeneralAndAdministrativeExpenses": 350000000,
    "otherExpenses": 0,
    "operatingExpenses": 350000000,
    "costAndExpenses": 3694000000,
    "interestIncome": 0,
    "interestExpense": 45000000,
    "depreciationAndAmortization": 115000000,
    "ebitda": 431000000,
    "ebitdaratio": 0.1072940005,
    "operatingIncome": 4017000000,
    "operatingIncomeRatio": 1,
    "totalOtherIncomeExpensesNet": -100000000,
    "incomeBeforeTax": 223000000,
    "incomeBeforeTaxRatio": 0.0555140652,
    "incomeTaxExpense": -329000000,
    "netIncome": -106000000,
    "netIncomeRatio": -0.0263878516,
    "eps": -0.41,
    "epsdiluted": -0.4,
    "weightedAverageShsOut": 261500000,
    "weightedAverageShsOutDil": 263295000,
    "link": "https://www.sec.gov/Archives/edgar/data/217346/000110465918009905/0001104659-18-009905-index.htm",
    "finalLink": "https://www.sec.gov/Archives/edgar/data/217346/000110465918009905/a18-1018_110k.htm"
  },
  {
    "date": "2017-09-30",
    "symbol": "TXT",
    "reportedCurrency": "USD",
    "cik": "0000217346",
    "fillingDate": "2017-10-27",
    "acceptedDate": "2017-10-27 11:07:57",
    "calendarYear": "2018",
    "period": "Q3",
    "revenue": 3484000000,
    "costOfRevenue": 2877000000,
    "grossProfit": 607000000,
    "grossProfitRatio": 0.1742250287,
    "researchAndDevelopmentExpenses": 0,
    "generalAndAdministrativeExpenses": 0,
    "sellingAndMarketingExpenses": 0,
    "sellingGeneralAndAdministrativeExpenses": 335000000,
    "otherExpenses": 0,
    "operatingExpenses": 335000000,
    "costAndExpenses": 3212000000,
    "interestIncome": 0,
    "interestExpense": 44000000,
    "depreciationAndAmortization": 125000000,
    "ebitda": 379000000,
    "ebitdaratio": 0.108783008,
    "operatingIncome": 3484000000,
    "operatingIncomeRatio": 1,
    "totalOtherIncomeExpensesNet": -62000000,
    "incomeBeforeTax": 203000000,
    "incomeBeforeTaxRatio": 0.0582663605,
    "incomeTaxExpense": 44000000,
    "netIncome": 159000000,
    "netIncomeRatio": 0.0456371986,
    "eps": 0.6,
    "epsdiluted": 0.6,
    "weightedAverageShsOut": 263410000,
    "weightedAverageShsOutDil": 266989000,
    "link": "https://www.sec.gov/Archives/edgar/data/217346/000110465917064241/0001104659-17-064241-index.htm",
    "finalLink": "https://www.sec.gov/Archives/edgar/data/217346/000110465917064241/a17-20574_110q.htm"
  },
  {
    "date": "2017-07-01",
    "symbol": "TXT",
    "reportedCurrency": "USD",
    "cik": "0000217346",
    "fillingDate": "2017-07-27",
    "acceptedDate": "2017-07-27 09:22:43",
    "calendarYear": "2018",
    "period": "Q2",
    "revenue": 3604000000,
    "costOfRevenue": 2990000000,
    "grossProfit": 614000000,
    "grossProfitRatio": 0.1703662597,
    "researchAndDevelopmentExpenses": 0,
    "generalAndAdministrativeExpenses": 0,
    "sellingAndMarketingExpenses": 0,
    "sellingGeneralAndAdministrativeExpenses": 343000000,
    "otherExpenses": 0,
    "operatingExpenses": 343000000,
    "costAndExpenses": 3333000000,
    "interestIncome": 0,
    "interestExpense": 43000000,
    "depreciationAndAmortization": 112000000,
    "ebitda": 3716000000,
    "ebitdaratio": 1.0310765816,
    "operatingIncome": 3604000000,
    "operatingIncomeRatio": 1,
    "totalOtherIncomeExpensesNet": -49000000,
    "incomeBeforeTax": 215000000,
    "incomeBeforeTaxRatio": 0.0596559378,
    "incomeTaxExpense": -62000000,
    "netIncome": 153000000,
    "netIncomeRatio": 0.0424528302,
    "eps": 0.57,
    "epsdiluted": 0.57,
    "weightedAverageShsOut": 264713726,
    "weightedAverageShsOutDil": 269299000,
    "link": "https://www.sec.gov/Archives/edgar/data/217346/000110465917047241/0001104659-17-047241-index.htm",
    "finalLink": "https://www.sec.gov/Archives/edgar/data/217346/000110465917047241/a17-13284_110q.htm"
  },
  {
    "date": "2017-04-01",
    "symbol": "TXT",
    "reportedCurrency": "USD",
    "cik": "0000217346",
    "fillingDate": "2017-04-26",
    "acceptedDate": "2017-04-26 15:34:02",
    "calendarYear": "2018",
    "period": "Q1",
    "revenue": 3093000000,
    "costOfRevenue": 2584000000,
    "grossProfit": 509000000,
    "grossProfitRatio": 0.1645651471,
    "researchAndDevelopmentExpenses": 0,
    "generalAndAdministrativeExpenses": 0,
    "sellingAndMarketingExpenses": 0,
    "sellingGeneralAndAdministrativeExpenses": 309000000,
    "otherExpenses": 0,
    "operatingExpenses": 309000000,
    "costAndExpenses": 2893000000,
    "interestIncome": 0,
    "interestExpense": 42000000,
    "depreciationAndAmortization": 106000000,
    "ebitda": 306000000,
    "ebitdaratio": 0.0989330747,
    "operatingIncome": 200000000,
    "operatingIncomeRatio": 0.0646621403,
    "totalOtherIncomeExpensesNet": -71000000,
    "incomeBeforeTax": 121000000,
    "incomeBeforeTaxRatio": 0.0391205949,
    "incomeTaxExpense": 21000000,
    "netIncome": 101000000,
    "netIncomeRatio": 0.0326543809,
    "eps": 0.37,
    "epsdiluted": 0.37,
    "weightedAverageShsOut": 270489000,
    "weightedAverageShsOutDil": 272830000,
    "link": "https://www.sec.gov/Archives/edgar/data/217346/000110465917026335/0001104659-17-026335-index.htm",
    "finalLink": "https://www.sec.gov/Archives/edgar/data/217346/000110465917026335/a17-8816_110q.htm"
  },
  {
    "date": "2016-12-31",
    "symbol": "TXT",
    "reportedCurrency": "USD",
    "cik": "0000217346",
    "fillingDate": "2017-02-22",
    "acceptedDate": "2017-02-22 14:49:44",
    "calendarYear": "2017",
    "period": "Q4",
    "revenue": 3825000000,
    "costOfRevenue": 3126000000,
    "grossProfit": 699000000,
    "grossProfitRatio": 0.182745098,
    "researchAndDevelopmentExpenses": 677000000,
    "generalAndAdministrativeExpenses": 0,
    "sellingAndMarketingExpenses": 0,
    "sellingGeneralAndAdministrativeExpenses": 355000000,
    "otherExpenses": 0,
    "operatingExpenses": 355000000,
    "costAndExpenses": 3481000000,
    "interestIncome": 0,
    "interestExpense": 42000000,
    "depreciationAndAmortization": 115000000,
    "ebitda": 453000000,
    "ebitdaratio": 0.1184313725,
    "operatingIncome": 3825000000,
    "operatingIncomeRatio": 1,
    "totalOtherIncomeExpensesNet": -50000000,
    "incomeBeforeTax": 294000000,
    "incomeBeforeTaxRatio": 0.0768627451,
    "incomeTaxExpense": -79000000,
    "netIncome": 214000000,
    "netIncomeRatio": 0.0559477124,
    "eps": 0.79,
    "epsdiluted": 0.78,
    "weightedAverageShsOut": 270287000,
    "weightedAverageShsOutDil": 273114000,
    "link": "https://www.sec.gov/Archives/edgar/data/217346/000110465917010809/0001104659-17-010809-index.htm",
    "finalLink": "https://www.sec.gov/Archives/edgar/data/217346/000110465917010809/a17-1034_110k.htm"
  },
  {
    "date": "2016-10-01",
    "symbol": "TXT",
    "reportedCurrency": "USD",
    "cik": "0000217346",
    "fillingDate": "2016-10-27",
    "acceptedDate": "2016-10-27 09:19:19",
    "calendarYear": "2017",
    "period": "Q3",
    "revenue": 3251000000,
    "costOfRevenue": 2661000000,
    "grossProfit": 590000000,
    "grossProfitRatio": 0.1814826207,
    "researchAndDevelopmentExpenses": 0,
    "generalAndAdministrativeExpenses": 0,
    "sellingAndMarketingExpenses": 0,
    "sellingGeneralAndAdministrativeExpenses": 323000000,
    "otherExpenses": 0,
    "operatingExpenses": 323000000,
    "costAndExpenses": 2984000000,
    "interestIncome": 0,
    "interestExpense": 45000000,
    "depreciationAndAmortization": 108000000,
    "ebitda": 3359000000,
    "ebitdaratio": 1.0332205475,
    "operatingIncome": 3251000000,
    "operatingIncomeRatio": 1,
    "totalOtherIncomeExpensesNet": -160000000,
    "incomeBeforeTax": 107000000,
    "incomeBeforeTaxRatio": 0.0329129499,
    "incomeTaxExpense": 192000000,
    "netIncome": 421000000,
    "netIncomeRatio": 0.1294986158,
    "eps": 1.56,
    "epsdiluted": 1.55,
    "weightedAverageShsOut": 270134000,
    "weightedAverageShsOutDil": 272099000,
    "link": "https://www.sec.gov/Archives/edgar/data/217346/000110465916152425/0001104659-16-152425-index.htm",
    "finalLink": "https://www.sec.gov/Archives/edgar/data/217346/000110465916152425/a16-17108_110q.htm"
  },
  {
    "date": "2016-07-02",
    "symbol": "TXT",
    "reportedCurrency": "USD",
    "cik": "0000217346",
    "fillingDate": "2016-07-28",
    "acceptedDate": "2016-07-28 10:31:44",
    "calendarYear": "2017",
    "period": "Q2",
    "revenue": 3511000000,
    "costOfRevenue": 2889000000,
    "grossProfit": 622000000,
    "grossProfitRatio": 0.177157505,
    "researchAndDevelopmentExpenses": 0,
    "generalAndAdministrativeExpenses": 0,
    "sellingAndMarketingExpenses": 0,
    "sellingGeneralAndAdministrativeExpenses": 318000000,
    "otherExpenses": 0,
    "operatingExpenses": 318000000,
    "costAndExpenses": 3207000000,
    "interestIncome": 0,
    "interestExpense": 44000000,
    "depreciationAndAmortization": 114000000,
    "ebitda": 3625000000,
    "ebitdaratio": 1.0324693819,
    "operatingIncome": 3511000000,
    "operatingIncomeRatio": 1,
    "totalOtherIncomeExpensesNet": -44000000,
    "incomeBeforeTax": 260000000,
    "incomeBeforeTaxRatio": 0.0740529764,
    "incomeTaxExpense": 82000000,
    "netIncome": 177000000,
    "netIncomeRatio": 0.0504129878,
    "eps": 0.66,
    "epsdiluted": 0.65,
    "weightedAverageShsOut": 269344000,
    "weightedAverageShsOutDil": 271316000,
    "link": "https://www.sec.gov/Archives/edgar/data/217346/000110465916134869/0001104659-16-134869-index.htm",
    "finalLink": "https://www.sec.gov/Archives/edgar/data/217346/000110465916134869/a16-11476_110q.htm"
  },
  {
    "date": "2016-04-02",
    "symbol": "TXT",
    "reportedCurrency": "USD",
    "cik": "0000217346",
    "fillingDate": "2016-04-28",
    "acceptedDate": "2016-04-28 06:03:01",
    "calendarYear": "2017",
    "period": "Q1",
    "revenue": 3201000000,
    "costOfRevenue": 2635000000,
    "grossProfit": 566000000,
    "grossProfitRatio": 0.1768197438,
    "researchAndDevelopmentExpenses": 0,
    "generalAndAdministrativeExpenses": 0,
    "sellingAndMarketingExpenses": 0,
    "sellingGeneralAndAdministrativeExpenses": 308000000,
    "otherExpenses": 0,
    "operatingExpenses": 308000000,
    "costAndExpenses": 2943000000,
    "interestIncome": 0,
    "interestExpense": 43000000,
    "depreciationAndAmortization": 109000000,
    "ebitda": 3310000000,
    "ebitdaratio": 1.0340518588,
    "operatingIncome": 3201000000,
    "operatingIncomeRatio": 1,
    "totalOtherIncomeExpensesNet": -43000000,
    "incomeBeforeTax": 215000000,
    "incomeBeforeTaxRatio": 0.0671665105,
    "incomeTaxExpense": 64000000,
    "netIncome": 150000000,
    "netIncomeRatio": 0.0468603561,
    "eps": 0.56,
    "epsdiluted": 0.55,
    "weightedAverageShsOut": 268721000,
    "weightedAverageShsOutDil": 273022000,
    "link": "https://www.sec.gov/Archives/edgar/data/217346/000110465916114825/0001104659-16-114825-index.htm",
    "finalLink": "https://www.sec.gov/Archives/edgar/data/217346/000110465916114825/a16-6092_110q.htm"
  },
  {
    "date": "2016-01-02",
    "symbol": "TXT",
    "reportedCurrency": "USD",
    "cik": "0000217346",
    "fillingDate": "2016-02-24",
    "acceptedDate": "2016-02-24 15:55:32",
    "calendarYear": "2016",
    "period": "Q4",
    "revenue": 3923000000,
    "costOfRevenue": 3251000000,
    "grossProfit": 672000000,
    "grossProfitRatio": 0.1712974764,
    "researchAndDevelopmentExpenses": 778000000,
    "generalAndAdministrativeExpenses": 0,
    "sellingAndMarketingExpenses": 0,
    "sellingGeneralAndAdministrativeExpenses": 335000000,
    "otherExpenses": 0,
    "operatingExpenses": 335000000,
    "costAndExpenses": 3586000000,
    "interestIncome": 0,
    "interestExpense": 43000000,
    "depreciationAndAmortization": 129000000,
    "ebitda": 4052000000,
    "ebitdaratio": 1.0328829977,
    "operatingIncome": 3923000000,
    "operatingIncomeRatio": 1,
    "totalOtherIncomeExpensesNet": -43000000,
    "incomeBeforeTax": 294000000,
    "incomeBeforeTaxRatio": 0.0749426459,
    "incomeTaxExpense": 69000000,
    "netIncome": 226000000,
    "netIncomeRatio": 0.0576089727,
    "eps": 0.83,
    "epsdiluted": 0.82,
    "weightedAverageShsOut": 274228000,
    "weightedAverageShsOutDil": 276653000,
    "link": "https://www.sec.gov/Archives/edgar/data/217346/000110465916099562/0001104659-16-099562-index.htm",
    "finalLink": "https://www.sec.gov/Archives/edgar/data/217346/000110465916099562/a15-23451_110k.htm"
  },
  {
    "date": "2015-10-03",
    "symbol": "TXT",
    "reportedCurrency": "USD",
    "cik": "0000217346",
    "fillingDate": "2015-10-28",
    "acceptedDate": "2015-10-28 15:26:42",
    "calendarYear": "2016",
    "period": "Q3",
    "revenue": 3180000000,
    "costOfRevenue": 2584000000,
    "grossProfit": 596000000,
    "grossProfitRatio": 0.1874213836,
    "researchAndDevelopmentExpenses": 0,
    "generalAndAdministrativeExpenses": 0,
    "sellingAndMarketingExpenses": 0,
    "sellingGeneralAndAdministrativeExpenses": 303000000,
    "otherExpenses": 0,
    "operatingExpenses": 303000000,
    "costAndExpenses": 2887000000,
    "interestIncome": 0,
    "interestExpense": 41000000,
    "depreciationAndAmortization": 112000000,
    "ebitda": 3292000000,
    "ebitdaratio": 1.0352201258,
    "operatingIncome": 3180000000,
    "operatingIncomeRatio": 1,
    "totalOtherIncomeExpensesNet": -41000000,
    "incomeBeforeTax": 252000000,
    "incomeBeforeTaxRatio": 0.079245283,
    "incomeTaxExpense": 76000000,
    "netIncome": 176000000,
    "netIncomeRatio": 0.0553459119,
    "eps": 0.64,
    "epsdiluted": 0.63,
    "weightedAverageShsOut": 273862000,
    "weightedAverageShsOutDil": 278039000,
    "link": "https://www.sec.gov/Archives/edgar/data/217346/000110465915073479/0001104659-15-073479-index.htm",
    "finalLink": "https://www.sec.gov/Archives/edgar/data/217346/000110465915073479/a15-17798_110q.htm"
  },
  {
    "date": "2015-07-04",
    "symbol": "TXT",
    "reportedCurrency": "USD",
    "cik": "0000217346",
    "fillingDate": "2015-07-29",
    "acceptedDate": "2015-07-29 15:00:54",
    "calendarYear": "2016",
    "period": "Q2",
    "revenue": 3247000000,
    "costOfRevenue": 2635000000,
    "grossProfit": 612000000,
    "grossProfitRatio": 0.1884816754,
    "researchAndDevelopmentExpenses": 0,
    "generalAndAdministrativeExpenses": 0,
    "sellingAndMarketingExpenses": 0,
    "sellingGeneralAndAdministrativeExpenses": 329000000,
    "otherExpenses": 0,
    "operatingExpenses": 329000000,
    "costAndExpenses": 2964000000,
    "interestIncome": 0,
    "interestExpense": 42000000,
    "depreciationAndAmortization": 110000000,
    "ebitda": 3357000000,
    "ebitdaratio": 1.0338774253,
    "operatingIncome": 3247000000,
    "operatingIncomeRatio": 1,
    "totalOtherIncomeExpensesNet": -42000000,
    "incomeBeforeTax": 241000000,
    "incomeBeforeTaxRatio": 0.0742223591,
    "incomeTaxExpense": 72000000,
    "netIncome": 167000000,
    "netIncomeRatio": 0.0514320912,
    "eps": 0.6,
    "epsdiluted": 0.6,
    "weightedAverageShsOut": 276342000,
    "weightedAverageShsOutDil": 279935000,
    "link": "https://www.sec.gov/Archives/edgar/data/217346/000110465915054257/0001104659-15-054257-index.htm",
    "finalLink": "https://www.sec.gov/Archives/edgar/data/217346/000110465915054257/a15-11861_110q.htm"
  },
  {
    "date": "2015-04-04",
    "symbol": "TXT",
    "reportedCurrency": "USD",
    "cik": "0000217346",
    "fillingDate": "2015-04-29",
    "acceptedDate": "2015-04-29 13:57:06",
    "calendarYear": "2016",
    "period": "Q1",
    "revenue": 3073000000,
    "costOfRevenue": 2509000000,
    "grossProfit": 564000000,
    "grossProfitRatio": 0.1835340059,
    "researchAndDevelopmentExpenses": 0,
    "generalAndAdministrativeExpenses": 0,
    "sellingAndMarketingExpenses": 0,
    "sellingGeneralAndAdministrativeExpenses": 337000000,
    "otherExpenses": 0,
    "operatingExpenses": 337000000,
    "costAndExpenses": 2846000000,
    "interestIncome": 0,
    "interestExpense": 43000000,
    "depreciationAndAmortization": 110000000,
    "ebitda": 3183000000,
    "ebitdaratio": 1.0357956394,
    "operatingIncome": 3073000000,
    "operatingIncomeRatio": 1,
    "totalOtherIncomeExpensesNet": -43000000,
    "incomeBeforeTax": 184000000,
    "incomeBeforeTaxRatio": 0.0598763423,
    "incomeTaxExpense": 56000000,
    "netIncome": 128000000,
    "netIncomeRatio": 0.0416531077,
    "eps": 0.46,
    "epsdiluted": 0.46,
    "weightedAverageShsOut": 277497000,
    "weightedAverageShsOutDil": 280077000,
    "link": "https://www.sec.gov/Archives/edgar/data/217346/000110465915031545/0001104659-15-031545-index.htm",
    "finalLink": "https://www.sec.gov/Archives/edgar/data/217346/000110465915031545/a15-6401_110q.htm"
  },
  {
    "date": "2015-01-03",
    "symbol": "TXT",
    "reportedCurrency": "USD",
    "cik": "0000217346",
    "fillingDate": "2015-02-25",
    "acceptedDate": "2015-02-25 13:56:08",
    "calendarYear": "2015",
    "period": "Q4",
    "revenue": 4096000000,
    "costOfRevenue": 3344000000,
    "grossProfit": 752000000,
    "grossProfitRatio": 0.18359375,
    "researchAndDevelopmentExpenses": 694000000,
    "generalAndAdministrativeExpenses": 0,
    "sellingAndMarketingExpenses": 0,
    "sellingGeneralAndAdministrativeExpenses": 402000000,
    "otherExpenses": 0,
    "operatingExpenses": 402000000,
    "costAndExpenses": 3746000000,
    "interestIncome": 0,
    "interestExpense": 50000000,
    "depreciationAndAmortization": 134000000,
    "ebitda": 537000000,
    "ebitdaratio": 0.1311035156,
    "operatingIncome": 4083000000,
    "operatingIncomeRatio": 0.9968261719,
    "totalOtherIncomeExpensesNet": -63000000,
    "incomeBeforeTax": 287000000,
    "incomeBeforeTaxRatio": 0.0700683594,
    "incomeTaxExpense": 74000000,
    "netIncome": 212000000,
    "netIncomeRatio": 0.0517578125,
    "eps": 0.77,
    "epsdiluted": 0.76,
    "weightedAverageShsOut": 276600000,
    "weightedAverageShsOutDil": 279771000,
    "link": "https://www.sec.gov/Archives/edgar/data/217346/000110465915013784/0001104659-15-013784-index.htm",
    "finalLink": "https://www.sec.gov/Archives/edgar/data/217346/000110465915013784/a14-26298_110k.htm"
  },
  {
    "date": "2014-09-27",
    "symbol": "TXT",
    "reportedCurrency": "USD",
    "cik": "0000217346",
    "fillingDate": "2014-10-24",
    "acceptedDate": "2014-10-24 06:05:10",
    "calendarYear": "2015",
    "period": "Q3",
    "revenue": 3430000000,
    "costOfRevenue": 2845000000,
    "grossProfit": 585000000,
    "grossProfitRatio": 0.1705539359,
    "researchAndDevelopmentExpenses": 0,
    "generalAndAdministrativeExpenses": 0,
    "sellingAndMarketingExpenses": 0,
    "sellingGeneralAndAdministrativeExpenses": 304000000,
    "otherExpenses": 0,
    "operatingExpenses": 304000000,
    "costAndExpenses": 3149000000,
    "interestIncome": 0,
    "interestExpense": 47000000,
    "depreciationAndAmortization": 111000000,
    "ebitda": 3538000000,
    "ebitdaratio": 1.0314868805,
    "operatingIncome": 3427000000,
    "operatingIncomeRatio": 0.9991253644,
    "totalOtherIncomeExpensesNet": -50000000,
    "incomeBeforeTax": 231000000,
    "incomeBeforeTaxRatio": 0.0673469388,
    "incomeTaxExpense": 71000000,
    "netIncome": 159000000,
    "netIncomeRatio": 0.0463556851,
    "eps": 0.58,
    "epsdiluted": 0.57,
    "weightedAverageShsOut": 276195000,
    "weightedAverageShsOutDil": 281030000,
    "link": "https://www.sec.gov/Archives/edgar/data/217346/000110465914073500/0001104659-14-073500-index.htm",
    "finalLink": "https://www.sec.gov/Archives/edgar/data/217346/000110465914073500/a14-19710_110q.htm"
  },
  {
    "date": "2014-06-28",
    "symbol": "TXT",
    "reportedCurrency": "USD",
    "cik": "0000217346",
    "fillingDate": "2014-07-23",
    "acceptedDate": "2014-07-23 16:28:23",
    "calendarYear": "2015",
    "period": "Q2",
    "revenue": 3505000000,
    "costOfRevenue": 2875000000,
    "grossProfit": 630000000,
    "grossProfitRatio": 0.179743224,
    "researchAndDevelopmentExpenses": 0,
    "generalAndAdministrativeExpenses": 0,
    "sellingAndMarketingExpenses": 0,
    "sellingGeneralAndAdministrativeExpenses": 353000000,
    "otherExpenses": 0,
    "operatingExpenses": 353000000,
    "costAndExpenses": 3228000000,
    "interestIncome": 0,
    "interestExpense": 47000000,
    "depreciationAndAmortization": 116000000,
    "ebitda": 3601000000,
    "ebitdaratio": 1.0273894437,
    "operatingIncome": 3485000000,
    "operatingIncomeRatio": 0.9942938659,
    "totalOtherIncomeExpensesNet": -67000000,
    "incomeBeforeTax": 210000000,
    "incomeBeforeTaxRatio": 0.059914408,
    "incomeTaxExpense": 65000000,
    "netIncome": 144000000,
    "netIncomeRatio": 0.0410841655,
    "eps": 0.51,
    "epsdiluted": 0.51,
    "weightedAverageShsOut": 279748000,
    "weightedAverageShsOutDil": 282764000,
    "link": "https://www.sec.gov/Archives/edgar/data/217346/000110465914052989/0001104659-14-052989-index.htm",
    "finalLink": "https://www.sec.gov/Archives/edgar/data/217346/000110465914052989/a14-13975_110q.htm"
  },
  {
    "date": "2014-03-29",
    "symbol": "TXT",
    "reportedCurrency": "USD",
    "cik": "0000217346",
    "fillingDate": "2014-05-01",
    "acceptedDate": "2014-05-01 15:07:15",
    "calendarYear": "2015",
    "period": "Q1",
    "revenue": 2847000000,
    "costOfRevenue": 2357000000,
    "grossProfit": 490000000,
    "grossProfitRatio": 0.172110994,
    "researchAndDevelopmentExpenses": 0,
    "generalAndAdministrativeExpenses": 0,
    "sellingAndMarketingExpenses": 0,
    "sellingGeneralAndAdministrativeExpenses": 302000000,
    "otherExpenses": 0,
    "operatingExpenses": 302000000,
    "costAndExpenses": 2659000000,
    "interestIncome": 0,
    "interestExpense": 47000000,
    "depreciationAndAmortization": 98000000,
    "ebitda": 2945000000,
    "ebitdaratio": 1.0344221988,
    "operatingIncome": 2847000000,
    "operatingIncomeRatio": 1,
    "totalOtherIncomeExpensesNet": -63000000,
    "incomeBeforeTax": 125000000,
    "incomeBeforeTaxRatio": 0.0439058658,
    "incomeTaxExpense": 38000000,
    "netIncome": 85000000,
    "netIncomeRatio": 0.0298559888,
    "eps": 0.3,
    "epsdiluted": 0.3,
    "weightedAverageShsOut": 278888000,
    "weightedAverageShsOutDil": 283327000,
    "link": "https://www.sec.gov/Archives/edgar/data/217346/000110465914033439/0001104659-14-033439-index.htm",
    "finalLink": "https://www.sec.gov/Archives/edgar/data/217346/000110465914033439/a14-9291_110q.htm"
  },
  {
    "date": "2013-12-28",
    "symbol": "TXT",
    "reportedCurrency": "USD",
    "cik": "0000217346",
    "fillingDate": "2014-02-14",
    "acceptedDate": "2014-02-14 06:01:36",
    "calendarYear": "2014",
    "period": "Q4",
    "revenue": 3506000000,
    "costOfRevenue": 2938000000,
    "grossProfit": 568000000,
    "grossProfitRatio": 0.1620079863,
    "researchAndDevelopmentExpenses": 651000000,
    "generalAndAdministrativeExpenses": 0,
    "sellingAndMarketingExpenses": 0,
    "sellingGeneralAndAdministrativeExpenses": 306000000,
    "otherExpenses": 0,
    "operatingExpenses": 306000000,
    "costAndExpenses": 3244000000,
    "interestIncome": 0,
    "interestExpense": 39000000,
    "depreciationAndAmortization": 104000000,
    "ebitda": 3610000000,
    "ebitdaratio": 1.0296634341,
    "operatingIncome": 3506000000,
    "operatingIncomeRatio": 1,
    "totalOtherIncomeExpensesNet": -39000000,
    "incomeBeforeTax": 223000000,
    "incomeBeforeTaxRatio": 0.0636052481,
    "incomeTaxExpense": 52000000,
    "netIncome": 167000000,
    "netIncomeRatio": 0.0476326298,
    "eps": 0.59,
    "epsdiluted": 0.59,
    "weightedAverageShsOut": 282100000,
    "weightedAverageShsOutDil": 282707000,
    "link": "https://www.sec.gov/Archives/edgar/data/217346/000110465914009908/0001104659-14-009908-index.htm",
    "finalLink": "https://www.sec.gov/Archives/edgar/data/217346/000110465914009908/a13-26941_110k.htm"
  },
  {
    "date": "2013-09-28",
    "symbol": "TXT",
    "reportedCurrency": "USD",
    "cik": "0000217346",
    "fillingDate": "2013-10-24",
    "acceptedDate": "2013-10-24 10:58:41",
    "calendarYear": "2014",
    "period": "Q3",
    "revenue": 2904000000,
    "costOfRevenue": 2473000000,
    "grossProfit": 431000000,
    "grossProfitRatio": 0.148415978,
    "researchAndDevelopmentExpenses": 0,
    "generalAndAdministrativeExpenses": 0,
    "sellingAndMarketingExpenses": 0,
    "sellingGeneralAndAdministrativeExpenses": 245000000,
    "otherExpenses": 0,
    "operatingExpenses": 245000000,
    "costAndExpenses": 2718000000,
    "interestIncome": 0,
    "interestExpense": 41000000,
    "depreciationAndAmortization": 93000000,
    "ebitda": 2997000000,
    "ebitdaratio": 1.0320247934,
    "operatingIncome": 2904000000,
    "operatingIncomeRatio": 1,
    "totalOtherIncomeExpensesNet": -41000000,
    "incomeBeforeTax": 145000000,
    "incomeBeforeTaxRatio": 0.0499311295,
    "incomeTaxExpense": -47000000,
    "netIncome": 99000000,
    "netIncomeRatio": 0.0340909091,
    "eps": 0.35,
    "epsdiluted": 0.35,
    "weightedAverageShsOut": 281071000,
    "weightedAverageShsOutDil": 281710000,
    "link": "https://www.sec.gov/Archives/edgar/data/217346/000110465913077516/0001104659-13-077516-index.htm",
    "finalLink": "https://www.sec.gov/Archives/edgar/data/217346/000110465913077516/a13-19561_110q.htm"
  },
  {
    "date": "2013-06-29",
    "symbol": "TXT",
    "reportedCurrency": "USD",
    "cik": "0000217346",
    "fillingDate": "2013-07-24",
    "acceptedDate": "2013-07-24 16:49:12",
    "calendarYear": "2014",
    "period": "Q2",
    "revenue": 2839000000,
    "costOfRevenue": 2338000000,
    "grossProfit": 501000000,
    "grossProfitRatio": 0.1764705882,
    "researchAndDevelopmentExpenses": 0,
    "generalAndAdministrativeExpenses": 0,
    "sellingAndMarketingExpenses": 0,
    "sellingGeneralAndAdministrativeExpenses": 296000000,
    "otherExpenses": 0,
    "operatingExpenses": 296000000,
    "costAndExpenses": 2634000000,
    "interestIncome": 0,
    "interestExpense": 42000000,
    "depreciationAndAmortization": 95000000,
    "ebitda": 2934000000,
    "ebitdaratio": 1.0334624868,
    "operatingIncome": 2839000000,
    "operatingIncomeRatio": 1,
    "totalOtherIncomeExpensesNet": -42000000,
    "incomeBeforeTax": 163000000,
    "incomeBeforeTaxRatio": 0.0574145826,
    "incomeTaxExpense": 49000000,
    "netIncome": 113000000,
    "netIncomeRatio": 0.0398027474,
    "eps": 0.4,
    "epsdiluted": 0.4,
    "weightedAverageShsOut": 280390000,
    "weightedAverageShsOutDil": 283824000,
    "link": "https://www.sec.gov/Archives/edgar/data/217346/000110465913056273/0001104659-13-056273-index.htm",
    "finalLink": "https://www.sec.gov/Archives/edgar/data/217346/000110465913056273/a13-13653_110q.htm"
  },
  {
    "date": "2013-03-30",
    "symbol": "TXT",
    "reportedCurrency": "USD",
    "cik": "0000217346",
    "fillingDate": "2013-04-25",
    "acceptedDate": "2013-04-25 09:12:27",
    "calendarYear": "2014",
    "period": "Q1",
    "revenue": 2855000000,
    "costOfRevenue": 2382000000,
    "grossProfit": 473000000,
    "grossProfitRatio": 0.1656742557,
    "researchAndDevelopmentExpenses": 0,
    "generalAndAdministrativeExpenses": 0,
    "sellingAndMarketingExpenses": 0,
    "sellingGeneralAndAdministrativeExpenses": 279000000,
    "otherExpenses": 0,
    "operatingExpenses": 279000000,
    "costAndExpenses": 2661000000,
    "interestIncome": 0,
    "interestExpense": 51000000,
    "depreciationAndAmortization": 97000000,
    "ebitda": 2952000000,
    "ebitdaratio": 1.0339754816,
    "operatingIncome": 2855000000,
    "operatingIncomeRatio": 1,
    "totalOtherIncomeExpensesNet": -51000000,
    "incomeBeforeTax": 143000000,
    "incomeBeforeTaxRatio": 0.0500875657,
    "incomeTaxExpense": 28000000,
    "netIncome": 119000000,
    "netIncomeRatio": 0.0416812609,
    "eps": 0.43,
    "epsdiluted": 0.41,
    "weightedAverageShsOut": 276081000,
    "weightedAverageShsOutDil": 288978000,
    "link": "https://www.sec.gov/Archives/edgar/data/217346/000110465913032739/0001104659-13-032739-index.htm",
    "finalLink": "https://www.sec.gov/Archives/edgar/data/217346/000110465913032739/a13-8249_110q.htm"
  },
  {
    "date": "2012-12-29",
    "symbol": "TXT",
    "reportedCurrency": "USD",
    "cik": "0000217346",
    "fillingDate": "2013-02-15",
    "acceptedDate": "2013-02-15 06:06:55",
    "calendarYear": "2013",
    "period": "Q4",
    "revenue": 3362000000,
    "costOfRevenue": 2797000000,
    "grossProfit": 565000000,
    "grossProfitRatio": 0.1680547293,
    "researchAndDevelopmentExpenses": 584000000,
    "generalAndAdministrativeExpenses": 0,
    "sellingAndMarketingExpenses": 0,
    "sellingGeneralAndAdministrativeExpenses": 312000000,
    "otherExpenses": 0,
    "operatingExpenses": 309000000,
    "costAndExpenses": 3106000000,
    "interestIncome": 0,
    "interestExpense": 52000000,
    "depreciationAndAmortization": 106000000,
    "ebitda": 358000000,
    "ebitdaratio": 0.1064842356,
    "operatingIncome": 3362000000,
    "operatingIncomeRatio": 1,
    "totalOtherIncomeExpensesNet": -56000000,
    "incomeBeforeTax": 200000000,
    "incomeBeforeTaxRatio": 0.0594883998,
    "incomeTaxExpense": 54000000,
    "netIncome": 148000000,
    "netIncomeRatio": 0.0440214158,
    "eps": 0.55,
    "epsdiluted": 0.51,
    "weightedAverageShsOut": 271300000,
    "weightedAverageShsOutDil": 291562000,
    "link": "https://www.sec.gov/Archives/edgar/data/217346/000110465913011048/0001104659-13-011048-index.htm",
    "finalLink": "https://www.sec.gov/Archives/edgar/data/217346/000110465913011048/a12-30151_410k.htm"
  },
  {
    "date": "2012-09-29",
    "symbol": "TXT",
    "reportedCurrency": "USD",
    "cik": "0000217346",
    "fillingDate": "2012-10-25",
    "acceptedDate": "2012-10-25 09:19:38",
    "calendarYear": "2013",
    "period": "Q3",
    "revenue": 2936000000,
    "costOfRevenue": 2718000000,
    "grossProfit": 218000000,
    "grossProfitRatio": 0.0742506812,
    "researchAndDevelopmentExpenses": 0,
    "generalAndAdministrativeExpenses": 0,
    "sellingAndMarketingExpenses": 0,
    "sellingGeneralAndAdministrativeExpenses": 38000000,
    "otherExpenses": 0,
    "operatingExpenses": 38000000,
    "costAndExpenses": 2756000000,
    "interestIncome": 64000000,
    "interestExpense": 35000000,
    "depreciationAndAmortization": 94000000,
    "ebitda": 338000000,
    "ebitdaratio": 0.1151226158,
    "operatingIncome": 244000000,
    "operatingIncomeRatio": 0.083106267,
    "totalOtherIncomeExpensesNet": -52000000,
    "incomeBeforeTax": 209000000,
    "incomeBeforeTaxRatio": 0.0711852861,
    "incomeTaxExpense": 67000000,
    "netIncome": 151000000,
    "netIncomeRatio": 0.0514305177,
    "eps": 0.51,
    "epsdiluted": 0.51,
    "weightedAverageShsOut": 296078431,
    "weightedAverageShsOutDil": 296920000,
    "link": "https://www.sec.gov/Archives/edgar/data/217346/000110465912071046/0001104659-12-071046-index.htm",
    "finalLink": "https://www.sec.gov/Archives/edgar/data/217346/000110465912071046/a12-20149_110q.htm"
  },
  {
    "date": "2012-06-30",
    "symbol": "TXT",
    "reportedCurrency": "USD",
    "cik": "0000217346",
    "fillingDate": "2012-07-26",
    "acceptedDate": "2012-07-26 09:07:09",
    "calendarYear": "2013",
    "period": "Q2",
    "revenue": 3019000000,
    "costOfRevenue": 2709000000,
    "grossProfit": 310000000,
    "grossProfitRatio": 0.1026830076,
    "researchAndDevelopmentExpenses": 0,
    "generalAndAdministrativeExpenses": 0,
    "sellingAndMarketingExpenses": 0,
    "sellingGeneralAndAdministrativeExpenses": 20000000,
    "otherExpenses": 0,
    "operatingExpenses": 20000000,
    "costAndExpenses": 2729000000,
    "interestIncome": 0,
    "interestExpense": 35000000,
    "depreciationAndAmortization": 92000000,
    "ebitda": 382000000,
    "ebitdaratio": 0.1265319642,
    "operatingIncome": 290000000,
    "operatingIncomeRatio": 0.0960582974,
    "totalOtherIncomeExpensesNet": -53000000,
    "incomeBeforeTax": 255000000,
    "incomeBeforeTaxRatio": 0.0844650547,
    "incomeTaxExpense": 82000000,
    "netIncome": 172000000,
    "netIncomeRatio": 0.0569725075,
    "eps": 0.58,
    "epsdiluted": 0.58,
    "weightedAverageShsOut": 296551724,
    "weightedAverageShsOutDil": 296551724,
    "link": "https://www.sec.gov/Archives/edgar/data/217346/000110465912051224/0001104659-12-051224-index.htm",
    "finalLink": "https://www.sec.gov/Archives/edgar/data/217346/000110465912051224/a12-14458_110q.htm"
  },
  {
    "date": "2012-03-31",
    "symbol": "TXT",
    "reportedCurrency": "USD",
    "cik": "0000217346",
    "fillingDate": "2012-04-26",
    "acceptedDate": "2012-04-26 11:11:21",
    "calendarYear": "2013",
    "period": "Q1",
    "revenue": 2856000000,
    "costOfRevenue": 2597000000,
    "grossProfit": 259000000,
    "grossProfitRatio": 0.0906862745,
    "researchAndDevelopmentExpenses": 0,
    "generalAndAdministrativeExpenses": 0,
    "sellingAndMarketingExpenses": 0,
    "sellingGeneralAndAdministrativeExpenses": 47000000,
    "otherExpenses": 0,
    "operatingExpenses": 47000000,
    "costAndExpenses": 2644000000,
    "interestIncome": 0,
    "interestExpense": 35000000,
    "depreciationAndAmortization": 91000000,
    "ebitda": 303000000,
    "ebitdaratio": 0.106092437,
    "operatingIncome": 212000000,
    "operatingIncomeRatio": 0.0742296919,
    "totalOtherIncomeExpensesNet": -55000000,
    "incomeBeforeTax": 177000000,
    "incomeBeforeTaxRatio": 0.0619747899,
    "incomeTaxExpense": 57000000,
    "netIncome": 118000000,
    "netIncomeRatio": 0.0413165266,
    "eps": 0.4,
    "epsdiluted": 0.4,
    "weightedAverageShsOut": 295000000,
    "weightedAverageShsOutDil": 295000000,
    "link": "https://www.sec.gov/Archives/edgar/data/217346/000119312512184508/0001193125-12-184508-index.htm",
    "finalLink": "https://www.sec.gov/Archives/edgar/data/217346/000119312512184508/d322891d10q.htm"
  },
  {
    "date": "2011-12-31",
    "symbol": "TXT",
    "reportedCurrency": "USD",
    "cik": "0000217346",
    "fillingDate": "2012-02-23",
    "acceptedDate": "2012-02-23 14:38:27",
    "calendarYear": "2012",
    "period": "Q4",
    "revenue": 3254000000,
    "costOfRevenue": 2715000000,
    "grossProfit": 539000000,
    "grossProfitRatio": 0.1656422864,
    "researchAndDevelopmentExpenses": 0,
    "generalAndAdministrativeExpenses": 0,
    "sellingAndMarketingExpenses": 0,
    "sellingGeneralAndAdministrativeExpenses": 333000000,
    "otherExpenses": 0,
    "operatingExpenses": 507000000,
    "costAndExpenses": 3222000000,
    "interestIncome": 0,
    "interestExpense": 62000000,
    "depreciationAndAmortization": 114000000,
    "ebitda": 146000000,
    "ebitdaratio": 0.0448678549,
    "operatingIncome": 32000000,
    "operatingIncomeRatio": 0.0098340504,
    "totalOtherIncomeExpensesNet": -62000000,
    "incomeBeforeTax": -30000000,
    "incomeBeforeTaxRatio": -0.0092194222,
    "incomeTaxExpense": -13000000,
    "netIncome": -19000000,
    "netIncomeRatio": -0.0058389674,
    "eps": -0.0681,
    "epsdiluted": -0.0653,
    "weightedAverageShsOut": 278881000,
    "weightedAverageShsOutDil": 290758000,
    "link": "https://www.sec.gov/Archives/edgar/data/217346/000119312512074981/0001193125-12-074981-index.htm",
    "finalLink": "https://www.sec.gov/Archives/edgar/data/217346/000119312512074981/d276253d10k.htm"
  },
  {
    "date": "2011-10-01",
    "symbol": "TXT",
    "reportedCurrency": "USD",
    "cik": "0000217346",
    "fillingDate": "2011-10-28",
    "acceptedDate": "2011-10-28 14:32:35",
    "calendarYear": "2012",
    "period": "Q3",
    "revenue": 2814000000,
    "costOfRevenue": 2578000000,
    "grossProfit": 236000000,
    "grossProfitRatio": 0.0838663824,
    "researchAndDevelopmentExpenses": 0,
    "generalAndAdministrativeExpenses": 0,
    "sellingAndMarketingExpenses": 0,
    "sellingGeneralAndAdministrativeExpenses": 13000000,
    "otherExpenses": 0,
    "operatingExpenses": 13000000,
    "costAndExpenses": 2591000000,
    "interestIncome": 0,
    "interestExpense": 37000000,
    "depreciationAndAmortization": 94000000,
    "ebitda": 223000000,
    "ebitdaratio": 0.079246624,
    "operatingIncome": 129000000,
    "operatingIncomeRatio": 0.0458422175,
    "totalOtherIncomeExpensesNet": -64000000,
    "incomeBeforeTax": 186000000,
    "incomeBeforeTaxRatio": 0.066098081,
    "incomeTaxExpense": 50000000,
    "netIncome": 142000000,
    "netIncomeRatio": 0.0504619758,
    "eps": 0.47,
    "epsdiluted": 0.47,
    "weightedAverageShsOut": 300866000,
    "weightedAverageShsOutDil": 300866000,
    "link": "https://www.sec.gov/Archives/edgar/data/217346/000095012311092910/0000950123-11-092910-index.htm",
    "finalLink": "https://www.sec.gov/Archives/edgar/data/217346/000095012311092910/b87799e10vq.htm"
  },
  {
    "date": "2011-07-02",
    "symbol": "TXT",
    "reportedCurrency": "USD",
    "cik": "0000217346",
    "fillingDate": "2011-07-29",
    "acceptedDate": "2011-07-29 10:43:29",
    "calendarYear": "2012",
    "period": "Q2",
    "revenue": 2728000000,
    "costOfRevenue": 2225000000,
    "grossProfit": 503000000,
    "grossProfitRatio": 0.1843841642,
    "researchAndDevelopmentExpenses": 0,
    "generalAndAdministrativeExpenses": 0,
    "sellingAndMarketingExpenses": 0,
    "sellingGeneralAndAdministrativeExpenses": 295000000,
    "otherExpenses": 73000000,
    "operatingExpenses": 307000000,
    "costAndExpenses": 2532000000,
    "interestIncome": 0,
    "interestExpense": 61000000,
    "depreciationAndAmortization": 100000000,
    "ebitda": 296000000,
    "ebitdaratio": 0.1085043988,
    "operatingIncome": 196000000,
    "operatingIncomeRatio": 0.0718475073,
    "totalOtherIncomeExpensesNet": -73000000,
    "incomeBeforeTax": 135000000,
    "incomeBeforeTaxRatio": 0.0494868035,
    "incomeTaxExpense": 43000000,
    "netIncome": 90000000,
    "netIncomeRatio": 0.0329912023,
    "eps": 0.32,
    "epsdiluted": 0.29,
    "weightedAverageShsOut": 277406000,
    "weightedAverageShsOutDil": 315208000,
    "link": "https://www.sec.gov/Archives/edgar/data/217346/000095012311070043/0000950123-11-070043-index.htm",
    "finalLink": "https://www.sec.gov/Archives/edgar/data/217346/000095012311070043/b83242xxe10vq.htm"
  },
  {
    "date": "2011-04-20",
    "symbol": "TXT",
    "reportedCurrency": "USD",
    "cik": "0000217346",
    "fillingDate": "2011-04-28",
    "acceptedDate": "2011-04-28 15:52:17",
    "calendarYear": "2012",
    "period": "Q1",
    "revenue": 2479000000,
    "costOfRevenue": 2055000000,
    "grossProfit": 424000000,
    "grossProfitRatio": 0.1710367084,
    "researchAndDevelopmentExpenses": 0,
    "generalAndAdministrativeExpenses": 0,
    "sellingAndMarketingExpenses": 0,
    "sellingGeneralAndAdministrativeExpenses": 304000000,
    "otherExpenses": 74000000,
    "operatingExpenses": 316000000,
    "costAndExpenses": 2371000000,
    "interestIncome": 0,
    "interestExpense": 62000000,
    "depreciationAndAmortization": 95000000,
    "ebitda": 203000000,
    "ebitdaratio": 0.081887858,
    "operatingIncome": 108000000,
    "operatingIncomeRatio": 0.043565954,
    "totalOtherIncomeExpensesNet": -62000000,
    "incomeBeforeTax": 46000000,
    "incomeBeforeTaxRatio": 0.0185558693,
    "incomeTaxExpense": 15000000,
    "netIncome": 29000000,
    "netIncomeRatio": 0.0116982654,
    "eps": 0.1,
    "epsdiluted": 0.09,
    "weightedAverageShsOut": 276358000,
    "weightedAverageShsOutDil": 319119000,
    "link": "https://www.sec.gov/Archives/edgar/data/217346/000021734611000048/0000217346-11-000048-index.htm",
    "finalLink": "https://www.sec.gov/Archives/edgar/data/217346/000021734611000048/tenq.htm"
  },
  {
    "date": "2011-01-01",
    "symbol": "TXT",
    "reportedCurrency": "USD",
    "cik": "0000217346",
    "fillingDate": "2011-03-01",
    "acceptedDate": "2011-03-01 12:07:14",
    "calendarYear": "2011",
    "period": "Q4",
    "revenue": 3127000000,
    "costOfRevenue": 2605000000,
    "grossProfit": 522000000,
    "grossProfitRatio": 0.1669331628,
    "researchAndDevelopmentExpenses": 0,
    "generalAndAdministrativeExpenses": 0,
    "sellingAndMarketingExpenses": 0,
    "sellingGeneralAndAdministrativeExpenses": 345000000,
    "otherExpenses": 0,
    "operatingExpenses": 360000000,
    "costAndExpenses": 2965000000,
    "interestIncome": 0,
    "interestExpense": 63000000,
    "depreciationAndAmortization": 111000000,
    "ebitda": 273000000,
    "ebitdaratio": 0.0873041254,
    "operatingIncome": 162000000,
    "operatingIncomeRatio": 0.0518068436,
    "totalOtherIncomeExpensesNet": -117000000,
    "incomeBeforeTax": 45000000,
    "incomeBeforeTaxRatio": 0.0143907899,
    "incomeTaxExpense": -18000000,
    "netIncome": 60000000,
    "netIncomeRatio": 0.0191877199,
    "eps": 0.21,
    "epsdiluted": 0.19,
    "weightedAverageShsOut": 275640000,
    "weightedAverageShsOutDil": 308990000,
    "link": "https://www.sec.gov/Archives/edgar/data/217346/000095012311020392/0000950123-11-020392-index.htm",
    "finalLink": "https://www.sec.gov/Archives/edgar/data/217346/000095012311020392/b83538e10vk.htm"
  },
  {
    "date": "2010-10-22",
    "symbol": "TXT",
    "reportedCurrency": "USD",
    "cik": "0000217346",
    "fillingDate": "2010-10-28",
    "acceptedDate": "2010-10-28 11:27:25",
    "calendarYear": "2011",
    "period": "Q3",
    "revenue": 2479000000,
    "costOfRevenue": 2037000000,
    "grossProfit": 442000000,
    "grossProfitRatio": 0.1782977007,
    "researchAndDevelopmentExpenses": 0,
    "generalAndAdministrativeExpenses": 0,
    "sellingAndMarketingExpenses": 0,
    "sellingGeneralAndAdministrativeExpenses": 301000000,
    "otherExpenses": 210000000,
    "operatingExpenses": 330000000,
    "costAndExpenses": 2367000000,
    "interestIncome": 0,
    "interestExpense": 67000000,
    "depreciationAndAmortization": 95000000,
    "ebitda": 93000000,
    "ebitdaratio": 0.0375151271,
    "operatingIncome": 112000000,
    "operatingIncomeRatio": 0.0451795079,
    "totalOtherIncomeExpensesNet": -181000000,
    "incomeBeforeTax": -69000000,
    "incomeBeforeTaxRatio": -0.027833804,
    "incomeTaxExpense": -21000000,
    "netIncome": -48000000,
    "netIncomeRatio": -0.0193626462,
    "eps": -0.17,
    "epsdiluted": -0.17,
    "weightedAverageShsOut": 274896000,
    "weightedAverageShsOutDil": 274896000,
    "link": "https://www.sec.gov/Archives/edgar/data/217346/000021734610000096/0000217346-10-000096-index.htm",
    "finalLink": "https://www.sec.gov/Archives/edgar/data/217346/000021734610000096/tenq.htm"
  },
  {
    "date": "2010-07-03",
    "symbol": "TXT",
    "reportedCurrency": "USD",
    "cik": "0000217346",
    "fillingDate": "2010-07-29",
    "acceptedDate": "2010-07-29 14:01:43",
    "calendarYear": "2011",
    "period": "Q2",
    "revenue": 2709000000,
    "costOfRevenue": 2188000000,
    "grossProfit": 521000000,
    "grossProfitRatio": 0.19232189,
    "researchAndDevelopmentExpenses": 0,
    "generalAndAdministrativeExpenses": 0,
    "sellingAndMarketingExpenses": 0,
    "sellingGeneralAndAdministrativeExpenses": 299000000,
    "otherExpenses": 123000000,
    "operatingExpenses": 343000000,
    "costAndExpenses": 2531000000,
    "interestIncome": 0,
    "interestExpense": 69000000,
    "depreciationAndAmortization": 97000000,
    "ebitda": 265000000,
    "ebitdaratio": 0.0978220746,
    "operatingIncome": 178000000,
    "operatingIncomeRatio": 0.0657069029,
    "totalOtherIncomeExpensesNet": -79000000,
    "incomeBeforeTax": 99000000,
    "incomeBeforeTaxRatio": 0.0365448505,
    "incomeTaxExpense": 18000000,
    "netIncome": 82000000,
    "netIncomeRatio": 0.0302694721,
    "eps": 0.3,
    "epsdiluted": 0.27,
    "weightedAverageShsOut": 274098000,
    "weightedAverageShsOutDil": 302397000,
    "link": "https://www.sec.gov/Archives/edgar/data/217346/000021734610000070/0000217346-10-000070-index.htm",
    "finalLink": "https://www.sec.gov/Archives/edgar/data/217346/000021734610000070/tenq.htm"
  },
  {
    "date": "2010-04-03",
    "symbol": "TXT",
    "reportedCurrency": "USD",
    "cik": "0000217346",
    "fillingDate": "2010-04-30",
    "acceptedDate": "2010-04-30 11:10:54",
    "calendarYear": "2011",
    "period": "Q1",
    "revenue": 2210000000,
    "costOfRevenue": 2114000000,
    "grossProfit": 96000000,
    "grossProfitRatio": 0.043438914,
    "researchAndDevelopmentExpenses": 0,
    "generalAndAdministrativeExpenses": 0,
    "sellingAndMarketingExpenses": 0,
    "sellingGeneralAndAdministrativeExpenses": 37000000,
    "otherExpenses": 0,
    "operatingExpenses": 37000000,
    "costAndExpenses": 2151000000,
    "interestIncome": 2000000,
    "interestExpense": 36000000,
    "depreciationAndAmortization": 90000000,
    "ebitda": 172000000,
    "ebitdaratio": 0.0778280543,
    "operatingIncome": 59000000,
    "operatingIncomeRatio": 0.0266968326,
    "totalOtherIncomeExpensesNet": -83000000,
    "incomeBeforeTax": 11000000,
    "incomeBeforeTaxRatio": 0.0049773756,
    "incomeTaxExpense": 15000000,
    "netIncome": -8000000,
    "netIncomeRatio": -0.0036199095,
    "eps": -0.0293,
    "epsdiluted": -0.0293,
    "weightedAverageShsOut": 273174000,
    "weightedAverageShsOutDil": 273174000,
    "link": "https://www.sec.gov/Archives/edgar/data/217346/000021734610000048/0000217346-10-000048-index.htm",
    "finalLink": "https://www.sec.gov/Archives/edgar/data/217346/000021734610000048/tenq.htm"
  },
  {
    "date": "2010-01-02",
    "symbol": "TXT",
    "reportedCurrency": "USD",
    "cik": "0000217346",
    "fillingDate": "2010-02-25",
    "acceptedDate": "2010-02-25 12:02:30",
    "calendarYear": "2010",
    "period": "Q4",
    "revenue": 2813000000,
    "costOfRevenue": 2320000000,
    "grossProfit": 493000000,
    "grossProfitRatio": 0.175257732,
    "researchAndDevelopmentExpenses": 0,
    "generalAndAdministrativeExpenses": 0,
    "sellingAndMarketingExpenses": 0,
    "sellingGeneralAndAdministrativeExpenses": 310000000,
    "otherExpenses": 0,
    "operatingExpenses": 371000000,
    "costAndExpenses": 2691000000,
    "interestIncome": 6000000,
    "interestExpense": 79000000,
    "depreciationAndAmortization": 112000000,
    "ebitda": 240000000,
    "ebitdaratio": 0.0853181657,
    "operatingIncome": 128000000,
    "operatingIncomeRatio": 0.0455030217,
    "totalOtherIncomeExpensesNet": -187000000,
    "incomeBeforeTax": -65000000,
    "incomeBeforeTaxRatio": -0.0231070032,
    "incomeTaxExpense": -5000000,
    "netIncome": -63000000,
    "netIncomeRatio": -0.0223960185,
    "eps": -0.23,
    "epsdiluted": -0.23,
    "weightedAverageShsOut": 271395000,
    "weightedAverageShsOutDil": 271395000,
    "link": "https://www.sec.gov/Archives/edgar/data/217346/000095012310016801/0000950123-10-016801-index.htm",
    "finalLink": "https://www.sec.gov/Archives/edgar/data/217346/000095012310016801/b77277e10vk.htm"
  },
  {
    "date": "2009-10-16",
    "symbol": "TXT",
    "reportedCurrency": "USD",
    "cik": "0000217346",
    "fillingDate": "2009-10-30",
    "acceptedDate": "2009-10-30 14:16:27",
    "calendarYear": "2010",
    "period": "Q3",
    "revenue": 2549000000,
    "costOfRevenue": 2428000000,
    "grossProfit": 121000000,
    "grossProfitRatio": 0.0474695959,
    "researchAndDevelopmentExpenses": 0,
    "generalAndAdministrativeExpenses": 0,
    "sellingAndMarketingExpenses": 0,
    "sellingGeneralAndAdministrativeExpenses": 348000000,
    "otherExpenses": 506000000,
    "operatingExpenses": 44000000,
    "costAndExpenses": 2472000000,
    "interestIncome": 0,
    "interestExpense": 40000000,
    "depreciationAndAmortization": 100000000,
    "ebitda": 169000000,
    "ebitdaratio": 0.06630051,
    "operatingIncome": 77000000,
    "operatingIncomeRatio": 0.0302079247,
    "totalOtherIncomeExpensesNet": -82000000,
    "incomeBeforeTax": -5000000,
    "incomeBeforeTaxRatio": -0.0019615536,
    "incomeTaxExpense": -11000000,
    "netIncome": 4000000,
    "netIncomeRatio": 0.0015692428,
    "eps": 0.01,
    "epsdiluted": 0.01,
    "weightedAverageShsOut": 278429000,
    "weightedAverageShsOutDil": 278429000,
    "link": "https://www.sec.gov/Archives/edgar/data/217346/000021734609000156/0000217346-09-000156-index.htm",
    "finalLink": "https://www.sec.gov/Archives/edgar/data/217346/000021734609000156/tenq.htm"
  },
  {
    "date": "2009-05-27",
    "symbol": "TXT",
    "reportedCurrency": "USD",
    "cik": "0000217346",
    "fillingDate": "2009-07-31",
    "acceptedDate": "2009-07-31 11:58:35",
    "calendarYear": "2010",
    "period": "Q2",
    "revenue": 2526000000,
    "costOfRevenue": 1999000000,
    "grossProfit": 527000000,
    "grossProfitRatio": 0.2086302454,
    "researchAndDevelopmentExpenses": 0,
    "generalAndAdministrativeExpenses": 0,
    "sellingAndMarketingExpenses": 346000000,
    "sellingGeneralAndAdministrativeExpenses": 346000000,
    "otherExpenses": 486000000,
    "operatingExpenses": 372000000,
    "costAndExpenses": 2371000000,
    "interestIncome": 1000000,
    "interestExpense": 83000000,
    "depreciationAndAmortization": 96000000,
    "ebitda": 220000000,
    "ebitdaratio": 0.0870942201,
    "operatingIncome": 43000000,
    "operatingIncomeRatio": 0.0170229612,
    "totalOtherIncomeExpensesNet": -114000000,
    "incomeBeforeTax": 41000000,
    "incomeBeforeTaxRatio": 0.0162311956,
    "incomeTaxExpense": -2000000,
    "netIncome": 86000000,
    "netIncomeRatio": 0.0340459224,
    "eps": 0.35,
    "epsdiluted": 0.35,
    "weightedAverageShsOut": 243988000,
    "weightedAverageShsOutDil": 244956000,
    "link": "https://www.sec.gov/Archives/edgar/data/217346/000021734609000117/0000217346-09-000117-index.htm",
    "finalLink": "https://www.sec.gov/Archives/edgar/data/217346/000021734609000117/tenq.htm"
  },
  {
    "date": "2009-01-03",
    "symbol": "TXT",
    "reportedCurrency": "USD",
    "cik": "0000217346",
    "fillingDate": "2009-02-26",
    "acceptedDate": "2009-02-26 15:03:14",
    "calendarYear": "2009",
    "period": "Q4",
    "revenue": 3606000000,
    "costOfRevenue": 2817000000,
    "grossProfit": 789000000,
    "grossProfitRatio": 0.2188019967,
    "researchAndDevelopmentExpenses": 0,
    "generalAndAdministrativeExpenses": 0,
    "sellingAndMarketingExpenses": 0,
    "sellingGeneralAndAdministrativeExpenses": 412000000,
    "otherExpenses": 0,
    "operatingExpenses": 545000000,
    "costAndExpenses": 3362000000,
    "interestIncome": 0,
    "interestExpense": 114000000,
    "depreciationAndAmortization": 108000000,
    "ebitda": -174000000,
    "ebitdaratio": -0.0482529118,
    "operatingIncome": -282000000,
    "operatingIncomeRatio": -0.078202995,
    "totalOtherIncomeExpensesNet": -640000000,
    "incomeBeforeTax": -396000000,
    "incomeBeforeTaxRatio": -0.1098169717,
    "incomeTaxExpense": -48000000,
    "netIncome": -209000000,
    "netIncomeRatio": -0.0579589573,
    "eps": -0.86,
    "epsdiluted": -0.85,
    "weightedAverageShsOut": 242722000,
    "weightedAverageShsOutDil": 246096000,
    "link": "https://www.sec.gov/Archives/edgar/data/217346/000095013509001252/0000950135-09-001252-index.htm",
    "finalLink": "https://www.sec.gov/Archives/edgar/data/217346/000095013509001252/b74351tie10vk.htm"
  },
  {
    "date": "2008-09-27",
    "symbol": "TXT",
    "reportedCurrency": "USD",
    "cik": "0000217346",
    "fillingDate": "2008-10-29",
    "acceptedDate": "2008-10-29 08:38:54",
    "calendarYear": "2009",
    "period": "Q3",
    "revenue": 3533000000,
    "costOfRevenue": 2641000000,
    "grossProfit": 892000000,
    "grossProfitRatio": 0.2524766487,
    "researchAndDevelopmentExpenses": 0,
    "generalAndAdministrativeExpenses": 0,
    "sellingAndMarketingExpenses": 0,
    "sellingGeneralAndAdministrativeExpenses": 427000000,
    "otherExpenses": 0,
    "operatingExpenses": 461000000,
    "costAndExpenses": 3102000000,
    "interestIncome": 0,
    "interestExpense": 102000000,
    "depreciationAndAmortization": 89000000,
    "ebitda": 520000000,
    "ebitdaratio": 0.1471836966,
    "operatingIncome": 431000000,
    "operatingIncomeRatio": 0.1219926408,
    "totalOtherIncomeExpensesNet": -110000000,
    "incomeBeforeTax": 329000000,
    "incomeBeforeTaxRatio": 0.0931219926,
    "incomeTaxExpense": 119000000,
    "netIncome": 206000000,
    "netIncomeRatio": 0.0583073875,
    "eps": 0.85,
    "epsdiluted": 0.83,
    "weightedAverageShsOut": 243753000,
    "weightedAverageShsOutDil": 247182000,
    "link": "https://www.sec.gov/Archives/edgar/data/217346/000021734608000148/0000217346-08-000148-index.htm",
    "finalLink": "https://www.sec.gov/Archives/edgar/data/217346/000021734608000148/tenq.htm"
  },
  {
    "date": "2008-06-30",
    "symbol": "TXT",
    "reportedCurrency": "USD",
    "cik": "0000217346",
    "fillingDate": "2008-06-30",
    "acceptedDate": "2008-06-30 00:00:00",
    "calendarYear": "2009",
    "period": "Q2",
    "revenue": 3919000000,
    "costOfRevenue": 2948000000,
    "grossProfit": 971000000,
    "grossProfitRatio": 0.2477672876,
    "researchAndDevelopmentExpenses": 0,
    "generalAndAdministrativeExpenses": 0,
    "sellingAndMarketingExpenses": 0,
    "sellingGeneralAndAdministrativeExpenses": 479000000,
    "otherExpenses": 0,
    "operatingExpenses": 479000000,
    "costAndExpenses": 3427000000,
    "interestIncome": 0,
    "interestExpense": 101000000,
    "depreciationAndAmortization": 103000000,
    "ebitda": 595000000,
    "ebitdaratio": 0.151824445,
    "operatingIncome": 492000000,
    "operatingIncomeRatio": 0.1255422302,
    "totalOtherIncomeExpensesNet": -101000000,
    "incomeBeforeTax": 391000000,
    "incomeBeforeTaxRatio": 0.0997703496,
    "incomeTaxExpense": 130000000,
    "netIncome": 258000000,
    "netIncomeRatio": 0.0658331207,
    "eps": 1.03,
    "epsdiluted": 1.01,
    "weightedAverageShsOut": 250039000,
    "weightedAverageShsOutDil": 254580000,
    "link": null,
    "finalLink": null
  },
  {
    "date": "2008-03-31",
    "symbol": "TXT",
    "reportedCurrency": "USD",
    "cik": "0000217346",
    "fillingDate": "2008-03-31",
    "acceptedDate": "2008-03-31 00:00:00",
    "calendarYear": "2009",
    "period": "Q1",
    "revenue": 3518000000,
    "costOfRevenue": 2594000000,
    "grossProfit": 924000000,
    "grossProfitRatio": 0.2626492325,
    "researchAndDevelopmentExpenses": 0,
    "generalAndAdministrativeExpenses": 27000000,
    "sellingAndMarketingExpenses": 391000000,
    "sellingGeneralAndAdministrativeExpenses": 456000000,
    "otherExpenses": 0,
    "operatingExpenses": 456000000,
    "costAndExpenses": 3050000000,
    "interestIncome": 0,
    "interestExpense": 115000000,
    "depreciationAndAmortization": 103000000,
    "ebitda": 571000000,
    "ebitdaratio": 0.1623081296,
    "operatingIncome": 468000000,
    "operatingIncomeRatio": 0.1330301308,
    "totalOtherIncomeExpensesNet": -115000000,
    "incomeBeforeTax": 353000000,
    "incomeBeforeTaxRatio": 0.1003411029,
    "incomeTaxExpense": 117000000,
    "netIncome": 231000000,
    "netIncomeRatio": 0.0656623081,
    "eps": 0.93,
    "epsdiluted": 0.91,
    "weightedAverageShsOut": 249315000,
    "weightedAverageShsOutDil": 254500000,
    "link": null,
    "finalLink": null
  },
  {
    "date": "2007-12-29",
    "symbol": "TXT",
    "reportedCurrency": "USD",
    "cik": "0000217346",
    "fillingDate": "2008-02-20",
    "acceptedDate": "2008-02-20 13:53:20",
    "calendarYear": "2008",
    "period": "Q4",
    "revenue": 3763000000,
    "costOfRevenue": 2771000000,
    "grossProfit": 992000000,
    "grossProfitRatio": 0.2636194526,
    "researchAndDevelopmentExpenses": 0,
    "generalAndAdministrativeExpenses": 0,
    "sellingAndMarketingExpenses": 0,
    "sellingGeneralAndAdministrativeExpenses": 473000000,
    "otherExpenses": 0,
    "operatingExpenses": 506000000,
    "costAndExpenses": 3277000000,
    "interestIncome": 0,
    "interestExpense": 0,
    "depreciationAndAmortization": 98000000,
    "ebitda": 584000000,
    "ebitdaratio": 0.1551953229,
    "operatingIncome": 486000000,
    "operatingIncomeRatio": 0.1291522721,
    "totalOtherIncomeExpensesNet": -120000000,
    "incomeBeforeTax": 366000000,
    "incomeBeforeTaxRatio": 0.0972628222,
    "incomeTaxExpense": 106000000,
    "netIncome": 256000000,
    "netIncomeRatio": 0.0680308265,
    "eps": 1.02,
    "epsdiluted": 1,
    "weightedAverageShsOut": 249831000,
    "weightedAverageShsOutDil": 255513000,
    "link": "https://www.sec.gov/Archives/edgar/data/217346/000110465908011718/0001104659-08-011718-index.htm",
    "finalLink": "https://www.sec.gov/Archives/edgar/data/217346/000110465908011718/a08-2392_110k.htm"
  },
  {
    "date": "2007-09-29",
    "symbol": "TXT",
    "reportedCurrency": "USD",
    "cik": "0000217346",
    "fillingDate": "2007-10-29",
    "acceptedDate": "2007-10-29 16:56:02",
    "calendarYear": "2008",
    "period": "Q3",
    "revenue": 3263000000,
    "costOfRevenue": 2390000000,
    "grossProfit": 873000000,
    "grossProfitRatio": 0.2675452038,
    "researchAndDevelopmentExpenses": 0,
    "generalAndAdministrativeExpenses": 0,
    "sellingAndMarketingExpenses": 0,
    "sellingGeneralAndAdministrativeExpenses": 403000000,
    "otherExpenses": 0,
    "operatingExpenses": 403000000,
    "costAndExpenses": 2793000000,
    "interestIncome": 0,
    "interestExpense": 117000000,
    "depreciationAndAmortization": 85000000,
    "ebitda": 555000000,
    "ebitdaratio": 0.1700888753,
    "operatingIncome": 470000000,
    "operatingIncomeRatio": 0.1440392277,
    "totalOtherIncomeExpensesNet": -141000000,
    "incomeBeforeTax": 353000000,
    "incomeBeforeTaxRatio": 0.108182654,
    "incomeTaxExpense": 111000000,
    "netIncome": 255000000,
    "netIncomeRatio": 0.0781489427,
    "eps": 1.02,
    "epsdiluted": 1,
    "weightedAverageShsOut": 249332000,
    "weightedAverageShsOutDil": 254321000,
    "link": "https://www.sec.gov/Archives/edgar/data/217346/000021734607000147/0000217346-07-000147-index.htm",
    "finalLink": "https://www.sec.gov/Archives/edgar/data/217346/000021734607000147/thirdq.htm"
  },
  {
    "date": "2007-06-30",
    "symbol": "TXT",
    "reportedCurrency": "USD",
    "cik": "0000217346",
    "fillingDate": "2007-07-27",
    "acceptedDate": "2007-07-27 12:57:06",
    "calendarYear": "2008",
    "period": "Q2",
    "revenue": 3235000000,
    "costOfRevenue": 2374000000,
    "grossProfit": 861000000,
    "grossProfitRatio": 0.2661514683,
    "researchAndDevelopmentExpenses": 0,
    "generalAndAdministrativeExpenses": 0,
    "sellingAndMarketingExpenses": 0,
    "sellingGeneralAndAdministrativeExpenses": 440000000,
    "otherExpenses": 0,
    "operatingExpenses": 440000000,
    "costAndExpenses": 2814000000,
    "interestIncome": 0,
    "interestExpense": 124000000,
    "depreciationAndAmortization": 79000000,
    "ebitda": 500000000,
    "ebitdaratio": 0.1545595054,
    "operatingIncome": 421000000,
    "operatingIncomeRatio": 0.1301391036,
    "totalOtherIncomeExpensesNet": -124000000,
    "incomeBeforeTax": 297000000,
    "incomeBeforeTaxRatio": 0.0918083462,
    "incomeTaxExpense": 82000000,
    "netIncome": 210000000,
    "netIncomeRatio": 0.0649149923,
    "eps": 0.85,
    "epsdiluted": 0.83,
    "weightedAverageShsOut": 248520710,
    "weightedAverageShsOutDil": 253012048,
    "link": "https://www.sec.gov/Archives/edgar/data/217346/000021734607000103/0000217346-07-000103-index.htm",
    "finalLink": "https://www.sec.gov/Archives/edgar/data/217346/000021734607000103/q.htm"
  },
  {
    "date": "2007-03-31",
    "symbol": "TXT",
    "reportedCurrency": "USD",
    "cik": "0000217346",
    "fillingDate": "2007-04-30",
    "acceptedDate": "2007-04-30 13:58:49",
    "calendarYear": "2008",
    "period": "Q1",
    "revenue": 2964000000,
    "costOfRevenue": 2180000000,
    "grossProfit": 784000000,
    "grossProfitRatio": 0.2645074224,
    "researchAndDevelopmentExpenses": 0,
    "generalAndAdministrativeExpenses": 0,
    "sellingAndMarketingExpenses": 0,
    "sellingGeneralAndAdministrativeExpenses": 372000000,
    "otherExpenses": 0,
    "operatingExpenses": 372000000,
    "costAndExpenses": 2552000000,
    "interestIncome": 0,
    "interestExpense": 123000000,
    "depreciationAndAmortization": 74000000,
    "ebitda": 491000000,
    "ebitdaratio": 0.1656545209,
    "operatingIncome": 417000000,
    "operatingIncomeRatio": 0.1406882591,
    "totalOtherIncomeExpensesNet": -128000000,
    "incomeBeforeTax": 284000000,
    "incomeBeforeTaxRatio": 0.0958164642,
    "incomeTaxExpense": 86000000,
    "netIncome": 196000000,
    "netIncomeRatio": 0.0661268556,
    "eps": 0.78,
    "epsdiluted": 0.77,
    "weightedAverageShsOut": 251282051,
    "weightedAverageShsOutDil": 254545455,
    "link": "https://www.sec.gov/Archives/edgar/data/217346/000021734607000067/0000217346-07-000067-index.htm",
    "finalLink": "https://www.sec.gov/Archives/edgar/data/217346/000021734607000067/tenq.htm"
  },
  {
    "date": "2006-12-30",
    "symbol": "TXT",
    "reportedCurrency": "USD",
    "cik": "0000217346",
    "fillingDate": "2007-02-21",
    "acceptedDate": "2007-02-21 16:40:52",
    "calendarYear": "2007",
    "period": "Q4",
    "revenue": 3201000000,
    "costOfRevenue": 2393000000,
    "grossProfit": 808000000,
    "grossProfitRatio": 0.2524211184,
    "researchAndDevelopmentExpenses": 0,
    "generalAndAdministrativeExpenses": 0,
    "sellingAndMarketingExpenses": 0,
    "sellingGeneralAndAdministrativeExpenses": 399000000,
    "otherExpenses": 0,
    "operatingExpenses": 425000000,
    "costAndExpenses": 2818000000,
    "interestIncome": 0,
    "interestExpense": 0,
    "depreciationAndAmortization": 80000000,
    "ebitda": 463000000,
    "ebitdaratio": 0.1446422993,
    "operatingIncome": 383000000,
    "operatingIncomeRatio": 0.1196501093,
    "totalOtherIncomeExpensesNet": -118000000,
    "incomeBeforeTax": 265000000,
    "incomeBeforeTaxRatio": 0.0827866292,
    "incomeTaxExpense": 69000000,
    "netIncome": 195000000,
    "netIncomeRatio": 0.060918463,
    "eps": 0.77,
    "epsdiluted": 0.76,
    "weightedAverageShsOut": 249505924,
    "weightedAverageShsOutDil": 255969548,
    "link": "https://www.sec.gov/Archives/edgar/data/217346/000110465907012740/0001104659-07-012740-index.htm",
    "finalLink": "https://www.sec.gov/Archives/edgar/data/217346/000110465907012740/a07-4686_110k.htm"
  },
  {
    "date": "2006-09-30",
    "symbol": "TXT",
    "reportedCurrency": "USD",
    "cik": "0000217346",
    "fillingDate": "2006-11-08",
    "acceptedDate": "2006-11-08 12:43:02",
    "calendarYear": "2007",
    "period": "Q3",
    "revenue": 2837000000,
    "costOfRevenue": 2099000000,
    "grossProfit": 738000000,
    "grossProfitRatio": 0.2601339443,
    "researchAndDevelopmentExpenses": 0,
    "generalAndAdministrativeExpenses": 0,
    "sellingAndMarketingExpenses": 0,
    "sellingGeneralAndAdministrativeExpenses": 379000000,
    "otherExpenses": 0,
    "operatingExpenses": 379000000,
    "costAndExpenses": 2478000000,
    "interestIncome": 0,
    "interestExpense": 0,
    "depreciationAndAmortization": 72000000,
    "ebitda": 431000000,
    "ebitdaratio": 0.1519210434,
    "operatingIncome": 359000000,
    "operatingIncomeRatio": 0.126542122,
    "totalOtherIncomeExpensesNet": -117000000,
    "incomeBeforeTax": 242000000,
    "incomeBeforeTaxRatio": 0.0853013747,
    "incomeTaxExpense": 67000000,
    "netIncome": 169000000,
    "netIncomeRatio": 0.0595699683,
    "eps": 0.67,
    "epsdiluted": 0.66,
    "weightedAverageShsOut": 252238806,
    "weightedAverageShsOutDil": 256060606,
    "link": "https://www.sec.gov/Archives/edgar/data/217346/000021734606000108/0000217346-06-000108-index.htm",
    "finalLink": "https://www.sec.gov/Archives/edgar/data/217346/000021734606000108/textron10q.htm"
  },
  {
    "date": "2006-07-26",
    "symbol": "TXT",
    "reportedCurrency": "USD",
    "cik": "0000217346",
    "fillingDate": "2006-08-07",
    "acceptedDate": "2006-08-07 14:59:46",
    "calendarYear": "2007",
    "period": "Q2",
    "revenue": 2820000000,
    "costOfRevenue": 2081000000,
    "grossProfit": 739000000,
    "grossProfitRatio": 0.2620567376,
    "researchAndDevelopmentExpenses": 0,
    "generalAndAdministrativeExpenses": 0,
    "sellingAndMarketingExpenses": 0,
    "sellingGeneralAndAdministrativeExpenses": 375000000,
    "otherExpenses": 0,
    "operatingExpenses": 375000000,
    "costAndExpenses": 2456000000,
    "interestIncome": 0,
    "interestExpense": 109000000,
    "depreciationAndAmortization": 72000000,
    "ebitda": 436000000,
    "ebitdaratio": 0.1546099291,
    "operatingIncome": 364000000,
    "operatingIncomeRatio": 0.1290780142,
    "totalOtherIncomeExpensesNet": -109000000,
    "incomeBeforeTax": 255000000,
    "incomeBeforeTaxRatio": 0.0904255319,
    "incomeTaxExpense": 78000000,
    "netIncome": 69000000,
    "netIncomeRatio": 0.0244680851,
    "eps": 0.27,
    "epsdiluted": 0.27,
    "weightedAverageShsOut": 256906000,
    "weightedAverageShsOutDil": 262588000,
    "link": "https://www.sec.gov/Archives/edgar/data/217346/000021734606000073/0000217346-06-000073-index.htm",
    "finalLink": "https://www.sec.gov/Archives/edgar/data/217346/000021734606000073/tenq.htm"
  },
  {
    "date": "2006-04-01",
    "symbol": "TXT",
    "reportedCurrency": "USD",
    "cik": "0000217346",
    "fillingDate": "2006-05-05",
    "acceptedDate": "2006-05-05 17:24:08",
    "calendarYear": "2007",
    "period": "Q1",
    "revenue": 2632000000,
    "costOfRevenue": 1955000000,
    "grossProfit": 677000000,
    "grossProfitRatio": 0.257218845,
    "researchAndDevelopmentExpenses": 0,
    "generalAndAdministrativeExpenses": 0,
    "sellingAndMarketingExpenses": 0,
    "sellingGeneralAndAdministrativeExpenses": 361000000,
    "otherExpenses": 0,
    "operatingExpenses": 361000000,
    "costAndExpenses": 2316000000,
    "interestIncome": 0,
    "interestExpense": 94000000,
    "depreciationAndAmortization": 66000000,
    "ebitda": 391000000,
    "ebitdaratio": 0.148556231,
    "operatingIncome": 325000000,
    "operatingIncomeRatio": 0.1234802432,
    "totalOtherIncomeExpensesNet": -103000000,
    "incomeBeforeTax": 213000000,
    "incomeBeforeTaxRatio": 0.0809270517,
    "incomeTaxExpense": 55000000,
    "netIncome": 168000000,
    "netIncomeRatio": 0.0638297872,
    "eps": 0.65,
    "epsdiluted": 0.63,
    "weightedAverageShsOut": 260186000,
    "weightedAverageShsOutDil": 265712000,
    "link": "https://www.sec.gov/Archives/edgar/data/217346/000021734606000052/0000217346-06-000052-index.htm",
    "finalLink": "https://www.sec.gov/Archives/edgar/data/217346/000021734606000052/tenq.htm"
  },
  {
    "date": "2005-12-31",
    "symbol": "TXT",
    "reportedCurrency": "USD",
    "cik": "0000217346",
    "fillingDate": "2006-02-24",
    "acceptedDate": "2006-02-24 10:28:39",
    "calendarYear": "2006",
    "period": "Q4",
    "revenue": 1202000000,
    "costOfRevenue": 611000000,
    "grossProfit": 591000000,
    "grossProfitRatio": 0.4916805324,
    "researchAndDevelopmentExpenses": 0,
    "generalAndAdministrativeExpenses": 0,
    "sellingAndMarketingExpenses": 0,
    "sellingGeneralAndAdministrativeExpenses": 234000000,
    "otherExpenses": 0,
    "operatingExpenses": 263000000,
    "costAndExpenses": 874000000,
    "interestIncome": 0,
    "interestExpense": 0,
    "depreciationAndAmortization": 27000000,
    "ebitda": 237000000,
    "ebitdaratio": 0.197171381,
    "operatingIncome": -115000000,
    "operatingIncomeRatio": -0.0956738769,
    "totalOtherIncomeExpensesNet": 240000000,
    "incomeBeforeTax": 568000000,
    "incomeBeforeTaxRatio": 0.4725457571,
    "incomeTaxExpense": 94000000,
    "netIncome": 118000000,
    "netIncomeRatio": 0.0981697171,
    "eps": 0.45,
    "epsdiluted": 0.44,
    "weightedAverageShsOut": 263168000,
    "weightedAverageShsOutDil": 268752000,
    "link": "https://www.sec.gov/Archives/edgar/data/217346/000110465906011793/0001104659-06-011793-index.htm",
    "finalLink": "https://www.sec.gov/Archives/edgar/data/217346/000110465906011793/a06-1864_110k.htm"
  },
  {
    "date": "2005-10-01",
    "symbol": "TXT",
    "reportedCurrency": "USD",
    "cik": "0000217346",
    "fillingDate": "2005-11-07",
    "acceptedDate": "2005-11-07 11:33:53",
    "calendarYear": "2006",
    "period": "Q3",
    "revenue": 2862000000,
    "costOfRevenue": 2209000000,
    "grossProfit": 653000000,
    "grossProfitRatio": 0.2281621244,
    "researchAndDevelopmentExpenses": 0,
    "generalAndAdministrativeExpenses": 0,
    "sellingAndMarketingExpenses": 0,
    "sellingGeneralAndAdministrativeExpenses": 398000000,
    "otherExpenses": 0,
    "operatingExpenses": 398000000,
    "costAndExpenses": 2607000000,
    "interestIncome": 0,
    "interestExpense": 64000000,
    "depreciationAndAmortization": 93000000,
    "ebitda": 687000000,
    "ebitdaratio": 0.2400419287,
    "operatingIncome": 594000000,
    "operatingIncomeRatio": 0.2075471698,
    "totalOtherIncomeExpensesNet": -66000000,
    "incomeBeforeTax": -148000000,
    "incomeBeforeTaxRatio": -0.0517120894,
    "incomeTaxExpense": 19000000,
    "netIncome": -164000000,
    "netIncomeRatio": -0.0573025856,
    "eps": -0.62,
    "epsdiluted": -0.6,
    "weightedAverageShsOut": 265820000,
    "weightedAverageShsOutDil": 271258000,
    "link": "https://www.sec.gov/Archives/edgar/data/217346/000021734605000092/0000217346-05-000092-index.htm",
    "finalLink": "https://www.sec.gov/Archives/edgar/data/217346/000021734605000092/tenq.htm"
  },
  {
    "date": "2005-07-02",
    "symbol": "TXT",
    "reportedCurrency": "USD",
    "cik": "0000217346",
    "fillingDate": "2005-08-08",
    "acceptedDate": "2005-08-08 12:16:14",
    "calendarYear": "2006",
    "period": "Q2",
    "revenue": 3188000000,
    "costOfRevenue": 2495000000,
    "grossProfit": 693000000,
    "grossProfitRatio": 0.2173776662,
    "researchAndDevelopmentExpenses": 0,
    "generalAndAdministrativeExpenses": 0,
    "sellingAndMarketingExpenses": 0,
    "sellingGeneralAndAdministrativeExpenses": 376000000,
    "otherExpenses": 0,
    "operatingExpenses": 376000000,
    "costAndExpenses": 2871000000,
    "interestIncome": 0,
    "interestExpense": 72000000,
    "depreciationAndAmortization": 93000000,
    "ebitda": 455000000,
    "ebitdaratio": 0.1427227102,
    "operatingIncome": 362000000,
    "operatingIncomeRatio": 0.1135508156,
    "totalOtherIncomeExpensesNet": -113000000,
    "incomeBeforeTax": 200000000,
    "incomeBeforeTaxRatio": 0.0627352572,
    "incomeTaxExpense": 70000000,
    "netIncome": 123000000,
    "netIncomeRatio": 0.0385821832,
    "eps": 0.46,
    "epsdiluted": 0.45,
    "weightedAverageShsOut": 269206000,
    "weightedAverageShsOutDil": 275164000,
    "link": "https://www.sec.gov/Archives/edgar/data/217346/000021734605000074/0000217346-05-000074-index.htm",
    "finalLink": "https://www.sec.gov/Archives/edgar/data/217346/000021734605000074/q.htm"
  },
  {
    "date": "2005-04-02",
    "symbol": "TXT",
    "reportedCurrency": "USD",
    "cik": "0000217346",
    "fillingDate": "2005-05-09",
    "acceptedDate": "2005-05-09 17:22:49",
    "calendarYear": "2006",
    "period": "Q1",
    "revenue": 2791000000,
    "costOfRevenue": 2146000000,
    "grossProfit": 645000000,
    "grossProfitRatio": 0.2310999642,
    "researchAndDevelopmentExpenses": 0,
    "generalAndAdministrativeExpenses": 0,
    "sellingAndMarketingExpenses": 0,
    "sellingGeneralAndAdministrativeExpenses": 385000000,
    "otherExpenses": 0,
    "operatingExpenses": 385000000,
    "costAndExpenses": 2531000000,
    "interestIncome": 0,
    "interestExpense": 69000000,
    "depreciationAndAmortization": 90000000,
    "ebitda": 422000000,
    "ebitdaratio": 0.1512002866,
    "operatingIncome": 332000000,
    "operatingIncomeRatio": 0.11895378,
    "totalOtherIncomeExpensesNet": -134000000,
    "incomeBeforeTax": 119000000,
    "incomeBeforeTaxRatio": 0.0426370477,
    "incomeTaxExpense": 40000000,
    "netIncome": 126000000,
    "netIncomeRatio": 0.0451451093,
    "eps": 0.47,
    "epsdiluted": 0.46,
    "weightedAverageShsOut": 270254000,
    "weightedAverageShsOutDil": 276566000,
    "link": "https://www.sec.gov/Archives/edgar/data/217346/000021734605000053/0000217346-05-000053-index.htm",
    "finalLink": "https://www.sec.gov/Archives/edgar/data/217346/000021734605000053/q.htm"
  },
  {
    "date": "2005-01-01",
    "symbol": "TXT",
    "reportedCurrency": "USD",
    "cik": "0000217346",
    "fillingDate": "2005-02-24",
    "acceptedDate": "2005-02-24 16:26:02",
    "calendarYear": "2005",
    "period": "Q4",
    "revenue": 2772000000,
    "costOfRevenue": 2111000000,
    "grossProfit": 661000000,
    "grossProfitRatio": 0.2384559885,
    "researchAndDevelopmentExpenses": 0,
    "generalAndAdministrativeExpenses": 0,
    "sellingAndMarketingExpenses": 0,
    "sellingGeneralAndAdministrativeExpenses": 376000000,
    "otherExpenses": 0,
    "operatingExpenses": 434000000,
    "costAndExpenses": 2545000000,
    "interestIncome": 0,
    "interestExpense": 0,
    "depreciationAndAmortization": 96000000,
    "ebitda": 192000000,
    "ebitdaratio": 0.0692640693,
    "operatingIncome": 83000000,
    "operatingIncomeRatio": 0.0299422799,
    "totalOtherIncomeExpensesNet": -51000000,
    "incomeBeforeTax": 176000000,
    "incomeBeforeTaxRatio": 0.0634920635,
    "incomeTaxExpense": 43000000,
    "netIncome": 125000000,
    "netIncomeRatio": 0.0450937951,
    "eps": 0.46,
    "epsdiluted": 0.45,
    "weightedAverageShsOut": 272760000,
    "weightedAverageShsOutDil": 279084000,
    "link": "https://www.sec.gov/Archives/edgar/data/217346/000110465905008155/0001104659-05-008155-index.htm",
    "finalLink": "https://www.sec.gov/Archives/edgar/data/217346/000110465905008155/a05-3904_110k.htm"
  },
  {
    "date": "2004-10-02",
    "symbol": "TXT",
    "reportedCurrency": "USD",
    "cik": "0000217346",
    "fillingDate": "2004-11-09",
    "acceptedDate": "2004-11-09 15:21:03",
    "calendarYear": "2005",
    "period": "Q3",
    "revenue": 2569000000,
    "costOfRevenue": 1991000000,
    "grossProfit": 578000000,
    "grossProfitRatio": 0.2249902686,
    "researchAndDevelopmentExpenses": 0,
    "generalAndAdministrativeExpenses": 0,
    "sellingAndMarketingExpenses": 0,
    "sellingGeneralAndAdministrativeExpenses": 342000000,
    "otherExpenses": 0,
    "operatingExpenses": 342000000,
    "costAndExpenses": 2333000000,
    "interestIncome": 0,
    "interestExpense": 0,
    "depreciationAndAmortization": 86000000,
    "ebitda": 354000000,
    "ebitdaratio": 0.1377968081,
    "operatingIncome": 268000000,
    "operatingIncomeRatio": 0.1043207474,
    "totalOtherIncomeExpensesNet": -97000000,
    "incomeBeforeTax": 143000000,
    "incomeBeforeTaxRatio": 0.0556636824,
    "incomeTaxExpense": 40000000,
    "netIncome": 103000000,
    "netIncomeRatio": 0.0400934216,
    "eps": 0.38,
    "epsdiluted": 0.37,
    "weightedAverageShsOut": 275792000,
    "weightedAverageShsOutDil": 281236000,
    "link": "https://www.sec.gov/Archives/edgar/data/217346/000021734604000096/0000217346-04-000096-index.htm",
    "finalLink": "https://www.sec.gov/Archives/edgar/data/217346/000021734604000096/q.htm"
  },
  {
    "date": "2004-07-03",
    "symbol": "TXT",
    "reportedCurrency": "USD",
    "cik": "0000217346",
    "fillingDate": "2004-08-10",
    "acceptedDate": "2004-08-10 14:48:19",
    "calendarYear": "2005",
    "period": "Q2",
    "revenue": 2547000000,
    "costOfRevenue": 1957000000,
    "grossProfit": 590000000,
    "grossProfitRatio": 0.2316450726,
    "researchAndDevelopmentExpenses": 0,
    "generalAndAdministrativeExpenses": 0,
    "sellingAndMarketingExpenses": 0,
    "sellingGeneralAndAdministrativeExpenses": 356000000,
    "otherExpenses": 0,
    "operatingExpenses": 356000000,
    "costAndExpenses": 2313000000,
    "interestIncome": 0,
    "interestExpense": 0,
    "depreciationAndAmortization": 86000000,
    "ebitda": 341000000,
    "ebitdaratio": 0.1338829996,
    "operatingIncome": 255000000,
    "operatingIncomeRatio": 0.1001177856,
    "totalOtherIncomeExpensesNet": -91000000,
    "incomeBeforeTax": 154000000,
    "incomeBeforeTaxRatio": 0.0604632901,
    "incomeTaxExpense": 54000000,
    "netIncome": 100000000,
    "netIncomeRatio": 0.0392618767,
    "eps": 0.36,
    "epsdiluted": 0.36,
    "weightedAverageShsOut": 275498000,
    "weightedAverageShsOutDil": 280574000,
    "link": "https://www.sec.gov/Archives/edgar/data/217346/000021734604000076/0000217346-04-000076-index.htm",
    "finalLink": "https://www.sec.gov/Archives/edgar/data/217346/000021734604000076/tenq.htm"
  },
  {
    "date": "2004-04-03",
    "symbol": "TXT",
    "reportedCurrency": "USD",
    "cik": "0000217346",
    "fillingDate": "2004-05-10",
    "acceptedDate": "2004-05-10 16:10:45",
    "calendarYear": "2005",
    "period": "Q1",
    "revenue": 2354000000,
    "costOfRevenue": 1835000000,
    "grossProfit": 519000000,
    "grossProfitRatio": 0.2204757859,
    "researchAndDevelopmentExpenses": 0,
    "generalAndAdministrativeExpenses": 0,
    "sellingAndMarketingExpenses": 0,
    "sellingGeneralAndAdministrativeExpenses": 343000000,
    "otherExpenses": 0,
    "operatingExpenses": 343000000,
    "costAndExpenses": 2178000000,
    "interestIncome": 0,
    "interestExpense": 0,
    "depreciationAndAmortization": 85000000,
    "ebitda": 318000000,
    "ebitdaratio": 0.1350892099,
    "operatingIncome": 233000000,
    "operatingIncomeRatio": 0.0989804588,
    "totalOtherIncomeExpensesNet": -136000000,
    "incomeBeforeTax": 55000000,
    "incomeBeforeTaxRatio": 0.023364486,
    "incomeTaxExpense": 18000000,
    "netIncome": 37000000,
    "netIncomeRatio": 0.0157179269,
    "eps": 0.14,
    "epsdiluted": 0.13,
    "weightedAverageShsOut": 274760000,
    "weightedAverageShsOutDil": 280458000,
    "link": "https://www.sec.gov/Archives/edgar/data/217346/000021734604000053/0000217346-04-000053-index.htm",
    "finalLink": "https://www.sec.gov/Archives/edgar/data/217346/000021734604000053/q.htm"
  },
  {
    "date": "2004-01-03",
    "symbol": "TXT",
    "reportedCurrency": "USD",
    "cik": "0000217346",
    "fillingDate": "2004-02-27",
    "acceptedDate": "2004-02-27 13:27:12",
    "calendarYear": "2004",
    "period": "Q4",
    "revenue": 2663000000,
    "costOfRevenue": 2130000000,
    "grossProfit": 533000000,
    "grossProfitRatio": 0.2001502065,
    "researchAndDevelopmentExpenses": 0,
    "generalAndAdministrativeExpenses": 54000000,
    "sellingAndMarketingExpenses": -973000000,
    "sellingGeneralAndAdministrativeExpenses": 321000000,
    "otherExpenses": -79000000,
    "operatingExpenses": 387000000,
    "costAndExpenses": 2517000000,
    "interestIncome": 0,
    "interestExpense": 0,
    "depreciationAndAmortization": 96000000,
    "ebitda": 83000000,
    "ebitdaratio": 0.0311678558,
    "operatingIncome": -19000000,
    "operatingIncomeRatio": -0.0071348104,
    "totalOtherIncomeExpensesNet": -53000000,
    "incomeBeforeTax": 93000000,
    "incomeBeforeTaxRatio": 0.0349230192,
    "incomeTaxExpense": 12000000,
    "netIncome": 83000000,
    "netIncomeRatio": 0.0311678558,
    "eps": 0.31,
    "epsdiluted": 0.3,
    "weightedAverageShsOut": 272914000,
    "weightedAverageShsOutDil": 277170000,
    "link": "https://www.sec.gov/Archives/edgar/data/217346/000095013504000995/0000950135-04-000995-index.htm",
    "finalLink": "https://www.sec.gov/Archives/edgar/data/217346/000095013504000995/b49049tie10vk.htm"
  },
  {
    "date": "2003-09-27",
    "symbol": "TXT",
    "reportedCurrency": "USD",
    "cik": "0000217346",
    "fillingDate": "2003-11-07",
    "acceptedDate": "2003-11-07 13:52:58",
    "calendarYear": "2004",
    "period": "Q3",
    "revenue": 2243000000,
    "costOfRevenue": 1718000000,
    "grossProfit": 525000000,
    "grossProfitRatio": 0.2340615247,
    "researchAndDevelopmentExpenses": 0,
    "generalAndAdministrativeExpenses": 0,
    "sellingAndMarketingExpenses": 0,
    "sellingGeneralAndAdministrativeExpenses": 317000000,
    "otherExpenses": 0,
    "operatingExpenses": 317000000,
    "costAndExpenses": 2035000000,
    "interestIncome": 0,
    "interestExpense": 0,
    "depreciationAndAmortization": 82000000,
    "ebitda": 357000000,
    "ebitdaratio": 0.1591618368,
    "operatingIncome": 275000000,
    "operatingIncomeRatio": 0.1226036558,
    "totalOtherIncomeExpensesNet": -138000000,
    "incomeBeforeTax": 70000000,
    "incomeBeforeTaxRatio": 0.0312082033,
    "incomeTaxExpense": 23000000,
    "netIncome": 47000000,
    "netIncomeRatio": 0.0209540794,
    "eps": 0.18,
    "epsdiluted": 0.17,
    "weightedAverageShsOut": 271254000,
    "weightedAverageShsOutDil": 273656000,
    "link": "https://www.sec.gov/Archives/edgar/data/217346/000021734603000067/0000217346-03-000067-index.htm",
    "finalLink": "https://www.sec.gov/Archives/edgar/data/217346/000021734603000067/q.htm"
  },
  {
    "date": "2003-06-28",
    "symbol": "TXT",
    "reportedCurrency": "USD",
    "cik": "0000217346",
    "fillingDate": "2003-08-05",
    "acceptedDate": "2003-08-05 16:33:33",
    "calendarYear": "2004",
    "period": "Q2",
    "revenue": 2599000000,
    "costOfRevenue": 2008000000,
    "grossProfit": 591000000,
    "grossProfitRatio": 0.227395152,
    "researchAndDevelopmentExpenses": 0,
    "generalAndAdministrativeExpenses": 0,
    "sellingAndMarketingExpenses": 0,
    "sellingGeneralAndAdministrativeExpenses": 362000000,
    "otherExpenses": 0,
    "operatingExpenses": 362000000,
    "costAndExpenses": 2370000000,
    "interestIncome": 0,
    "interestExpense": 0,
    "depreciationAndAmortization": 87000000,
    "ebitda": 370000000,
    "ebitdaratio": 0.1423624471,
    "operatingIncome": 283000000,
    "operatingIncomeRatio": 0.1088880339,
    "totalOtherIncomeExpensesNet": -92000000,
    "incomeBeforeTax": 105000000,
    "incomeBeforeTaxRatio": 0.0404001539,
    "incomeTaxExpense": 35000000,
    "netIncome": 63000000,
    "netIncomeRatio": 0.0242400923,
    "eps": 0.24,
    "epsdiluted": 0.23,
    "weightedAverageShsOut": 270760000,
    "weightedAverageShsOutDil": 272514000,
    "link": "https://www.sec.gov/Archives/edgar/data/217346/000021734603000035/0000217346-03-000035-index.htm",
    "finalLink": "https://www.sec.gov/Archives/edgar/data/217346/000021734603000035/q.htm"
  },
  {
    "date": "2003-03-29",
    "symbol": "TXT",
    "reportedCurrency": "USD",
    "cik": "0000217346",
    "fillingDate": "2003-05-06",
    "acceptedDate": "2003-05-06 11:46:45",
    "calendarYear": "2004",
    "period": "Q1",
    "revenue": 2457000000,
    "costOfRevenue": 1905000000,
    "grossProfit": 552000000,
    "grossProfitRatio": 0.2246642247,
    "researchAndDevelopmentExpenses": 0,
    "generalAndAdministrativeExpenses": 0,
    "sellingAndMarketingExpenses": 0,
    "sellingGeneralAndAdministrativeExpenses": 365000000,
    "otherExpenses": 0,
    "operatingExpenses": 365000000,
    "costAndExpenses": 2270000000,
    "interestIncome": 0,
    "interestExpense": 0,
    "depreciationAndAmortization": 91000000,
    "ebitda": 291000000,
    "ebitdaratio": 0.1184371184,
    "operatingIncome": 200000000,
    "operatingIncomeRatio": 0.0814000814,
    "totalOtherIncomeExpensesNet": -88000000,
    "incomeBeforeTax": 98000000,
    "incomeBeforeTaxRatio": 0.0398860399,
    "incomeTaxExpense": 32000000,
    "netIncome": 66000000,
    "netIncomeRatio": 0.0268620269,
    "eps": 0.24,
    "epsdiluted": 0.24,
    "weightedAverageShsOut": 271982000,
    "weightedAverageShsOutDil": 274118000,
    "link": "https://www.sec.gov/Archives/edgar/data/217346/000021734603000006/0000217346-03-000006-index.htm",
    "finalLink": "https://www.sec.gov/Archives/edgar/data/217346/000021734603000006/qone.htm"
  },
  {
    "date": "2002-12-28",
    "symbol": "TXT",
    "reportedCurrency": "USD",
    "cik": "0000217346",
    "fillingDate": "2003-02-27",
    "acceptedDate": "2003-02-27 11:28:48",
    "calendarYear": "2003",
    "period": "Q4",
    "revenue": 2862000000,
    "costOfRevenue": 2186000000,
    "grossProfit": 676000000,
    "grossProfitRatio": 0.2361984626,
    "researchAndDevelopmentExpenses": 0,
    "generalAndAdministrativeExpenses": 0,
    "sellingAndMarketingExpenses": 0,
    "sellingGeneralAndAdministrativeExpenses": 353000000,
    "otherExpenses": 0,
    "operatingExpenses": 486000000,
    "costAndExpenses": 2672000000,
    "interestIncome": 0,
    "interestExpense": 0,
    "depreciationAndAmortization": 101000000,
    "ebitda": 163000000,
    "ebitdaratio": 0.0569531796,
    "operatingIncome": 51000000,
    "operatingIncomeRatio": 0.0178197065,
    "totalOtherIncomeExpensesNet": -63000000,
    "incomeBeforeTax": 127000000,
    "incomeBeforeTaxRatio": 0.0443745632,
    "incomeTaxExpense": -11000000,
    "netIncome": 131000000,
    "netIncomeRatio": 0.0457721873,
    "eps": 0.47,
    "epsdiluted": 0.47,
    "weightedAverageShsOut": 274556000,
    "weightedAverageShsOutDil": 277096000,
    "link": "https://www.sec.gov/Archives/edgar/data/217346/000095013503001463/0000950135-03-001463-index.htm",
    "finalLink": "https://www.sec.gov/Archives/edgar/data/217346/000095013503001463/b45662tie10vk.txt"
  },
  {
    "date": "2002-09-28",
    "symbol": "TXT",
    "reportedCurrency": "USD",
    "cik": "0000217346",
    "fillingDate": "2002-11-08",
    "acceptedDate": "2002-11-08 11:55:47",
    "calendarYear": "2003",
    "period": "Q3",
    "revenue": 2554000000,
    "costOfRevenue": 1981000000,
    "grossProfit": 573000000,
    "grossProfitRatio": 0.2243539546,
    "researchAndDevelopmentExpenses": 0,
    "generalAndAdministrativeExpenses": 0,
    "sellingAndMarketingExpenses": 0,
    "sellingGeneralAndAdministrativeExpenses": 324000000,
    "otherExpenses": 0,
    "operatingExpenses": 324000000,
    "costAndExpenses": 2305000000,
    "interestIncome": 0,
    "interestExpense": 0,
    "depreciationAndAmortization": 93000000,
    "ebitda": 415000000,
    "ebitdaratio": 0.1624902114,
    "operatingIncome": 322000000,
    "operatingIncomeRatio": 0.1260767424,
    "totalOtherIncomeExpensesNet": -153000000,
    "incomeBeforeTax": 96000000,
    "incomeBeforeTaxRatio": 0.0375880971,
    "incomeTaxExpense": 19000000,
    "netIncome": 71000000,
    "netIncomeRatio": 0.0277995301,
    "eps": 0.26,
    "epsdiluted": 0.26,
    "weightedAverageShsOut": 275696000,
    "weightedAverageShsOutDil": 278290000,
    "link": "https://www.sec.gov/Archives/edgar/data/217346/000021734602000009/0000217346-02-000009-index.htm",
    "finalLink": "https://www.sec.gov/Archives/edgar/data/217346/000021734602000009/qthree.htm"
  },
  {
    "date": "2002-06-29",
    "symbol": "TXT",
    "reportedCurrency": "USD",
    "cik": "0000217346",
    "fillingDate": "2002-08-12",
    "acceptedDate": "2002-08-12 14:20:55",
    "calendarYear": "2003",
    "period": "Q2",
    "revenue": 2824000000,
    "costOfRevenue": 2175000000,
    "grossProfit": 649000000,
    "grossProfitRatio": 0.229815864,
    "researchAndDevelopmentExpenses": 0,
    "generalAndAdministrativeExpenses": 0,
    "sellingAndMarketingExpenses": 0,
    "sellingGeneralAndAdministrativeExpenses": 375000000,
    "otherExpenses": 474000000,
    "operatingExpenses": 474000000,
    "costAndExpenses": 2649000000,
    "interestIncome": 0,
    "interestExpense": 0,
    "depreciationAndAmortization": 83000000,
    "ebitda": 284000000,
    "ebitdaratio": 0.1005665722,
    "operatingIncome": 201000000,
    "operatingIncomeRatio": 0.0711756374,
    "totalOtherIncomeExpensesNet": -26000000,
    "incomeBeforeTax": 175000000,
    "incomeBeforeTaxRatio": 0.0619688385,
    "incomeTaxExpense": 63000000,
    "netIncome": 105000000,
    "netIncomeRatio": 0.0371813031,
    "eps": 0.38,
    "epsdiluted": 0.37,
    "weightedAverageShsOut": 278972000,
    "weightedAverageShsOutDil": 283198000,
    "link": "https://www.sec.gov/Archives/edgar/data/217346/000021734602000007/0000217346-02-000007-index.htm",
    "finalLink": "https://www.sec.gov/Archives/edgar/data/217346/000021734602000007/tenq.htm"
  },
  {
    "date": "2002-03-30",
    "symbol": "TXT",
    "reportedCurrency": "USD",
    "cik": "0000217346",
    "fillingDate": "2002-05-07",
    "acceptedDate": "2002-05-07 10:49:12",
    "calendarYear": "2003",
    "period": "Q1",
    "revenue": 2418000000,
    "costOfRevenue": 1879000000,
    "grossProfit": 539000000,
    "grossProfitRatio": 0.2229114971,
    "researchAndDevelopmentExpenses": 0,
    "generalAndAdministrativeExpenses": 0,
    "sellingAndMarketingExpenses": 0,
    "sellingGeneralAndAdministrativeExpenses": 360000000,
    "otherExpenses": 0,
    "operatingExpenses": 360000000,
    "costAndExpenses": 2239000000,
    "interestIncome": 0,
    "interestExpense": 0,
    "depreciationAndAmortization": 91000000,
    "ebitda": 280000000,
    "ebitdaratio": 0.1157981803,
    "operatingIncome": 189000000,
    "operatingIncomeRatio": 0.0781637717,
    "totalOtherIncomeExpensesNet": -93000000,
    "incomeBeforeTax": 86000000,
    "incomeBeforeTaxRatio": 0.035566584,
    "incomeTaxExpense": 29000000,
    "netIncome": 57000000,
    "netIncomeRatio": 0.023573201,
    "eps": 0.21,
    "epsdiluted": 0.2,
    "weightedAverageShsOut": 280806000,
    "weightedAverageShsOutDil": 283922000,
    "link": "https://www.sec.gov/Archives/edgar/data/217346/000021734602000002/0000217346-02-000002-index.htm",
    "finalLink": "https://www.sec.gov/Archives/edgar/data/217346/000021734602000002/tenq.htm"
  },
  {
    "date": "2001-12-29",
    "symbol": "TXT",
    "reportedCurrency": "USD",
    "cik": "0000217346",
    "fillingDate": "2002-03-14",
    "acceptedDate": "2002-03-14 00:00:00",
    "calendarYear": "2002",
    "period": "Q4",
    "revenue": 3183000000,
    "costOfRevenue": 2538000000,
    "grossProfit": 645000000,
    "grossProfitRatio": 0.2026390198,
    "researchAndDevelopmentExpenses": 0,
    "generalAndAdministrativeExpenses": 0,
    "sellingAndMarketingExpenses": 0,
    "sellingGeneralAndAdministrativeExpenses": 408000000,
    "otherExpenses": 0,
    "operatingExpenses": 148000000,
    "costAndExpenses": 2686000000,
    "interestIncome": 0,
    "interestExpense": 0,
    "depreciationAndAmortization": 123000000,
    "ebitda": 183000000,
    "ebitdaratio": 0.0574929312,
    "operatingIncome": 42000000,
    "operatingIncomeRatio": 0.013195099,
    "totalOtherIncomeExpensesNet": -56000000,
    "incomeBeforeTax": 441000000,
    "incomeBeforeTaxRatio": 0.1385485391,
    "incomeTaxExpense": 158000000,
    "netIncome": 257000000,
    "netIncomeRatio": 0.0807414389,
    "eps": 0.91,
    "epsdiluted": 0.91,
    "weightedAverageShsOut": 282490000,
    "weightedAverageShsOutDil": 297586000,
    "link": "https://www.sec.gov/Archives/edgar/data/217346/000095013502001340/0000950135-02-001340-index.htm",
    "finalLink": "https://www.sec.gov/Archives/edgar/data/217346/000095013502001340/b42129tie10-k405.txt"
  },
  {
    "date": "2001-09-29",
    "symbol": "TXT",
    "reportedCurrency": "USD",
    "cik": "0000217346",
    "fillingDate": "2001-11-02",
    "acceptedDate": "2001-11-02 00:00:00",
    "calendarYear": "2002",
    "period": "Q3",
    "revenue": 2810000000,
    "costOfRevenue": 2385000000,
    "grossProfit": 425000000,
    "grossProfitRatio": 0.1512455516,
    "researchAndDevelopmentExpenses": 0,
    "generalAndAdministrativeExpenses": 0,
    "sellingAndMarketingExpenses": 0,
    "sellingGeneralAndAdministrativeExpenses": 355000000,
    "otherExpenses": 0,
    "operatingExpenses": 355000000,
    "costAndExpenses": 2740000000,
    "interestIncome": 0,
    "interestExpense": 0,
    "depreciationAndAmortization": 129000000,
    "ebitda": 554000000,
    "ebitdaratio": 0.1971530249,
    "operatingIncome": 425000000,
    "operatingIncomeRatio": 0.1512455516,
    "totalOtherIncomeExpensesNet": -469000000,
    "incomeBeforeTax": -399000000,
    "incomeBeforeTaxRatio": -0.1419928826,
    "incomeTaxExpense": -69000000,
    "netIncome": -330000000,
    "netIncomeRatio": -0.1174377224,
    "eps": -1.17,
    "epsdiluted": -1.17,
    "weightedAverageShsOut": 282392000,
    "weightedAverageShsOutDil": 282392000,
    "link": "https://www.sec.gov/Archives/edgar/data/217346/000021734601500011/0000217346-01-500011-index.htm",
    "finalLink": "https://www.sec.gov/Archives/edgar/data/217346/000021734601500011/tenq.htm"
  },
  {
    "date": "2001-06-30",
    "symbol": "TXT",
    "reportedCurrency": "USD",
    "cik": "0000217346",
    "fillingDate": "2001-08-01",
    "acceptedDate": "2001-08-01 00:00:00",
    "calendarYear": "2002",
    "period": "Q2",
    "revenue": 3288000000,
    "costOfRevenue": 2419000000,
    "grossProfit": 869000000,
    "grossProfitRatio": 0.2642944039,
    "researchAndDevelopmentExpenses": 0,
    "generalAndAdministrativeExpenses": 0,
    "sellingAndMarketingExpenses": 0,
    "sellingGeneralAndAdministrativeExpenses": 414000000,
    "otherExpenses": 559000000,
    "operatingExpenses": 519000000,
    "costAndExpenses": 2938000000,
    "interestIncome": 0,
    "interestExpense": 0,
    "depreciationAndAmortization": 135000000,
    "ebitda": 520000000,
    "ebitdaratio": 0.1581508516,
    "operatingIncome": 385000000,
    "operatingIncomeRatio": 0.1170924574,
    "totalOtherIncomeExpensesNet": -7000000,
    "incomeBeforeTax": 198000000,
    "incomeBeforeTaxRatio": 0.0602189781,
    "incomeTaxExpense": 72000000,
    "netIncome": 126000000,
    "netIncomeRatio": 0.0383211679,
    "eps": 0.45,
    "epsdiluted": 0.44,
    "weightedAverageShsOut": 282110000,
    "weightedAverageShsOutDil": 286822000,
    "link": "https://www.sec.gov/Archives/edgar/data/217346/000021734601500009/0000217346-01-500009-index.htm",
    "finalLink": "https://www.sec.gov/Archives/edgar/data/217346/000021734601500009/tenqsec.htm"
  },
  {
    "date": "2001-03-31",
    "symbol": "TXT",
    "reportedCurrency": "USD",
    "cik": "0000217346",
    "fillingDate": "2001-05-09",
    "acceptedDate": "2001-05-09 00:00:00",
    "calendarYear": "2002",
    "period": "Q1",
    "revenue": 3040000000,
    "costOfRevenue": 2215000000,
    "grossProfit": 825000000,
    "grossProfitRatio": 0.2713815789,
    "researchAndDevelopmentExpenses": 0,
    "generalAndAdministrativeExpenses": 0,
    "sellingAndMarketingExpenses": 0,
    "sellingGeneralAndAdministrativeExpenses": 367000000,
    "otherExpenses": 542000000,
    "operatingExpenses": 465000000,
    "costAndExpenses": 2680000000,
    "interestIncome": 0,
    "interestExpense": 0,
    "depreciationAndAmortization": 127000000,
    "ebitda": 540000000,
    "ebitdaratio": 0.1776315789,
    "operatingIncome": 413000000,
    "operatingIncomeRatio": 0.1358552632,
    "totalOtherIncomeExpensesNet": -170000000,
    "incomeBeforeTax": 179000000,
    "incomeBeforeTaxRatio": 0.0588815789,
    "incomeTaxExpense": 66000000,
    "netIncome": 113000000,
    "netIncomeRatio": 0.0371710526,
    "eps": 0.4,
    "epsdiluted": 0.4,
    "weightedAverageShsOut": 281466000,
    "weightedAverageShsOutDil": 285504000,
    "link": "https://www.sec.gov/Archives/edgar/data/217346/000021734601500004/0000217346-01-500004-index.htm",
    "finalLink": "https://www.sec.gov/Archives/edgar/data/217346/000021734601500004/tenq.htm"
  },
  {
    "date": "2000-12-30",
    "symbol": "TXT",
    "reportedCurrency": "USD",
    "cik": "0000217346",
    "fillingDate": "2001-03-14",
    "acceptedDate": "2001-03-14 00:00:00",
    "calendarYear": "2001",
    "period": "Q4",
    "revenue": 3497000000,
    "costOfRevenue": 2513000000,
    "grossProfit": 984000000,
    "grossProfitRatio": 0.2813840435,
    "researchAndDevelopmentExpenses": 0,
    "generalAndAdministrativeExpenses": 0,
    "sellingAndMarketingExpenses": 0,
    "sellingGeneralAndAdministrativeExpenses": 449000000,
    "otherExpenses": 0,
    "operatingExpenses": 573000000,
    "costAndExpenses": 3086000000,
    "interestIncome": 0,
    "interestExpense": 0,
    "depreciationAndAmortization": 124000000,
    "ebitda": 535000000,
    "ebitdaratio": 0.1529882757,
    "operatingIncome": 411000000,
    "operatingIncomeRatio": 0.1175293108,
    "totalOtherIncomeExpensesNet": -611000000,
    "incomeBeforeTax": -200000000,
    "incomeBeforeTaxRatio": -0.0571918788,
    "incomeTaxExpense": 18000000,
    "netIncome": -218000000,
    "netIncomeRatio": -0.0623391478,
    "eps": -0.77,
    "epsdiluted": -0.76,
    "weightedAverageShsOut": 283976000,
    "weightedAverageShsOutDil": 287734000,
    "link": "https://www.sec.gov/Archives/edgar/data/217346/000095013501000833/0000950135-01-000833-index.htm",
    "finalLink": "https://www.sec.gov/Archives/edgar/data/217346/000095013501000833/b38194txe10-k.txt"
  },
  {
    "date": "2000-09-30",
    "symbol": "TXT",
    "reportedCurrency": "USD",
    "cik": "0000217346",
    "fillingDate": "2000-11-13",
    "acceptedDate": "2000-11-13 00:00:00",
    "calendarYear": "2001",
    "period": "Q3",
    "revenue": 3134000000,
    "costOfRevenue": 2276000000,
    "grossProfit": 858000000,
    "grossProfitRatio": 0.273771538,
    "researchAndDevelopmentExpenses": 0,
    "generalAndAdministrativeExpenses": 0,
    "sellingAndMarketingExpenses": 0,
    "sellingGeneralAndAdministrativeExpenses": 346000000,
    "otherExpenses": 0,
    "operatingExpenses": 469000000,
    "costAndExpenses": 2745000000,
    "interestIncome": 0,
    "interestExpense": 0,
    "depreciationAndAmortization": 123000000,
    "ebitda": 512000000,
    "ebitdaratio": 0.1633694959,
    "operatingIncome": 389000000,
    "operatingIncomeRatio": 0.1241225271,
    "totalOtherIncomeExpensesNet": -149000000,
    "incomeBeforeTax": 251000000,
    "incomeBeforeTaxRatio": 0.0800893427,
    "incomeTaxExpense": 93000000,
    "netIncome": 158000000,
    "netIncomeRatio": 0.0504148054,
    "eps": 0.55,
    "epsdiluted": 0.54,
    "weightedAverageShsOut": 286370000,
    "weightedAverageShsOutDil": 290650000,
    "link": "https://www.sec.gov/Archives/edgar/data/217346/000021734600000013/0000217346-00-000013-index.htm",
    "finalLink": "https://www.sec.gov/Archives/edgar/data/217346/000021734600000013/0000217346-00-000013-0001.htm"
  },
  {
    "date": "2000-07-01",
    "symbol": "TXT",
    "reportedCurrency": "USD",
    "cik": "0000217346",
    "fillingDate": "2000-08-14",
    "acceptedDate": "2000-08-14 00:00:00",
    "calendarYear": "2001",
    "period": "Q2",
    "revenue": 3222000000,
    "costOfRevenue": 2333000000,
    "grossProfit": 889000000,
    "grossProfitRatio": 0.2759155804,
    "researchAndDevelopmentExpenses": 0,
    "generalAndAdministrativeExpenses": 0,
    "sellingAndMarketingExpenses": 0,
    "sellingGeneralAndAdministrativeExpenses": 349000000,
    "otherExpenses": 472000000,
    "operatingExpenses": 475000000,
    "costAndExpenses": 2808000000,
    "interestIncome": 0,
    "interestExpense": 0,
    "depreciationAndAmortization": 126000000,
    "ebitda": 540000000,
    "ebitdaratio": 0.1675977654,
    "operatingIncome": 414000000,
    "operatingIncomeRatio": 0.1284916201,
    "totalOtherIncomeExpensesNet": -130000000,
    "incomeBeforeTax": 284000000,
    "incomeBeforeTaxRatio": 0.0881440099,
    "incomeTaxExpense": 105000000,
    "netIncome": 179000000,
    "netIncomeRatio": 0.0555555556,
    "eps": 0.63,
    "epsdiluted": 0.62,
    "weightedAverageShsOut": 287962000,
    "weightedAverageShsOutDil": 292608000,
    "link": "https://www.sec.gov/Archives/edgar/data/217346/000021734600000012/0000217346-00-000012-index.htm",
    "finalLink": "https://www.sec.gov/Archives/edgar/data/217346/000021734600000012/0000217346-00-000012-0001.htm"
  },
  {
    "date": "2000-04-01",
    "symbol": "TXT",
    "reportedCurrency": "USD",
    "cik": "0000217346",
    "fillingDate": "2000-05-12",
    "acceptedDate": "2000-05-12 00:00:00",
    "calendarYear": "2001",
    "period": "Q1",
    "revenue": 3237000000,
    "costOfRevenue": 2412000000,
    "grossProfit": 825000000,
    "grossProfitRatio": 0.2548656163,
    "researchAndDevelopmentExpenses": 0,
    "generalAndAdministrativeExpenses": 0,
    "sellingAndMarketingExpenses": 0,
    "sellingGeneralAndAdministrativeExpenses": 332000000,
    "otherExpenses": 328000000,
    "operatingExpenses": 453000000,
    "costAndExpenses": 2865000000,
    "interestIncome": 0,
    "interestExpense": 0,
    "depreciationAndAmortization": 121000000,
    "ebitda": 499000000,
    "ebitdaratio": 0.1541550819,
    "operatingIncome": 378000000,
    "operatingIncomeRatio": 0.1167747915,
    "totalOtherIncomeExpensesNet": -121000000,
    "incomeBeforeTax": 250000000,
    "incomeBeforeTaxRatio": 0.0772320049,
    "incomeTaxExpense": 92000000,
    "netIncome": 99000000,
    "netIncomeRatio": 0.030583874,
    "eps": 0.33,
    "epsdiluted": 0.33,
    "weightedAverageShsOut": 292562000,
    "weightedAverageShsOutDil": 297636000,
    "link": "https://www.sec.gov/Archives/edgar/data/217346/000021734600000001/0000217346-00-000001-index.html",
    "finalLink": "https://www.sec.gov/Archives/edgar/data/217346/000021734600000001/0000217346-00-000001-d1.html"
  },
  {
    "date": "2000-01-01",
    "symbol": "TXT",
    "reportedCurrency": "USD",
    "cik": "0000217346",
    "fillingDate": "2000-03-17",
    "acceptedDate": "2000-03-17 00:00:00",
    "calendarYear": "2000",
    "period": "Q4",
    "revenue": 3234000000,
    "costOfRevenue": 2424000000,
    "grossProfit": 810000000,
    "grossProfitRatio": 0.2504638219,
    "researchAndDevelopmentExpenses": 0,
    "generalAndAdministrativeExpenses": 0,
    "sellingAndMarketingExpenses": 0,
    "sellingGeneralAndAdministrativeExpenses": 311000000,
    "otherExpenses": 0,
    "operatingExpenses": 433000000,
    "costAndExpenses": 2857000000,
    "interestIncome": 0,
    "interestExpense": 0,
    "depreciationAndAmortization": 122000000,
    "ebitda": 499000000,
    "ebitdaratio": 0.1542980829,
    "operatingIncome": 377000000,
    "operatingIncomeRatio": 0.1165739023,
    "totalOtherIncomeExpensesNet": -104000000,
    "incomeBeforeTax": 273000000,
    "incomeBeforeTaxRatio": 0.0844155844,
    "incomeTaxExpense": 103000000,
    "netIncome": 201000000,
    "netIncomeRatio": 0.0621521336,
    "eps": -4.79,
    "epsdiluted": -4.79,
    "weightedAverageShsOut": 301135691,
    "weightedAverageShsOutDil": 308717221,
    "link": "https://www.sec.gov/Archives/edgar/data/217346/000095013500001466/0000950135-00-001466-index.html",
    "finalLink": "https://www.sec.gov/Archives/edgar/data/217346/000095013500001466/"
  },
  {
    "date": "1999-10-02",
    "symbol": "TXT",
    "reportedCurrency": "USD",
    "cik": "0000217346",
    "fillingDate": "1999-11-08",
    "acceptedDate": "1999-11-08 00:00:00",
    "calendarYear": "2000",
    "period": "Q3",
    "revenue": 2709000000,
    "costOfRevenue": 1998000000,
    "grossProfit": 711000000,
    "grossProfitRatio": 0.2624584718,
    "researchAndDevelopmentExpenses": 0,
    "generalAndAdministrativeExpenses": 0,
    "sellingAndMarketingExpenses": 0,
    "sellingGeneralAndAdministrativeExpenses": 310000000,
    "otherExpenses": 0,
    "operatingExpenses": 420000000,
    "costAndExpenses": 2418000000,
    "interestIncome": 0,
    "interestExpense": 0,
    "depreciationAndAmortization": 111000000,
    "ebitda": 399000000,
    "ebitdaratio": 0.1472868217,
    "operatingIncome": 288000000,
    "operatingIncomeRatio": 0.1063122924,
    "totalOtherIncomeExpensesNet": -55000000,
    "incomeBeforeTax": 236000000,
    "incomeBeforeTaxRatio": 0.0871170173,
    "incomeTaxExpense": 90000000,
    "netIncome": 146000000,
    "netIncomeRatio": 0.053894426,
    "eps": 0.49,
    "epsdiluted": 0.48,
    "weightedAverageShsOut": 300138000,
    "weightedAverageShsOutDil": 306812000,
    "link": "https://www.sec.gov/Archives/edgar/data/217346/000021734699000019/0000217346-99-000019-index.html",
    "finalLink": "https://www.sec.gov/Archives/edgar/data/217346/000021734699000019/0000217346-99-000019-d1.html"
  },
  {
    "date": "1999-07-03",
    "symbol": "TXT",
    "reportedCurrency": "USD",
    "cik": "0000217346",
    "fillingDate": "1999-08-12",
    "acceptedDate": "1999-08-12 00:00:00",
    "calendarYear": "2000",
    "period": "Q2",
    "revenue": 2887000000,
    "costOfRevenue": 2113000000,
    "grossProfit": 774000000,
    "grossProfitRatio": 0.268098372,
    "researchAndDevelopmentExpenses": 0,
    "generalAndAdministrativeExpenses": 0,
    "sellingAndMarketingExpenses": 0,
    "sellingGeneralAndAdministrativeExpenses": 352000000,
    "otherExpenses": 0,
    "operatingExpenses": 460000000,
    "costAndExpenses": 2573000000,
    "interestIncome": 0,
    "interestExpense": 0,
    "depreciationAndAmortization": 108000000,
    "ebitda": 418000000,
    "ebitdaratio": 0.1447869761,
    "operatingIncome": 310000000,
    "operatingIncomeRatio": 0.1073779009,
    "totalOtherIncomeExpensesNet": -55000000,
    "incomeBeforeTax": 259000000,
    "incomeBeforeTaxRatio": 0.0897125043,
    "incomeTaxExpense": 97000000,
    "netIncome": 162000000,
    "netIncomeRatio": 0.0561136127,
    "eps": 0.54,
    "epsdiluted": 0.53,
    "weightedAverageShsOut": 301024000,
    "weightedAverageShsOutDil": 308192000,
    "link": "https://www.sec.gov/Archives/edgar/data/217346/000021734699000015/0000217346-99-000015-index.html",
    "finalLink": "https://www.sec.gov/Archives/edgar/data/217346/000021734699000015/0000217346-99-000015-d1.html"
  },
  {
    "date": "1999-04-03",
    "symbol": "TXT",
    "reportedCurrency": "USD",
    "cik": "0000217346",
    "fillingDate": "1999-05-12",
    "acceptedDate": "1999-05-12 00:00:00",
    "calendarYear": "2000",
    "period": "Q1",
    "revenue": 2749000000,
    "costOfRevenue": 2137000000,
    "grossProfit": 612000000,
    "grossProfitRatio": 0.2226264096,
    "researchAndDevelopmentExpenses": 0,
    "generalAndAdministrativeExpenses": 0,
    "sellingAndMarketingExpenses": 0,
    "sellingGeneralAndAdministrativeExpenses": 233000000,
    "otherExpenses": 0,
    "operatingExpenses": 332000000,
    "costAndExpenses": 2469000000,
    "interestIncome": 0,
    "interestExpense": 0,
    "depreciationAndAmortization": 99000000,
    "ebitda": 363000000,
    "ebitdaratio": 0.1320480175,
    "operatingIncome": 264000000,
    "operatingIncomeRatio": 0.0960349218,
    "totalOtherIncomeExpensesNet": -44000000,
    "incomeBeforeTax": 236000000,
    "incomeBeforeTaxRatio": 0.0858493998,
    "incomeTaxExpense": 91000000,
    "netIncome": 1717000000,
    "netIncomeRatio": 0.6245907603,
    "eps": 5.63,
    "epsdiluted": 5.5,
    "weightedAverageShsOut": 304973357,
    "weightedAverageShsOutDil": 312181818,
    "link": "https://www.sec.gov/Archives/edgar/data/217346/000021734699000007/0000217346-99-000007-index.html",
    "finalLink": "https://www.sec.gov/Archives/edgar/data/217346/"
  },
  {
    "date": "1999-01-02",
    "symbol": "TXT",
    "reportedCurrency": "USD",
    "cik": "0000217346",
    "fillingDate": "1999-03-15",
    "acceptedDate": "1999-03-15 00:00:00",
    "calendarYear": "1999",
    "period": "Q4",
    "revenue": 2870000000,
    "costOfRevenue": 1927000000,
    "grossProfit": 943000000,
    "grossProfitRatio": 0.3285714286,
    "researchAndDevelopmentExpenses": 0,
    "generalAndAdministrativeExpenses": 0,
    "sellingAndMarketingExpenses": 0,
    "sellingGeneralAndAdministrativeExpenses": 285000000,
    "otherExpenses": 0,
    "operatingExpenses": 385000000,
    "costAndExpenses": 2312000000,
    "interestIncome": 0,
    "interestExpense": 0,
    "depreciationAndAmortization": 100000000,
    "ebitda": 914000000,
    "ebitdaratio": 0.318466899,
    "operatingIncome": 814000000,
    "operatingIncomeRatio": 0.2836236934,
    "totalOtherIncomeExpensesNet": -365000000,
    "incomeBeforeTax": 193000000,
    "incomeBeforeTaxRatio": 0.0672473868,
    "incomeTaxExpense": 73000000,
    "netIncome": 160000000,
    "netIncomeRatio": 0.0557491289,
    "eps": -0.005,
    "epsdiluted": -0.005,
    "weightedAverageShsOut": 325818182,
    "weightedAverageShsOutDil": 334328358,
    "link": "https://www.sec.gov/Archives/edgar/data/217346/000021734699000003/0000217346-99-000003-index.html",
    "finalLink": "https://www.sec.gov/Archives/edgar/data/217346/"
  },
  {
    "date": "1998-10-03",
    "symbol": "TXT",
    "reportedCurrency": "USD",
    "cik": "0000217346",
    "fillingDate": "1998-11-12",
    "acceptedDate": "1998-11-12 00:00:00",
    "calendarYear": "1999",
    "period": "Q3",
    "revenue": 2253000000,
    "costOfRevenue": 1805000000,
    "grossProfit": 448000000,
    "grossProfitRatio": 0.1988459831,
    "researchAndDevelopmentExpenses": 0,
    "generalAndAdministrativeExpenses": 0,
    "sellingAndMarketingExpenses": 0,
    "sellingGeneralAndAdministrativeExpenses": 255000000,
    "otherExpenses": 0,
    "operatingExpenses": 283000000,
    "costAndExpenses": 2088000000,
    "interestIncome": 0,
    "interestExpense": 0,
    "depreciationAndAmortization": 28000000,
    "ebitda": 100000000,
    "ebitdaratio": 0.0443852641,
    "operatingIncome": 72000000,
    "operatingIncomeRatio": 0.0319573901,
    "totalOtherIncomeExpensesNet": -83000000,
    "incomeBeforeTax": 178000000,
    "incomeBeforeTaxRatio": 0.0790057701,
    "incomeTaxExpense": 70000000,
    "netIncome": 142000000,
    "netIncomeRatio": 0.063027075,
    "eps": 0.44,
    "epsdiluted": 0.43,
    "weightedAverageShsOut": 326436782,
    "weightedAverageShsOutDil": 334117647,
    "link": "https://www.sec.gov/Archives/edgar/data/217346/000021734698000018/0000217346-98-000018-index.html",
    "finalLink": "https://www.sec.gov/Archives/edgar/data/217346/"
  },
  {
    "date": "1998-07-04",
    "symbol": "TXT",
    "reportedCurrency": "USD",
    "cik": "0000217346",
    "fillingDate": "1998-08-10",
    "acceptedDate": "1998-08-10 00:00:00",
    "calendarYear": "1999",
    "period": "Q2",
    "revenue": 2953000000,
    "costOfRevenue": 1896000000,
    "grossProfit": 1057000000,
    "grossProfitRatio": 0.3579410769,
    "researchAndDevelopmentExpenses": 0,
    "generalAndAdministrativeExpenses": 0,
    "sellingAndMarketingExpenses": 0,
    "sellingGeneralAndAdministrativeExpenses": 473000000,
    "otherExpenses": 0,
    "operatingExpenses": 590000000,
    "costAndExpenses": 2486000000,
    "interestIncome": 0,
    "interestExpense": 0,
    "depreciationAndAmortization": 117000000,
    "ebitda": 581000000,
    "ebitdaratio": 0.1967490687,
    "operatingIncome": 464000000,
    "operatingIncomeRatio": 0.1571283441,
    "totalOtherIncomeExpensesNet": -72000000,
    "incomeBeforeTax": 279000000,
    "incomeBeforeTaxRatio": 0.0944801896,
    "incomeTaxExpense": 115000000,
    "netIncome": 164000000,
    "netIncomeRatio": 0.0555367423,
    "eps": 0.5,
    "epsdiluted": 0.49,
    "weightedAverageShsOut": 328000000,
    "weightedAverageShsOutDil": 334693878,
    "link": "https://www.sec.gov/Archives/edgar/data/217346/000021734698000011/0000217346-98-000011-index.html",
    "finalLink": "https://www.sec.gov/Archives/edgar/data/217346/"
  },
  {
    "date": "1998-04-04",
    "symbol": "TXT",
    "reportedCurrency": "USD",
    "cik": "0000217346",
    "fillingDate": "1998-05-15",
    "acceptedDate": "1998-05-15 00:00:00",
    "calendarYear": "1999",
    "period": "Q1",
    "revenue": 2718000000,
    "costOfRevenue": 1649000000,
    "grossProfit": 1069000000,
    "grossProfitRatio": 0.3933038999,
    "researchAndDevelopmentExpenses": 0,
    "generalAndAdministrativeExpenses": 0,
    "sellingAndMarketingExpenses": 0,
    "sellingGeneralAndAdministrativeExpenses": 452000000,
    "otherExpenses": 0,
    "operatingExpenses": 568000000,
    "costAndExpenses": 2217000000,
    "interestIncome": 0,
    "interestExpense": 0,
    "depreciationAndAmortization": 116000000,
    "ebitda": 690000000,
    "ebitdaratio": 0.2538631347,
    "operatingIncome": 574000000,
    "operatingIncomeRatio": 0.2111846946,
    "totalOtherIncomeExpensesNet": -76000000,
    "incomeBeforeTax": 233000000,
    "incomeBeforeTaxRatio": 0.0857247976,
    "incomeTaxExpense": 91000000,
    "netIncome": 142000000,
    "netIncomeRatio": 0.0522442973,
    "eps": 0.44,
    "epsdiluted": 0.43,
    "weightedAverageShsOut": 326436782,
    "weightedAverageShsOutDil": 334117647,
    "link": "https://www.sec.gov/Archives/edgar/data/217346/000021734698000006/0000217346-98-000006-index.html",
    "finalLink": "https://www.sec.gov/Archives/edgar/data/217346/"
  },
  {
    "date": "1998-01-03",
    "symbol": "TXT",
    "reportedCurrency": "USD",
    "cik": "0000217346",
    "fillingDate": "1998-03-16",
    "acceptedDate": "1998-03-16 00:00:00",
    "calendarYear": "1998",
    "period": "Q4",
    "revenue": 2818000000,
    "costOfRevenue": 1742000000,
    "grossProfit": 1076000000,
    "grossProfitRatio": 0.3818310859,
    "researchAndDevelopmentExpenses": 0,
    "generalAndAdministrativeExpenses": 0,
    "sellingAndMarketingExpenses": 0,
    "sellingGeneralAndAdministrativeExpenses": 385000000,
    "otherExpenses": 0,
    "operatingExpenses": 504000000,
    "costAndExpenses": 2246000000,
    "interestIncome": 0,
    "interestExpense": 0,
    "depreciationAndAmortization": 119000000,
    "ebitda": 835000000,
    "ebitdaratio": 0.2963094393,
    "operatingIncome": 716000000,
    "operatingIncomeRatio": 0.2540809084,
    "totalOtherIncomeExpensesNet": -324000000,
    "incomeBeforeTax": 248000000,
    "incomeBeforeTaxRatio": 0.0880056778,
    "incomeTaxExpense": 98000000,
    "netIncome": 150000000,
    "netIncomeRatio": 0.0532292406,
    "eps": 0.46,
    "epsdiluted": 0.45,
    "weightedAverageShsOut": 323221244,
    "weightedAverageShsOutDil": 334407295,
    "link": "https://www.sec.gov/Archives/edgar/data/217346/000021734698000002/0000217346-98-000002-index.html",
    "finalLink": "https://www.sec.gov/Archives/edgar/data/217346/"
  },
  {
    "date": "1997-09-27",
    "symbol": "TXT",
    "reportedCurrency": "USD",
    "cik": "0000217346",
    "fillingDate": "1997-11-07",
    "acceptedDate": "1997-11-07 00:00:00",
    "calendarYear": "1998",
    "period": "Q3",
    "revenue": 2508000000,
    "costOfRevenue": 1483000000,
    "grossProfit": 1025000000,
    "grossProfitRatio": 0.408692185,
    "researchAndDevelopmentExpenses": 0,
    "generalAndAdministrativeExpenses": 0,
    "sellingAndMarketingExpenses": 0,
    "sellingGeneralAndAdministrativeExpenses": 372000000,
    "otherExpenses": 0,
    "operatingExpenses": 478000000,
    "costAndExpenses": 1961000000,
    "interestIncome": 0,
    "interestExpense": 0,
    "depreciationAndAmortization": 106000000,
    "ebitda": 793000000,
    "ebitdaratio": 0.3161881978,
    "operatingIncome": 687000000,
    "operatingIncomeRatio": 0.273923445,
    "totalOtherIncomeExpensesNet": -538000000,
    "incomeBeforeTax": 224000000,
    "incomeBeforeTaxRatio": 0.0893141946,
    "incomeTaxExpense": 86000000,
    "netIncome": 138000000,
    "netIncomeRatio": 0.0550239234,
    "eps": 0.42,
    "epsdiluted": 0.41,
    "weightedAverageShsOut": 332530120,
    "weightedAverageShsOutDil": 340740741,
    "link": "https://www.sec.gov/Archives/edgar/data/217346/000021734697000016/0000217346-97-000016-index.html",
    "finalLink": "https://www.sec.gov/Archives/edgar/data/217346/"
  },
  {
    "date": "1997-06-28",
    "symbol": "TXT",
    "reportedCurrency": "USD",
    "cik": "0000217346",
    "fillingDate": "1997-08-05",
    "acceptedDate": "1997-08-05 00:00:00",
    "calendarYear": "1998",
    "period": "Q2",
    "revenue": 2667000000,
    "costOfRevenue": 1622000000,
    "grossProfit": 1045000000,
    "grossProfitRatio": 0.3918260217,
    "researchAndDevelopmentExpenses": 0,
    "generalAndAdministrativeExpenses": 0,
    "sellingAndMarketingExpenses": 0,
    "sellingGeneralAndAdministrativeExpenses": 380000000,
    "otherExpenses": 0,
    "operatingExpenses": 488000000,
    "costAndExpenses": 2110000000,
    "interestIncome": 0,
    "interestExpense": 0,
    "depreciationAndAmortization": 108000000,
    "ebitda": 802000000,
    "ebitdaratio": 0.3007124109,
    "operatingIncome": 694000000,
    "operatingIncomeRatio": 0.2602174728,
    "totalOtherIncomeExpensesNet": -317000000,
    "incomeBeforeTax": 240000000,
    "incomeBeforeTaxRatio": 0.0899887514,
    "incomeTaxExpense": 95000000,
    "netIncome": 145000000,
    "netIncomeRatio": 0.054368204,
    "eps": 0.44,
    "epsdiluted": 0.43,
    "weightedAverageShsOut": 329545455,
    "weightedAverageShsOutDil": 337209302,
    "link": "https://www.sec.gov/Archives/edgar/data/217346/000021734697000008/0000217346-97-000008-index.html",
    "finalLink": "https://www.sec.gov/Archives/edgar/data/217346/"
  },
  {
    "date": "1997-03-29",
    "symbol": "TXT",
    "reportedCurrency": "USD",
    "cik": "0000217346",
    "fillingDate": "1997-05-13",
    "acceptedDate": "1997-05-13 00:00:00",
    "calendarYear": "1998",
    "period": "Q1",
    "revenue": 2551000000,
    "costOfRevenue": 1554000000,
    "grossProfit": 997000000,
    "grossProfitRatio": 0.3908271266,
    "researchAndDevelopmentExpenses": 0,
    "generalAndAdministrativeExpenses": 0,
    "sellingAndMarketingExpenses": 0,
    "sellingGeneralAndAdministrativeExpenses": 362000000,
    "otherExpenses": 0,
    "operatingExpenses": 464000000,
    "costAndExpenses": 2018000000,
    "interestIncome": 0,
    "interestExpense": 0,
    "depreciationAndAmortization": 102000000,
    "ebitda": 775000000,
    "ebitdaratio": 0.3038024304,
    "operatingIncome": 673000000,
    "operatingIncomeRatio": 0.2638181105,
    "totalOtherIncomeExpensesNet": -323000000,
    "incomeBeforeTax": 210000000,
    "incomeBeforeTaxRatio": 0.0823206586,
    "incomeTaxExpense": 85000000,
    "netIncome": 125000000,
    "netIncomeRatio": 0.049000392,
    "eps": 0.38,
    "epsdiluted": 0.37,
    "weightedAverageShsOut": 333333333,
    "weightedAverageShsOutDil": 342465753,
    "link": "https://www.sec.gov/Archives/edgar/data/217346/000021734697000002/0000217346-97-000002-index.html",
    "finalLink": "https://www.sec.gov/Archives/edgar/data/217346/"
  },
  {
    "date": "1996-12-28",
    "symbol": "TXT",
    "reportedCurrency": "USD",
    "cik": "0000217346",
    "fillingDate": "1997-03-14",
    "acceptedDate": "1997-03-14 00:00:00",
    "calendarYear": "1997",
    "period": "Q4",
    "revenue": 2428000000,
    "costOfRevenue": 1428000000,
    "grossProfit": 1000000000,
    "grossProfitRatio": 0.4118616145,
    "researchAndDevelopmentExpenses": 0,
    "generalAndAdministrativeExpenses": 0,
    "sellingAndMarketingExpenses": 0,
    "sellingGeneralAndAdministrativeExpenses": 366000000,
    "otherExpenses": 0,
    "operatingExpenses": 467000000,
    "costAndExpenses": 1895000000,
    "interestIncome": 0,
    "interestExpense": 0,
    "depreciationAndAmortization": 101000000,
    "ebitda": 772000000,
    "ebitdaratio": 0.3179571664,
    "operatingIncome": 671000000,
    "operatingIncomeRatio": 0.2763591433,
    "totalOtherIncomeExpensesNet": -320000000,
    "incomeBeforeTax": 213000000,
    "incomeBeforeTaxRatio": 0.0877265239,
    "incomeTaxExpense": 85000000,
    "netIncome": 128000000,
    "netIncomeRatio": 0.0527182867,
    "eps": 0.39,
    "epsdiluted": 0.37,
    "weightedAverageShsOut": 321585824,
    "weightedAverageShsOutDil": 344031311,
    "link": "https://www.sec.gov/Archives/edgar/data/217346/000021734697000001/0000217346-97-000001-index.html",
    "finalLink": "https://www.sec.gov/Archives/edgar/data/217346/"
  },
  {
    "date": "1996-09-28",
    "symbol": "TXT",
    "reportedCurrency": "USD",
    "cik": "0000217346",
    "fillingDate": "1996-11-12",
    "acceptedDate": "1996-11-12 00:00:00",
    "calendarYear": "1997",
    "period": "Q3",
    "revenue": 2248000000,
    "costOfRevenue": 1298000000,
    "grossProfit": 950000000,
    "grossProfitRatio": 0.4225978648,
    "researchAndDevelopmentExpenses": 0,
    "generalAndAdministrativeExpenses": 0,
    "sellingAndMarketingExpenses": 0,
    "sellingGeneralAndAdministrativeExpenses": 335000000,
    "otherExpenses": 0,
    "operatingExpenses": 432000000,
    "costAndExpenses": 1730000000,
    "interestIncome": 0,
    "interestExpense": 0,
    "depreciationAndAmortization": 97000000,
    "ebitda": 749000000,
    "ebitdaratio": 0.3331850534,
    "operatingIncome": 652000000,
    "operatingIncomeRatio": 0.2900355872,
    "totalOtherIncomeExpensesNet": -317000000,
    "incomeBeforeTax": 201000000,
    "incomeBeforeTaxRatio": 0.0894128114,
    "incomeTaxExpense": 81000000,
    "netIncome": -35000000,
    "netIncomeRatio": -0.015569395,
    "eps": -0.11,
    "epsdiluted": -0.1,
    "weightedAverageShsOut": 333333333,
    "weightedAverageShsOutDil": 350000000,
    "link": "https://www.sec.gov/Archives/edgar/data/217346/000021734696000015/0000217346-96-000015-index.html",
    "finalLink": "https://www.sec.gov/Archives/edgar/data/217346/"
  },
  {
    "date": "1996-06-29",
    "symbol": "TXT",
    "reportedCurrency": "USD",
    "cik": "0000217346",
    "fillingDate": "1996-08-12",
    "acceptedDate": "1996-08-12 00:00:00",
    "calendarYear": "1997",
    "period": "Q2",
    "revenue": 2384000000,
    "costOfRevenue": 1423000000,
    "grossProfit": 961000000,
    "grossProfitRatio": 0.4031040268,
    "researchAndDevelopmentExpenses": 0,
    "generalAndAdministrativeExpenses": 0,
    "sellingAndMarketingExpenses": 0,
    "sellingGeneralAndAdministrativeExpenses": 342000000,
    "otherExpenses": 0,
    "operatingExpenses": 439000000,
    "costAndExpenses": 1862000000,
    "interestIncome": 0,
    "interestExpense": 0,
    "depreciationAndAmortization": 97000000,
    "ebitda": 749000000,
    "ebitdaratio": 0.3141778523,
    "operatingIncome": 652000000,
    "operatingIncomeRatio": 0.2734899329,
    "totalOtherIncomeExpensesNet": -313000000,
    "incomeBeforeTax": 209000000,
    "incomeBeforeTaxRatio": 0.0876677852,
    "incomeTaxExpense": 84000000,
    "netIncome": 125000000,
    "netIncomeRatio": 0.0524328859,
    "eps": 0.37,
    "epsdiluted": 0.37,
    "weightedAverageShsOut": 337837838,
    "weightedAverageShsOutDil": 342465753,
    "link": "https://www.sec.gov/Archives/edgar/data/217346/000021734696000014/0000217346-96-000014-index.html",
    "finalLink": "https://www.sec.gov/Archives/edgar/data/217346/"
  },
  {
    "date": "1996-03-30",
    "symbol": "TXT",
    "reportedCurrency": "USD",
    "cik": "0000217346",
    "fillingDate": "1996-05-10",
    "acceptedDate": "1996-05-10 00:00:00",
    "calendarYear": "1997",
    "period": "Q1",
    "revenue": 2214000000,
    "costOfRevenue": 1301000000,
    "grossProfit": 913000000,
    "grossProfitRatio": 0.4123757904,
    "researchAndDevelopmentExpenses": 0,
    "generalAndAdministrativeExpenses": 0,
    "sellingAndMarketingExpenses": 0,
    "sellingGeneralAndAdministrativeExpenses": 331000000,
    "otherExpenses": 0,
    "operatingExpenses": 423000000,
    "costAndExpenses": 1724000000,
    "interestIncome": 0,
    "interestExpense": 0,
    "depreciationAndAmortization": 92000000,
    "ebitda": 780000000,
    "ebitdaratio": 0.352303523,
    "operatingIncome": 688000000,
    "operatingIncomeRatio": 0.3107497742,
    "totalOtherIncomeExpensesNet": 0,
    "incomeBeforeTax": 490000000,
    "incomeBeforeTaxRatio": 0.2213188799,
    "incomeTaxExpense": 455000000,
    "netIncome": 35000000,
    "netIncomeRatio": 0.0158084914,
    "eps": 0.11,
    "epsdiluted": 0.1,
    "weightedAverageShsOut": 333333333,
    "weightedAverageShsOutDil": 350000000,
    "link": "https://www.sec.gov/Archives/edgar/data/217346/000021734696000010/0000217346-96-000010-index.html",
    "finalLink": "https://www.sec.gov/Archives/edgar/data/217346/"
  },
  {
    "date": "1995-12-30",
    "symbol": "TXT",
    "reportedCurrency": "USD",
    "cik": "0000217346",
    "fillingDate": "1996-03-14",
    "acceptedDate": "1996-03-14 00:00:00",
    "calendarYear": "1996",
    "period": "Q4",
    "revenue": 2659000000,
    "costOfRevenue": 1282000000,
    "grossProfit": 1377000000,
    "grossProfitRatio": 0.5178638586,
    "researchAndDevelopmentExpenses": 0,
    "generalAndAdministrativeExpenses": 0,
    "sellingAndMarketingExpenses": 0,
    "sellingGeneralAndAdministrativeExpenses": 415000000,
    "otherExpenses": 0,
    "operatingExpenses": 522000000,
    "costAndExpenses": 1804000000,
    "interestIncome": 0,
    "interestExpense": 0,
    "depreciationAndAmortization": 107000000,
    "ebitda": 1398000000,
    "ebitdaratio": 0.5257615645,
    "operatingIncome": 1291000000,
    "operatingIncomeRatio": 0.4855208725,
    "totalOtherIncomeExpensesNet": -643000000,
    "incomeBeforeTax": 212000000,
    "incomeBeforeTaxRatio": 0.0797292215,
    "incomeTaxExpense": 85000000,
    "netIncome": 127000000,
    "netIncomeRatio": 0.0477623167,
    "eps": 0.36,
    "epsdiluted": 0.36,
    "weightedAverageShsOut": 350531501,
    "weightedAverageShsOutDil": 350531501,
    "link": "https://www.sec.gov/Archives/edgar/data/217346/000021734696000008/0000217346-96-000008-index.html",
    "finalLink": "https://www.sec.gov/Archives/edgar/data/217346/"
  },
  {
    "date": "1995-09-30",
    "symbol": "TXT",
    "reportedCurrency": "USD",
    "cik": "0000217346",
    "fillingDate": "1995-11-13",
    "acceptedDate": "1995-11-13 00:00:00",
    "calendarYear": "1996",
    "period": "Q3",
    "revenue": 2425000000,
    "costOfRevenue": 1172000000,
    "grossProfit": 1253000000,
    "grossProfitRatio": 0.5167010309,
    "researchAndDevelopmentExpenses": 0,
    "generalAndAdministrativeExpenses": 0,
    "sellingAndMarketingExpenses": 0,
    "sellingGeneralAndAdministrativeExpenses": 384000000,
    "otherExpenses": 0,
    "operatingExpenses": 488000000,
    "costAndExpenses": 1660000000,
    "interestIncome": 0,
    "interestExpense": 0,
    "depreciationAndAmortization": 104000000,
    "ebitda": 1228000000,
    "ebitdaratio": 0.5063917526,
    "operatingIncome": 1124000000,
    "operatingIncomeRatio": 0.4635051546,
    "totalOtherIncomeExpensesNet": -561000000,
    "incomeBeforeTax": 204000000,
    "incomeBeforeTaxRatio": 0.0841237113,
    "incomeTaxExpense": 82000000,
    "netIncome": 122000000,
    "netIncomeRatio": 0.0503092784,
    "eps": 0.36,
    "epsdiluted": 0.36,
    "weightedAverageShsOut": 343661972,
    "weightedAverageShsOutDil": 343661972,
    "link": "https://www.sec.gov/Archives/edgar/data/217346/000021734695000016/0000217346-95-000016-index.html",
    "finalLink": "https://www.sec.gov/Archives/edgar/data/217346/"
  },
  {
    "date": "1995-07-01",
    "symbol": "TXT",
    "reportedCurrency": "USD",
    "cik": "0000217346",
    "fillingDate": "1995-08-11",
    "acceptedDate": "1995-08-11 00:00:00",
    "calendarYear": "1996",
    "period": "Q2",
    "revenue": 2502000000,
    "costOfRevenue": 1249000000,
    "grossProfit": 1253000000,
    "grossProfitRatio": 0.5007993605,
    "researchAndDevelopmentExpenses": 0,
    "generalAndAdministrativeExpenses": 0,
    "sellingAndMarketingExpenses": 0,
    "sellingGeneralAndAdministrativeExpenses": 380000000,
    "otherExpenses": 0,
    "operatingExpenses": 482000000,
    "costAndExpenses": 1731000000,
    "interestIncome": 0,
    "interestExpense": 0,
    "depreciationAndAmortization": 102000000,
    "ebitda": 1230000000,
    "ebitdaratio": 0.4916067146,
    "operatingIncome": 1128000000,
    "operatingIncomeRatio": 0.4508393285,
    "totalOtherIncomeExpensesNet": -569000000,
    "incomeBeforeTax": 202000000,
    "incomeBeforeTaxRatio": 0.0807354117,
    "incomeTaxExpense": 81000000,
    "netIncome": 121000000,
    "netIncomeRatio": 0.048361311,
    "eps": 0.35,
    "epsdiluted": 0.35,
    "weightedAverageShsOut": 345714286,
    "weightedAverageShsOutDil": 345714286,
    "link": "https://www.sec.gov/Archives/edgar/data/217346/000021734695000006/0000217346-95-000006-index.html",
    "finalLink": "https://www.sec.gov/Archives/edgar/data/217346/"
  }
]