[
  {
    "date": "2024-12-28",
    "symbol": "TXT",
    "reportedCurrency": "USD",
    "cik": "0000217346",
    "fillingDate": "2025-02-06",
    "acceptedDate": "2025-02-06 12:29:22",
    "calendarYear": "2025",
    "period": "FY",
    "revenue": 13702000000,
    "costOfRevenue": 11200000000,
    "grossProfit": 2502000000,
    "grossProfitRatio": 0.1826010801,
    "researchAndDevelopmentExpenses": 491000000,
    "generalAndAdministrativeExpenses": 0,
    "sellingAndMarketingExpenses": 0,
    "sellingGeneralAndAdministrativeExpenses": 1156000000,
    "otherExpenses": 0,
    "operatingExpenses": 1647000000,
    "costAndExpenses": 12847000000,
    "interestIncome": 0,
    "interestExpense": 97000000,
    "depreciationAndAmortization": 382000000,
    "ebitda": 1418000000,
    "ebitdaratio": 0.1034885418,
    "operatingIncome": 855000000,
    "operatingIncomeRatio": 0.0623996497,
    "totalOtherIncomeExpensesNet": 88000000,
    "incomeBeforeTax": 943000000,
    "incomeBeforeTaxRatio": 0.0688220698,
    "incomeTaxExpense": 118000000,
    "netIncome": 824000000,
    "netIncomeRatio": 0.0601372062,
    "eps": 4.38,
    "epsdiluted": 4.33,
    "weightedAverageShsOut": 188318000,
    "weightedAverageShsOutDil": 190307000,
    "link": "https://www.sec.gov/Archives/edgar/data/217346/000021734625000017/0000217346-25-000017-index.htm",
    "finalLink": "https://www.sec.gov/Archives/edgar/data/217346/000021734625000017/txt-20241228.htm"
  },
  {
    "date": "2023-12-30",
    "symbol": "TXT",
    "reportedCurrency": "USD",
    "cik": "0000217346",
    "fillingDate": "2024-02-12",
    "acceptedDate": "2024-02-12 11:55:03",
    "calendarYear": "2024",
    "period": "FY",
    "revenue": 13683000000,
    "costOfRevenue": 10835000000,
    "grossProfit": 2848000000,
    "grossProfitRatio": 0.2081414894,
    "researchAndDevelopmentExpenses": 570000000,
    "generalAndAdministrativeExpenses": 0,
    "sellingAndMarketingExpenses": 0,
    "sellingGeneralAndAdministrativeExpenses": 1225000000,
    "otherExpenses": 0,
    "operatingExpenses": 1795000000,
    "costAndExpenses": 12630000000,
    "interestIncome": 0,
    "interestExpense": 77000000,
    "depreciationAndAmortization": 395000000,
    "ebitda": 1556000000,
    "ebitdaratio": 0.113717752,
    "operatingIncome": 1053000000,
    "operatingIncomeRatio": 0.0769568077,
    "totalOtherIncomeExpensesNet": 34000000,
    "incomeBeforeTax": 1087000000,
    "incomeBeforeTaxRatio": 0.0794416429,
    "incomeTaxExpense": 165000000,
    "netIncome": 921000000,
    "netIncomeRatio": 0.0673098005,
    "eps": 4.61,
    "epsdiluted": 4.56,
    "weightedAverageShsOut": 199719000,
    "weightedAverageShsOutDil": 201774000,
    "link": "https://www.sec.gov/Archives/edgar/data/217346/000021734624000017/0000217346-24-000017-index.htm",
    "finalLink": "https://www.sec.gov/Archives/edgar/data/217346/000021734624000017/txt-20231230.htm"
  },
  {
    "date": "2022-12-31",
    "symbol": "TXT",
    "reportedCurrency": "USD",
    "cik": "0000217346",
    "fillingDate": "2023-02-16",
    "acceptedDate": "2023-02-16 09:59:01",
    "calendarYear": "2023",
    "period": "FY",
    "revenue": 12869000000,
    "costOfRevenue": 10800000000,
    "grossProfit": 2670000000,
    "grossProfitRatio": 0.2074753283,
    "researchAndDevelopmentExpenses": 601000000,
    "generalAndAdministrativeExpenses": 0,
    "sellingAndMarketingExpenses": 0,
    "sellingGeneralAndAdministrativeExpenses": 1186000000,
    "otherExpenses": 0,
    "operatingExpenses": 1787000000,
    "costAndExpenses": 11986000000,
    "interestIncome": 0,
    "interestExpense": 107000000,
    "depreciationAndAmortization": 392000000,
    "ebitda": 1515000000,
    "ebitdaratio": 0.1177247649,
    "operatingIncome": 883000000,
    "operatingIncomeRatio": 0.0686145,
    "totalOtherIncomeExpensesNet": 133000000,
    "incomeBeforeTax": 1016000000,
    "incomeBeforeTaxRatio": 0.0789494133,
    "incomeTaxExpense": 154000000,
    "netIncome": 861000000,
    "netIncomeRatio": 0.0669049654,
    "eps": 4.05,
    "epsdiluted": 4.01,
    "weightedAverageShsOut": 212809000,
    "weightedAverageShsOutDil": 214973000,
    "link": "https://www.sec.gov/Archives/edgar/data/217346/000021734623000006/0000217346-23-000006-index.htm",
    "finalLink": "https://www.sec.gov/Archives/edgar/data/217346/000021734623000006/txt-20221231.htm"
  },
  {
    "date": "2022-01-01",
    "symbol": "TXT",
    "reportedCurrency": "USD",
    "cik": "0000217346",
    "fillingDate": "2022-02-17",
    "acceptedDate": "2022-02-17 11:01:09",
    "calendarYear": "2022",
    "period": "FY",
    "revenue": 12382000000,
    "costOfRevenue": 10297000000,
    "grossProfit": 2704000000,
    "grossProfitRatio": 0.2183815216,
    "researchAndDevelopmentExpenses": 619000000,
    "generalAndAdministrativeExpenses": 0,
    "sellingAndMarketingExpenses": 0,
    "sellingGeneralAndAdministrativeExpenses": 1221000000,
    "otherExpenses": 0,
    "operatingExpenses": 1840000000,
    "costAndExpenses": 11518000000,
    "interestIncome": 0,
    "interestExpense": 142000000,
    "depreciationAndAmortization": 376000000,
    "ebitda": 1391000000,
    "ebitdaratio": 0.1123404943,
    "operatingIncome": 864000000,
    "operatingIncomeRatio": 0.069778711,
    "totalOtherIncomeExpensesNet": 9000000,
    "incomeBeforeTax": 873000000,
    "incomeBeforeTaxRatio": 0.0705055726,
    "incomeTaxExpense": 126000000,
    "netIncome": 746000000,
    "netIncomeRatio": 0.0602487482,
    "eps": 3.33,
    "epsdiluted": 3.29,
    "weightedAverageShsOut": 224106000,
    "weightedAverageShsOutDil": 226520000,
    "link": "https://www.sec.gov/Archives/edgar/data/217346/000021734622000005/0000217346-22-000005-index.htm",
    "finalLink": "https://www.sec.gov/Archives/edgar/data/217346/000021734622000005/txt-20220101.htm"
  },
  {
    "date": "2021-01-02",
    "symbol": "TXT",
    "reportedCurrency": "USD",
    "cik": "0000217346",
    "fillingDate": "2021-02-19",
    "acceptedDate": "2021-02-19 06:02:20",
    "calendarYear": "2021",
    "period": "FY",
    "revenue": 11651000000,
    "costOfRevenue": 10094000000,
    "grossProfit": 1557000000,
    "grossProfitRatio": 0.1336365977,
    "researchAndDevelopmentExpenses": 549000000,
    "generalAndAdministrativeExpenses": 0,
    "sellingAndMarketingExpenses": 0,
    "sellingGeneralAndAdministrativeExpenses": 1045000000,
    "otherExpenses": -549000000,
    "operatingExpenses": 1045000000,
    "costAndExpenses": 11139000000,
    "interestIncome": 0,
    "interestExpense": 166000000,
    "depreciationAndAmortization": 379000000,
    "ebitda": 827000000,
    "ebitdaratio": 0.0709810317,
    "operatingIncome": 567000000,
    "operatingIncomeRatio": 0.0486653506,
    "totalOtherIncomeExpensesNet": 0,
    "incomeBeforeTax": 282000000,
    "incomeBeforeTaxRatio": 0.024203931,
    "incomeTaxExpense": -27000000,
    "netIncome": 309000000,
    "netIncomeRatio": 0.0265213286,
    "eps": 1.35,
    "epsdiluted": 1.35,
    "weightedAverageShsOut": 228536000,
    "weightedAverageShsOutDil": 228979000,
    "link": "https://www.sec.gov/Archives/edgar/data/217346/000021734621000019/0000217346-21-000019-index.htm",
    "finalLink": "https://www.sec.gov/Archives/edgar/data/217346/000021734621000019/txt-20210102.htm"
  },
  {
    "date": "2020-01-04",
    "symbol": "TXT",
    "reportedCurrency": "USD",
    "cik": "0000217346",
    "fillingDate": "2020-02-25",
    "acceptedDate": "2020-02-25 16:11:56",
    "calendarYear": "2020",
    "period": "FY",
    "revenue": 13630000000,
    "costOfRevenue": 11406000000,
    "grossProfit": 2224000000,
    "grossProfitRatio": 0.1631694791,
    "researchAndDevelopmentExpenses": 647000000,
    "generalAndAdministrativeExpenses": 0,
    "sellingAndMarketingExpenses": 0,
    "sellingGeneralAndAdministrativeExpenses": 1152000000,
    "otherExpenses": -647000000,
    "operatingExpenses": 1152000000,
    "costAndExpenses": 12558000000,
    "interestIncome": 0,
    "interestExpense": 171000000,
    "depreciationAndAmortization": 405000000,
    "ebitda": 1518000000,
    "ebitdaratio": 0.1113719736,
    "operatingIncome": 1185000000,
    "operatingIncomeRatio": 0.0869405723,
    "totalOtherIncomeExpensesNet": -130000000,
    "incomeBeforeTax": 942000000,
    "incomeBeforeTaxRatio": 0.0691122524,
    "incomeTaxExpense": 127000000,
    "netIncome": 815000000,
    "netIncomeRatio": 0.0597945708,
    "eps": 3.52,
    "epsdiluted": 3.5,
    "weightedAverageShsOut": 231315000,
    "weightedAverageShsOutDil": 232709000,
    "link": "https://www.sec.gov/Archives/edgar/data/217346/000110465920024773/0001104659-20-024773-index.htm",
    "finalLink": "https://www.sec.gov/Archives/edgar/data/217346/000110465920024773/txt-20200104x10k00cfc1.htm"
  },
  {
    "date": "2018-12-29",
    "symbol": "TXT",
    "reportedCurrency": "USD",
    "cik": "0000217346",
    "fillingDate": "2019-02-14",
    "acceptedDate": "2019-02-14 06:09:26",
    "calendarYear": "2019",
    "period": "FY",
    "revenue": 13972000000,
    "costOfRevenue": 11594000000,
    "grossProfit": 2378000000,
    "grossProfitRatio": 0.1701975379,
    "researchAndDevelopmentExpenses": 643000000,
    "generalAndAdministrativeExpenses": 0,
    "sellingAndMarketingExpenses": 1275000000,
    "sellingGeneralAndAdministrativeExpenses": 1275000000,
    "otherExpenses": 76000000,
    "operatingExpenses": 1275000000,
    "costAndExpenses": 12869000000,
    "interestIncome": 0,
    "interestExpense": 166000000,
    "depreciationAndAmortization": 424000000,
    "ebitda": 1974000000,
    "ebitdaratio": 0.1412825651,
    "operatingIncome": 1103000000,
    "operatingIncomeRatio": 0.0789436015,
    "totalOtherIncomeExpensesNet": 281000000,
    "incomeBeforeTax": 1384000000,
    "incomeBeforeTaxRatio": 0.0990552534,
    "incomeTaxExpense": -162000000,
    "netIncome": 1222000000,
    "netIncomeRatio": 0.0874606356,
    "eps": 4.88,
    "epsdiluted": 4.83,
    "weightedAverageShsOut": 250196000,
    "weightedAverageShsOutDil": 253237000,
    "link": "https://www.sec.gov/Archives/edgar/data/217346/000110465919008151/0001104659-19-008151-index.htm",
    "finalLink": "https://www.sec.gov/Archives/edgar/data/217346/000110465919008151/a19-30052_110k.htm"
  },
  {
    "date": "2017-12-30",
    "symbol": "TXT",
    "reportedCurrency": "USD",
    "cik": "0000217346",
    "fillingDate": "2018-02-15",
    "acceptedDate": "2018-02-15 06:04:15",
    "calendarYear": "2018",
    "period": "FY",
    "revenue": 14198000000,
    "costOfRevenue": 11795000000,
    "grossProfit": 2403000000,
    "grossProfitRatio": 0.16924919,
    "researchAndDevelopmentExpenses": 634000000,
    "generalAndAdministrativeExpenses": 0,
    "sellingAndMarketingExpenses": 1337000000,
    "sellingGeneralAndAdministrativeExpenses": 1337000000,
    "otherExpenses": 130000000,
    "operatingExpenses": 1337000000,
    "costAndExpenses": 13132000000,
    "interestIncome": 0,
    "interestExpense": 174000000,
    "depreciationAndAmortization": 431000000,
    "ebitda": 1367000000,
    "ebitdaratio": 0.0962811664,
    "operatingIncome": 1066000000,
    "operatingIncomeRatio": 0.0750809973,
    "totalOtherIncomeExpensesNet": -275000000,
    "incomeBeforeTax": 762000000,
    "incomeBeforeTaxRatio": 0.0536695309,
    "incomeTaxExpense": -456000000,
    "netIncome": 307000000,
    "netIncomeRatio": 0.0216227638,
    "eps": 1.17,
    "epsdiluted": 1.14,
    "weightedAverageShsOut": 261500000,
    "weightedAverageShsOutDil": 268750000,
    "link": "https://www.sec.gov/Archives/edgar/data/217346/000110465918009905/0001104659-18-009905-index.htm",
    "finalLink": "https://www.sec.gov/Archives/edgar/data/217346/000110465918009905/a18-1018_110k.htm"
  },
  {
    "date": "2016-12-31",
    "symbol": "TXT",
    "reportedCurrency": "USD",
    "cik": "0000217346",
    "fillingDate": "2017-02-22",
    "acceptedDate": "2017-02-22 14:49:44",
    "calendarYear": "2017",
    "period": "FY",
    "revenue": 13788000000,
    "costOfRevenue": 11311000000,
    "grossProfit": 2477000000,
    "grossProfitRatio": 0.1796489701,
    "researchAndDevelopmentExpenses": 677000000,
    "generalAndAdministrativeExpenses": 0,
    "sellingAndMarketingExpenses": 0,
    "sellingGeneralAndAdministrativeExpenses": 1304000000,
    "otherExpenses": 0,
    "operatingExpenses": 1304000000,
    "costAndExpenses": 12615000000,
    "interestIncome": 0,
    "interestExpense": 174000000,
    "depreciationAndAmortization": 434000000,
    "ebitda": 1484000000,
    "ebitdaratio": 0.107629823,
    "operatingIncome": 1173000000,
    "operatingIncomeRatio": 0.0850739774,
    "totalOtherIncomeExpensesNet": 33000000,
    "incomeBeforeTax": 876000000,
    "incomeBeforeTaxRatio": 0.0635335074,
    "incomeTaxExpense": -33000000,
    "netIncome": 962000000,
    "netIncomeRatio": 0.0697708152,
    "eps": 3.56,
    "epsdiluted": 3.53,
    "weightedAverageShsOut": 270287000,
    "weightedAverageShsOutDil": 272365000,
    "link": "https://www.sec.gov/Archives/edgar/data/217346/000110465917010809/0001104659-17-010809-index.htm",
    "finalLink": "https://www.sec.gov/Archives/edgar/data/217346/000110465917010809/a17-1034_110k.htm"
  },
  {
    "date": "2016-01-02",
    "symbol": "TXT",
    "reportedCurrency": "USD",
    "cik": "0000217346",
    "fillingDate": "2016-02-24",
    "acceptedDate": "2016-02-24 15:55:32",
    "calendarYear": "2016",
    "period": "FY",
    "revenue": 13423000000,
    "costOfRevenue": 10979000000,
    "grossProfit": 2444000000,
    "grossProfitRatio": 0.182075542,
    "researchAndDevelopmentExpenses": 778000000,
    "generalAndAdministrativeExpenses": 0,
    "sellingAndMarketingExpenses": 1304000000,
    "sellingGeneralAndAdministrativeExpenses": 1304000000,
    "otherExpenses": 0,
    "operatingExpenses": 1304000000,
    "costAndExpenses": 12283000000,
    "interestIncome": 0,
    "interestExpense": 169000000,
    "depreciationAndAmortization": 461000000,
    "ebitda": 1601000000,
    "ebitdaratio": 0.1192728898,
    "operatingIncome": 1140000000,
    "operatingIncomeRatio": 0.0849288535,
    "totalOtherIncomeExpensesNet": -169000000,
    "incomeBeforeTax": 971000000,
    "incomeBeforeTaxRatio": 0.0723385234,
    "incomeTaxExpense": 273000000,
    "netIncome": 697000000,
    "netIncomeRatio": 0.051925799,
    "eps": 2.55,
    "epsdiluted": 2.5,
    "weightedAverageShsOut": 274228000,
    "weightedAverageShsOutDil": 278727000,
    "link": "https://www.sec.gov/Archives/edgar/data/217346/000110465916099562/0001104659-16-099562-index.htm",
    "finalLink": "https://www.sec.gov/Archives/edgar/data/217346/000110465916099562/a15-23451_110k.htm"
  },
  {
    "date": "2015-01-03",
    "symbol": "TXT",
    "reportedCurrency": "USD",
    "cik": "0000217346",
    "fillingDate": "2015-02-25",
    "acceptedDate": "2015-02-25 13:56:08",
    "calendarYear": "2015",
    "period": "FY",
    "revenue": 13878000000,
    "costOfRevenue": 11421000000,
    "grossProfit": 2457000000,
    "grossProfitRatio": 0.1770428016,
    "researchAndDevelopmentExpenses": 694000000,
    "generalAndAdministrativeExpenses": 0,
    "sellingAndMarketingExpenses": 1361000000,
    "sellingGeneralAndAdministrativeExpenses": 1361000000,
    "otherExpenses": 52000000,
    "operatingExpenses": 1361000000,
    "costAndExpenses": 12782000000,
    "interestIncome": 0,
    "interestExpense": 191000000,
    "depreciationAndAmortization": 459000000,
    "ebitda": 1575000000,
    "ebitdaratio": 0.1134889754,
    "operatingIncome": 1096000000,
    "operatingIncomeRatio": 0.0789739155,
    "totalOtherIncomeExpensesNet": -243000000,
    "incomeBeforeTax": 853000000,
    "incomeBeforeTaxRatio": 0.0614641879,
    "incomeTaxExpense": 248000000,
    "netIncome": 600000000,
    "netIncomeRatio": 0.0432338954,
    "eps": 2.17,
    "epsdiluted": 2.13,
    "weightedAverageShsOut": 276600000,
    "weightedAverageShsOutDil": 281790000,
    "link": "https://www.sec.gov/Archives/edgar/data/217346/000110465915013784/0001104659-15-013784-index.htm",
    "finalLink": "https://www.sec.gov/Archives/edgar/data/217346/000110465915013784/a14-26298_110k.htm"
  },
  {
    "date": "2013-12-28",
    "symbol": "TXT",
    "reportedCurrency": "USD",
    "cik": "0000217346",
    "fillingDate": "2014-02-14",
    "acceptedDate": "2014-02-14 06:01:36",
    "calendarYear": "2014",
    "period": "FY",
    "revenue": 12104000000,
    "costOfRevenue": 10131000000,
    "grossProfit": 1973000000,
    "grossProfitRatio": 0.1630039656,
    "researchAndDevelopmentExpenses": 651000000,
    "generalAndAdministrativeExpenses": 0,
    "sellingAndMarketingExpenses": 1126000000,
    "sellingGeneralAndAdministrativeExpenses": 1126000000,
    "otherExpenses": 0,
    "operatingExpenses": 1126000000,
    "costAndExpenses": 11257000000,
    "interestIncome": 0,
    "interestExpense": 173000000,
    "depreciationAndAmortization": 389000000,
    "ebitda": 1236000000,
    "ebitdaratio": 0.1021150033,
    "operatingIncome": 847000000,
    "operatingIncomeRatio": 0.0699768672,
    "totalOtherIncomeExpensesNet": -173000000,
    "incomeBeforeTax": 674000000,
    "incomeBeforeTaxRatio": 0.0556840714,
    "incomeTaxExpense": 176000000,
    "netIncome": 498000000,
    "netIncomeRatio": 0.0411434237,
    "eps": 1.77,
    "epsdiluted": 1.75,
    "weightedAverageShsOut": 282100000,
    "weightedAverageShsOutDil": 284428000,
    "link": "https://www.sec.gov/Archives/edgar/data/217346/000110465914009908/0001104659-14-009908-index.htm",
    "finalLink": "https://www.sec.gov/Archives/edgar/data/217346/000110465914009908/a13-26941_110k.htm"
  },
  {
    "date": "2012-12-29",
    "symbol": "TXT",
    "reportedCurrency": "USD",
    "cik": "0000217346",
    "fillingDate": "2013-02-15",
    "acceptedDate": "2013-02-15 06:06:55",
    "calendarYear": "2013",
    "period": "FY",
    "revenue": 12237000000,
    "costOfRevenue": 10019000000,
    "grossProfit": 2218000000,
    "grossProfitRatio": 0.1812535752,
    "researchAndDevelopmentExpenses": 584000000,
    "generalAndAdministrativeExpenses": 0,
    "sellingAndMarketingExpenses": 1168000000,
    "sellingGeneralAndAdministrativeExpenses": 1168000000,
    "otherExpenses": 212000000,
    "operatingExpenses": 1165000000,
    "costAndExpenses": 11184000000,
    "interestIncome": 0,
    "interestExpense": 212000000,
    "depreciationAndAmortization": 383000000,
    "ebitda": 1436000000,
    "ebitdaratio": 0.1173490235,
    "operatingIncome": 1053000000,
    "operatingIncomeRatio": 0.0860505026,
    "totalOtherIncomeExpensesNet": -212000000,
    "incomeBeforeTax": 841000000,
    "incomeBeforeTaxRatio": 0.0687259949,
    "incomeTaxExpense": 260000000,
    "netIncome": 589000000,
    "netIncomeRatio": 0.0481327123,
    "eps": 2.17,
    "epsdiluted": 2,
    "weightedAverageShsOut": 271300000,
    "weightedAverageShsOutDil": 294663000,
    "link": "https://www.sec.gov/Archives/edgar/data/217346/000110465913011048/0001104659-13-011048-index.htm",
    "finalLink": "https://www.sec.gov/Archives/edgar/data/217346/000110465913011048/a12-30151_410k.htm"
  },
  {
    "date": "2011-12-31",
    "symbol": "TXT",
    "reportedCurrency": "USD",
    "cik": "0000217346",
    "fillingDate": "2012-02-23",
    "acceptedDate": "2012-02-23 14:38:27",
    "calendarYear": "2012",
    "period": "FY",
    "revenue": 11275000000,
    "costOfRevenue": 10684000000,
    "grossProfit": 591000000,
    "grossProfitRatio": 0.0524168514,
    "researchAndDevelopmentExpenses": 0,
    "generalAndAdministrativeExpenses": 0,
    "sellingAndMarketingExpenses": 0,
    "sellingGeneralAndAdministrativeExpenses": 114000000,
    "otherExpenses": 0,
    "operatingExpenses": 114000000,
    "costAndExpenses": 10798000000,
    "interestIncome": 0,
    "interestExpense": 140000000,
    "depreciationAndAmortization": 403000000,
    "ebitda": 951000000,
    "ebitdaratio": 0.084345898,
    "operatingIncome": 583000000,
    "operatingIncomeRatio": 0.0517073171,
    "totalOtherIncomeExpensesNet": -249000000,
    "incomeBeforeTax": 337000000,
    "incomeBeforeTaxRatio": 0.0298891353,
    "incomeTaxExpense": 95000000,
    "netIncome": 242000000,
    "netIncomeRatio": 0.0214634146,
    "eps": 0.87,
    "epsdiluted": 0.79,
    "weightedAverageShsOut": 278900000,
    "weightedAverageShsOutDil": 307255000,
    "link": "https://www.sec.gov/Archives/edgar/data/217346/000119312512074981/0001193125-12-074981-index.htm",
    "finalLink": "https://www.sec.gov/Archives/edgar/data/217346/000119312512074981/d276253d10k.htm"
  },
  {
    "date": "2011-01-01",
    "symbol": "TXT",
    "reportedCurrency": "USD",
    "cik": "0000217346",
    "fillingDate": "2011-03-01",
    "acceptedDate": "2011-03-01 12:07:14",
    "calendarYear": "2011",
    "period": "FY",
    "revenue": 10525000000,
    "costOfRevenue": 8605000000,
    "grossProfit": 1920000000,
    "grossProfitRatio": 0.1824228029,
    "researchAndDevelopmentExpenses": 0,
    "generalAndAdministrativeExpenses": 0,
    "sellingAndMarketingExpenses": 0,
    "sellingGeneralAndAdministrativeExpenses": 1231000000,
    "otherExpenses": 143000000,
    "operatingExpenses": 1374000000,
    "costAndExpenses": 9979000000,
    "interestIncome": 0,
    "interestExpense": 270000000,
    "depreciationAndAmortization": 393000000,
    "ebitda": 939000000,
    "ebitdaratio": 0.089216152,
    "operatingIncome": 546000000,
    "operatingIncomeRatio": 0.0518764846,
    "totalOtherIncomeExpensesNet": -460000000,
    "incomeBeforeTax": 86000000,
    "incomeBeforeTaxRatio": 0.0081710214,
    "incomeTaxExpense": -6000000,
    "netIncome": 86000000,
    "netIncomeRatio": 0.0081710214,
    "eps": 0.31,
    "epsdiluted": 0.28,
    "weightedAverageShsOut": 274452000,
    "weightedAverageShsOutDil": 302555000,
    "link": "https://www.sec.gov/Archives/edgar/data/217346/000095012311020392/0000950123-11-020392-index.htm",
    "finalLink": "https://www.sec.gov/Archives/edgar/data/217346/000095012311020392/b83538e10vk.htm"
  },
  {
    "date": "2010-01-02",
    "symbol": "TXT",
    "reportedCurrency": "USD",
    "cik": "0000217346",
    "fillingDate": "2010-02-25",
    "acceptedDate": "2010-02-25 12:02:30",
    "calendarYear": "2010",
    "period": "FY",
    "revenue": 10500000000,
    "costOfRevenue": 10025000000,
    "grossProfit": 475000000,
    "grossProfitRatio": 0.0452380952,
    "researchAndDevelopmentExpenses": 0,
    "generalAndAdministrativeExpenses": 0,
    "sellingAndMarketingExpenses": 0,
    "sellingGeneralAndAdministrativeExpenses": 164000000,
    "otherExpenses": 0,
    "operatingExpenses": 164000000,
    "costAndExpenses": 10189000000,
    "interestIncome": 6000000,
    "interestExpense": 143000000,
    "depreciationAndAmortization": 409000000,
    "ebitda": 720000000,
    "ebitdaratio": 0.0685714286,
    "operatingIncome": 421000000,
    "operatingIncomeRatio": 0.0400952381,
    "totalOtherIncomeExpensesNet": -576000000,
    "incomeBeforeTax": -149000000,
    "incomeBeforeTaxRatio": -0.0141904762,
    "incomeTaxExpense": -76000000,
    "netIncome": -31000000,
    "netIncomeRatio": -0.002952381,
    "eps": -0.12,
    "epsdiluted": -0.12,
    "weightedAverageShsOut": 262923000,
    "weightedAverageShsOutDil": 262923000,
    "link": "https://www.sec.gov/Archives/edgar/data/217346/000095012310016801/0000950123-10-016801-index.htm",
    "finalLink": "https://www.sec.gov/Archives/edgar/data/217346/000095012310016801/b77277e10vk.htm"
  },
  {
    "date": "2009-01-03",
    "symbol": "TXT",
    "reportedCurrency": "USD",
    "cik": "0000217346",
    "fillingDate": "2009-02-26",
    "acceptedDate": "2009-02-26 15:03:14",
    "calendarYear": "2009",
    "period": "FY",
    "revenue": 14246000000,
    "costOfRevenue": 10757000000,
    "grossProfit": 3489000000,
    "grossProfitRatio": 0.2449108522,
    "researchAndDevelopmentExpenses": 0,
    "generalAndAdministrativeExpenses": 0,
    "sellingAndMarketingExpenses": 0,
    "sellingGeneralAndAdministrativeExpenses": 1639000000,
    "otherExpenses": 234000000,
    "operatingExpenses": 1873000000,
    "costAndExpenses": 12630000000,
    "interestIncome": 16000000,
    "interestExpense": 432000000,
    "depreciationAndAmortization": 403000000,
    "ebitda": 2019000000,
    "ebitdaratio": 0.1417239927,
    "operatingIncome": 1616000000,
    "operatingIncomeRatio": 0.1134353503,
    "totalOtherIncomeExpensesNet": -929000000,
    "incomeBeforeTax": 658000000,
    "incomeBeforeTaxRatio": 0.0461884038,
    "incomeTaxExpense": 314000000,
    "netIncome": 486000000,
    "netIncomeRatio": 0.0341148393,
    "eps": 1.97,
    "epsdiluted": 1.94,
    "weightedAverageShsOut": 246208000,
    "weightedAverageShsOutDil": 250338000,
    "link": "https://www.sec.gov/Archives/edgar/data/217346/000095013509001252/0000950135-09-001252-index.htm",
    "finalLink": "https://www.sec.gov/Archives/edgar/data/217346/000095013509001252/b74351tie10vk.htm"
  },
  {
    "date": "2007-12-29",
    "symbol": "TXT",
    "reportedCurrency": "USD",
    "cik": "0000217346",
    "fillingDate": "2008-02-20",
    "acceptedDate": "2008-02-20 13:53:20",
    "calendarYear": "2008",
    "period": "FY",
    "revenue": 13225000000,
    "costOfRevenue": 9716000000,
    "grossProfit": 3509000000,
    "grossProfitRatio": 0.2653308129,
    "researchAndDevelopmentExpenses": 0,
    "generalAndAdministrativeExpenses": 0,
    "sellingAndMarketingExpenses": 1692000000,
    "sellingGeneralAndAdministrativeExpenses": 1692000000,
    "otherExpenses": 484000000,
    "operatingExpenses": 1725000000,
    "costAndExpenses": 11441000000,
    "interestIncome": 0,
    "interestExpense": 484000000,
    "depreciationAndAmortization": 336000000,
    "ebitda": 2120000000,
    "ebitdaratio": 0.1603024575,
    "operatingIncome": 1784000000,
    "operatingIncomeRatio": 0.1348960302,
    "totalOtherIncomeExpensesNet": -532000000,
    "incomeBeforeTax": 1300000000,
    "incomeBeforeTaxRatio": 0.0982986767,
    "incomeTaxExpense": 385000000,
    "netIncome": 917000000,
    "netIncomeRatio": 0.0693383743,
    "eps": 3.67,
    "epsdiluted": 3.6,
    "weightedAverageShsOut": 249792000,
    "weightedAverageShsOutDil": 254826000,
    "link": "https://www.sec.gov/Archives/edgar/data/217346/000110465908011718/0001104659-08-011718-index.htm",
    "finalLink": "https://www.sec.gov/Archives/edgar/data/217346/000110465908011718/a08-2392_110k.htm"
  },
  {
    "date": "2006-12-30",
    "symbol": "TXT",
    "reportedCurrency": "USD",
    "cik": "0000217346",
    "fillingDate": "2007-02-21",
    "acceptedDate": "2007-02-21 16:40:52",
    "calendarYear": "2007",
    "period": "FY",
    "revenue": 11490000000,
    "costOfRevenue": 8528000000,
    "grossProfit": 2962000000,
    "grossProfitRatio": 0.2577893821,
    "researchAndDevelopmentExpenses": 0,
    "generalAndAdministrativeExpenses": 0,
    "sellingAndMarketingExpenses": 0,
    "sellingGeneralAndAdministrativeExpenses": 1523000000,
    "otherExpenses": 26000000,
    "operatingExpenses": 1549000000,
    "costAndExpenses": 10077000000,
    "interestIncome": 0,
    "interestExpense": 438000000,
    "depreciationAndAmortization": 290000000,
    "ebitda": 1703000000,
    "ebitdaratio": 0.1482158399,
    "operatingIncome": 1413000000,
    "operatingIncomeRatio": 0.1229765013,
    "totalOtherIncomeExpensesNet": -438000000,
    "incomeBeforeTax": 975000000,
    "incomeBeforeTaxRatio": 0.0848563969,
    "incomeTaxExpense": 269000000,
    "netIncome": 601000000,
    "netIncomeRatio": 0.0523063534,
    "eps": 2.35,
    "epsdiluted": 2.31,
    "weightedAverageShsOut": 255098000,
    "weightedAverageShsOutDil": 260444000,
    "link": "https://www.sec.gov/Archives/edgar/data/217346/000110465907012740/0001104659-07-012740-index.htm",
    "finalLink": "https://www.sec.gov/Archives/edgar/data/217346/000110465907012740/a07-4686_110k.htm"
  },
  {
    "date": "2005-12-31",
    "symbol": "TXT",
    "reportedCurrency": "USD",
    "cik": "0000217346",
    "fillingDate": "2006-02-24",
    "acceptedDate": "2006-02-24 10:28:39",
    "calendarYear": "2006",
    "period": "FY",
    "revenue": 10043000000,
    "costOfRevenue": 7464000000,
    "grossProfit": 2579000000,
    "grossProfitRatio": 0.2567957782,
    "researchAndDevelopmentExpenses": 0,
    "generalAndAdministrativeExpenses": 0,
    "sellingAndMarketingExpenses": 0,
    "sellingGeneralAndAdministrativeExpenses": 1403000000,
    "otherExpenses": 29000000,
    "operatingExpenses": 1432000000,
    "costAndExpenses": 8896000000,
    "interestIncome": 0,
    "interestExpense": 290000000,
    "depreciationAndAmortization": 303000000,
    "ebitda": 1332000000,
    "ebitdaratio": 0.1326296923,
    "operatingIncome": 1147000000,
    "operatingIncomeRatio": 0.1142089017,
    "totalOtherIncomeExpensesNet": -408000000,
    "incomeBeforeTax": 739000000,
    "incomeBeforeTaxRatio": 0.0735835906,
    "incomeTaxExpense": 223000000,
    "netIncome": 203000000,
    "netIncomeRatio": 0.0202130837,
    "eps": 0.76,
    "epsdiluted": 0.75,
    "weightedAverageShsOut": 267062000,
    "weightedAverageShsOutDil": 272892000,
    "link": "https://www.sec.gov/Archives/edgar/data/217346/000110465906011793/0001104659-06-011793-index.htm",
    "finalLink": "https://www.sec.gov/Archives/edgar/data/217346/000110465906011793/a06-1864_110k.htm"
  },
  {
    "date": "2005-01-01",
    "symbol": "TXT",
    "reportedCurrency": "USD",
    "cik": "0000217346",
    "fillingDate": "2005-02-24",
    "acceptedDate": "2005-02-24 16:26:02",
    "calendarYear": "2005",
    "period": "FY",
    "revenue": 10242000000,
    "costOfRevenue": 7894000000,
    "grossProfit": 2348000000,
    "grossProfitRatio": 0.2292520992,
    "researchAndDevelopmentExpenses": 0,
    "generalAndAdministrativeExpenses": 0,
    "sellingAndMarketingExpenses": 1383000000,
    "sellingGeneralAndAdministrativeExpenses": 1383000000,
    "otherExpenses": 379000000,
    "operatingExpenses": 1441000000,
    "costAndExpenses": 9335000000,
    "interestIncome": 0,
    "interestExpense": 248000000,
    "depreciationAndAmortization": 353000000,
    "ebitda": 1129000000,
    "ebitdaratio": 0.1102323765,
    "operatingIncome": 907000000,
    "operatingIncomeRatio": 0.0885569225,
    "totalOtherIncomeExpensesNet": -305000000,
    "incomeBeforeTax": 528000000,
    "incomeBeforeTaxRatio": 0.0515524312,
    "incomeTaxExpense": 155000000,
    "netIncome": 365000000,
    "netIncomeRatio": 0.0356375708,
    "eps": 1.33,
    "epsdiluted": 1.31,
    "weightedAverageShsOut": 274674000,
    "weightedAverageShsOutDil": 280338000,
    "link": "https://www.sec.gov/Archives/edgar/data/217346/000110465905008155/0001104659-05-008155-index.htm",
    "finalLink": "https://www.sec.gov/Archives/edgar/data/217346/000110465905008155/a05-3904_110k.htm"
  },
  {
    "date": "2004-01-03",
    "symbol": "TXT",
    "reportedCurrency": "USD",
    "cik": "0000217346",
    "fillingDate": "2004-02-27",
    "acceptedDate": "2004-02-27 13:27:12",
    "calendarYear": "2004",
    "period": "FY",
    "revenue": 9859000000,
    "costOfRevenue": 7669000000,
    "grossProfit": 2190000000,
    "grossProfitRatio": 0.2221320621,
    "researchAndDevelopmentExpenses": 0,
    "generalAndAdministrativeExpenses": 0,
    "sellingAndMarketingExpenses": 1294000000,
    "sellingGeneralAndAdministrativeExpenses": 1294000000,
    "otherExpenses": 414000000,
    "operatingExpenses": 1360000000,
    "costAndExpenses": 9029000000,
    "interestIncome": 0,
    "interestExpense": 270000000,
    "depreciationAndAmortization": 356000000,
    "ebitda": 1186000000,
    "ebitdaratio": 0.1202961761,
    "operatingIncome": 830000000,
    "operatingIncomeRatio": 0.0841870372,
    "totalOtherIncomeExpensesNet": -443000000,
    "incomeBeforeTax": 401000000,
    "incomeBeforeTaxRatio": 0.0406734963,
    "incomeTaxExpense": 107000000,
    "netIncome": 259000000,
    "netIncomeRatio": 0.0262704128,
    "eps": 0.96,
    "epsdiluted": 0.95,
    "weightedAverageShsOut": 271750000,
    "weightedAverageShsOutDil": 274434000,
    "link": "https://www.sec.gov/Archives/edgar/data/217346/000095013504000995/0000950135-04-000995-index.htm",
    "finalLink": "https://www.sec.gov/Archives/edgar/data/217346/000095013504000995/b49049tie10vk.htm"
  },
  {
    "date": "2002-12-28",
    "symbol": "TXT",
    "reportedCurrency": "USD",
    "cik": "0000217346",
    "fillingDate": "2003-02-27",
    "acceptedDate": "2003-02-27 11:28:48",
    "calendarYear": "2003",
    "period": "FY",
    "revenue": 10658000000,
    "costOfRevenue": 8221000000,
    "grossProfit": 2437000000,
    "grossProfitRatio": 0.2286545318,
    "researchAndDevelopmentExpenses": 0,
    "generalAndAdministrativeExpenses": 1520000000,
    "sellingAndMarketingExpenses": -138000000,
    "sellingGeneralAndAdministrativeExpenses": 1382000000,
    "otherExpenses": 565000000,
    "operatingExpenses": 1515000000,
    "costAndExpenses": 9736000000,
    "interestIncome": 0,
    "interestExpense": 304000000,
    "depreciationAndAmortization": 368000000,
    "ebitda": 1221000000,
    "ebitdaratio": 0.1145618315,
    "operatingIncome": 922000000,
    "operatingIncomeRatio": 0.0865077876,
    "totalOtherIncomeExpensesNet": -432000000,
    "incomeBeforeTax": 490000000,
    "incomeBeforeTaxRatio": 0.0459748546,
    "incomeTaxExpense": 100000000,
    "netIncome": -124000000,
    "netIncomeRatio": -0.011634453,
    "eps": -0.45,
    "epsdiluted": -0.44,
    "weightedAverageShsOut": 277490000,
    "weightedAverageShsOutDil": 280504000,
    "link": "https://www.sec.gov/Archives/edgar/data/217346/000095013503001463/0000950135-03-001463-index.htm",
    "finalLink": "https://www.sec.gov/Archives/edgar/data/217346/000095013503001463/b45662tie10vk.txt"
  },
  {
    "date": "2001-12-29",
    "symbol": "TXT",
    "reportedCurrency": "USD",
    "cik": "0000217346",
    "fillingDate": "2002-03-14",
    "acceptedDate": "2002-03-14 00:00:00",
    "calendarYear": "2002",
    "period": "FY",
    "revenue": 12321000000,
    "costOfRevenue": 9760000000,
    "grossProfit": 2561000000,
    "grossProfitRatio": 0.2078565052,
    "researchAndDevelopmentExpenses": 0,
    "generalAndAdministrativeExpenses": 1614000000,
    "sellingAndMarketingExpenses": -82000000,
    "sellingGeneralAndAdministrativeExpenses": 1532000000,
    "otherExpenses": 610000000,
    "operatingExpenses": 1272000000,
    "costAndExpenses": 11032000000,
    "interestIncome": 0,
    "interestExpense": 433000000,
    "depreciationAndAmortization": 514000000,
    "ebitda": 1803000000,
    "ebitdaratio": 0.1463355247,
    "operatingIncome": 1289000000,
    "operatingIncomeRatio": 0.1046181316,
    "totalOtherIncomeExpensesNet": -870000000,
    "incomeBeforeTax": 419000000,
    "incomeBeforeTaxRatio": 0.03400698,
    "incomeTaxExpense": 227000000,
    "netIncome": 166000000,
    "netIncomeRatio": 0.0134729324,
    "eps": 0.59,
    "epsdiluted": 0.58,
    "weightedAverageShsOut": 282100000,
    "weightedAverageShsOutDil": 285874000,
    "link": "https://www.sec.gov/Archives/edgar/data/217346/000095013502001340/0000950135-02-001340-index.htm",
    "finalLink": "https://www.sec.gov/Archives/edgar/data/217346/000095013502001340/b42129tie10-k405.txt"
  },
  {
    "date": "2000-12-30",
    "symbol": "TXT",
    "reportedCurrency": "USD",
    "cik": "0000217346",
    "fillingDate": "2001-03-14",
    "acceptedDate": "2001-03-14 00:00:00",
    "calendarYear": "2001",
    "period": "FY",
    "revenue": 13090000000,
    "costOfRevenue": 9534000000,
    "grossProfit": 3556000000,
    "grossProfitRatio": 0.271657754,
    "researchAndDevelopmentExpenses": 0,
    "generalAndAdministrativeExpenses": 1482000000,
    "sellingAndMarketingExpenses": 0,
    "sellingGeneralAndAdministrativeExpenses": 1482000000,
    "otherExpenses": 969000000,
    "operatingExpenses": 1976000000,
    "costAndExpenses": 11510000000,
    "interestIncome": 0,
    "interestExpense": 486000000,
    "depreciationAndAmortization": 494000000,
    "ebitda": 2557000000,
    "ebitdaratio": 0.1953399542,
    "operatingIncome": 1580000000,
    "operatingIncomeRatio": 0.1207028266,
    "totalOtherIncomeExpensesNet": -995000000,
    "incomeBeforeTax": 585000000,
    "incomeBeforeTaxRatio": 0.0446906035,
    "incomeTaxExpense": 308000000,
    "netIncome": 218000000,
    "netIncomeRatio": 0.0166539343,
    "eps": 0.76,
    "epsdiluted": 0.75,
    "weightedAverageShsOut": 287846000,
    "weightedAverageShsOutDil": 292300000,
    "link": "https://www.sec.gov/Archives/edgar/data/217346/000095013501000833/0000950135-01-000833-index.htm",
    "finalLink": "https://www.sec.gov/Archives/edgar/data/217346/000095013501000833/b38194txe10-k.txt"
  },
  {
    "date": "2000-01-01",
    "symbol": "TXT",
    "reportedCurrency": "USD",
    "cik": "0000217346",
    "fillingDate": "2000-03-17",
    "acceptedDate": "2000-03-17 00:00:00",
    "calendarYear": "2000",
    "period": "FY",
    "revenue": 11579000000,
    "costOfRevenue": 8671000000,
    "grossProfit": 2908000000,
    "grossProfitRatio": 0.251144313,
    "researchAndDevelopmentExpenses": 0,
    "generalAndAdministrativeExpenses": 1206000000,
    "sellingAndMarketingExpenses": 0,
    "sellingGeneralAndAdministrativeExpenses": 1206000000,
    "otherExpenses": 232000000,
    "operatingExpenses": 1646000000,
    "costAndExpenses": 10317000000,
    "interestIncome": 0,
    "interestExpense": 0,
    "depreciationAndAmortization": 440000000,
    "ebitda": 1702000000,
    "ebitdaratio": 0.146990241,
    "operatingIncome": 1262000000,
    "operatingIncomeRatio": 0.1089904137,
    "totalOtherIncomeExpensesNet": -258000000,
    "incomeBeforeTax": 1004000000,
    "incomeBeforeTaxRatio": 0.0867086968,
    "incomeTaxExpense": 381000000,
    "netIncome": 2226000000,
    "netIncomeRatio": 0.1922445807,
    "eps": 1.91,
    "epsdiluted": 1.91,
    "weightedAverageShsOut": 302013423,
    "weightedAverageShsOutDil": 309160305,
    "link": "https://www.sec.gov/Archives/edgar/data/217346/000095013500001466/0000950135-00-001466-index.html",
    "finalLink": "https://www.sec.gov/Archives/edgar/data/217346/000095013500001466/"
  },
  {
    "date": "1999-01-02",
    "symbol": "TXT",
    "reportedCurrency": "USD",
    "cik": "0000217346",
    "fillingDate": "1999-03-15",
    "acceptedDate": "1999-03-15 00:00:00",
    "calendarYear": "1999",
    "period": "FY",
    "revenue": 9683000000,
    "costOfRevenue": 7211000000,
    "grossProfit": 2472000000,
    "grossProfitRatio": 0.2552927812,
    "researchAndDevelopmentExpenses": 0,
    "generalAndAdministrativeExpenses": 1043000000,
    "sellingAndMarketingExpenses": 0,
    "sellingGeneralAndAdministrativeExpenses": 1043000000,
    "otherExpenses": 305000000,
    "operatingExpenses": 1404000000,
    "costAndExpenses": 8615000000,
    "interestIncome": 0,
    "interestExpense": 0,
    "depreciationAndAmortization": 361000000,
    "ebitda": 1415000000,
    "ebitdaratio": 0.146132397,
    "operatingIncome": 1068000000,
    "operatingIncomeRatio": 0.1102963957,
    "totalOtherIncomeExpensesNet": -317000000,
    "incomeBeforeTax": 737000000,
    "incomeBeforeTaxRatio": 0.076112775,
    "incomeTaxExpense": 294000000,
    "netIncome": 608000000,
    "netIncomeRatio": 0.0627904575,
    "eps": 1.37,
    "epsdiluted": 1.37,
    "weightedAverageShsOut": 325818182,
    "weightedAverageShsOutDil": 334328358,
    "link": "https://www.sec.gov/Archives/edgar/data/217346/000021734699000003/0000217346-99-000003-index.html",
    "finalLink": "https://www.sec.gov/Archives/edgar/data/217346/"
  },
  {
    "date": "1998-01-03",
    "symbol": "TXT",
    "reportedCurrency": "USD",
    "cik": "0000217346",
    "fillingDate": "1998-03-24",
    "acceptedDate": "1998-03-24 00:00:00",
    "calendarYear": "1998",
    "period": "FY",
    "revenue": 10544000000,
    "costOfRevenue": 6401000000,
    "grossProfit": 4143000000,
    "grossProfitRatio": 0.3929248862,
    "researchAndDevelopmentExpenses": 0,
    "generalAndAdministrativeExpenses": 1755000000,
    "sellingAndMarketingExpenses": -256000000,
    "sellingGeneralAndAdministrativeExpenses": 1499000000,
    "otherExpenses": 982000000,
    "operatingExpenses": 1934000000,
    "costAndExpenses": 8335000000,
    "interestIncome": 0,
    "interestExpense": 0,
    "depreciationAndAmortization": 435000000,
    "ebitda": 1228000000,
    "ebitdaratio": 0.1164643399,
    "operatingIncome": 2209000000,
    "operatingIncomeRatio": 0.2095030349,
    "totalOtherIncomeExpensesNet": -296000000,
    "incomeBeforeTax": 922000000,
    "incomeBeforeTaxRatio": 0.0874430956,
    "incomeTaxExpense": 364000000,
    "netIncome": 558000000,
    "netIncomeRatio": 0.0529210926,
    "eps": 1.69,
    "epsdiluted": 1.65,
    "weightedAverageShsOut": 329585799,
    "weightedAverageShsOutDil": 338601824,
    "link": "https://www.sec.gov/Archives/edgar/data/217346/000021734698000004/0000217346-98-000004-index.html",
    "finalLink": "https://www.sec.gov/Archives/edgar/data/217346/"
  },
  {
    "date": "1996-12-28",
    "symbol": "TXT",
    "reportedCurrency": "USD",
    "cik": "0000217346",
    "fillingDate": "1997-03-14",
    "acceptedDate": "1997-03-14 00:00:00",
    "calendarYear": "1997",
    "period": "FY",
    "revenue": 9274000000,
    "costOfRevenue": 5450000000,
    "grossProfit": 3824000000,
    "grossProfitRatio": 0.4123355618,
    "researchAndDevelopmentExpenses": 0,
    "generalAndAdministrativeExpenses": 1604000000,
    "sellingAndMarketingExpenses": -230000000,
    "sellingGeneralAndAdministrativeExpenses": 1374000000,
    "otherExpenses": 961000000,
    "operatingExpenses": 1761000000,
    "costAndExpenses": 7211000000,
    "interestIncome": 0,
    "interestExpense": 0,
    "depreciationAndAmortization": 387000000,
    "ebitda": 1102000000,
    "ebitdaratio": 0.1188268277,
    "operatingIncome": 2063000000,
    "operatingIncomeRatio": 0.2224498598,
    "totalOtherIncomeExpensesNet": -318000000,
    "incomeBeforeTax": 804000000,
    "incomeBeforeTaxRatio": 0.0866939832,
    "incomeTaxExpense": 322000000,
    "netIncome": 253000000,
    "netIncomeRatio": 0.0272805693,
    "eps": 0.76,
    "epsdiluted": 0.74,
    "weightedAverageShsOut": 333774834,
    "weightedAverageShsOutDil": 342857143,
    "link": "https://www.sec.gov/Archives/edgar/data/217346/000021734697000001/0000217346-97-000001-index.html",
    "finalLink": "https://www.sec.gov/Archives/edgar/data/217346/"
  },
  {
    "date": "1995-12-30",
    "symbol": "TXT",
    "reportedCurrency": "USD",
    "cik": "0000217346",
    "fillingDate": "1996-03-14",
    "acceptedDate": "1996-03-14 00:00:00",
    "calendarYear": "1996",
    "period": "FY",
    "revenue": 9973000000,
    "costOfRevenue": 4879000000,
    "grossProfit": 5094000000,
    "grossProfitRatio": 0.5107791036,
    "researchAndDevelopmentExpenses": 0,
    "generalAndAdministrativeExpenses": 1721000000,
    "sellingAndMarketingExpenses": -169000000,
    "sellingGeneralAndAdministrativeExpenses": 1552000000,
    "otherExpenses": 1119000000,
    "operatingExpenses": 1967000000,
    "costAndExpenses": 6846000000,
    "interestIncome": 0,
    "interestExpense": 0,
    "depreciationAndAmortization": 415000000,
    "ebitda": 3542000000,
    "ebitdaratio": 0.3551589291,
    "operatingIncome": 3127000000,
    "operatingIncomeRatio": 0.3135465758,
    "totalOtherIncomeExpensesNet": -2327000000,
    "incomeBeforeTax": 800000000,
    "incomeBeforeTaxRatio": 0.0802165848,
    "incomeTaxExpense": 321000000,
    "netIncome": 479000000,
    "netIncomeRatio": 0.0480296801,
    "eps": 1.38,
    "epsdiluted": 1.38,
    "weightedAverageShsOut": 347731397,
    "weightedAverageShsOutDil": 347731397,
    "link": "https://www.sec.gov/Archives/edgar/data/217346/000021734696000008/0000217346-96-000008-index.html",
    "finalLink": "https://www.sec.gov/Archives/edgar/data/217346/"
  },
  {
    "date": "1994-12-31",
    "symbol": "TXT",
    "reportedCurrency": "USD",
    "cik": "0000217346",
    "fillingDate": "1995-03-29",
    "acceptedDate": "1995-03-29 00:00:00",
    "calendarYear": "1995",
    "period": "FY",
    "revenue": 9683000000,
    "costOfRevenue": 5116000000,
    "grossProfit": 4567000000,
    "grossProfitRatio": 0.4716513477,
    "researchAndDevelopmentExpenses": 0,
    "generalAndAdministrativeExpenses": 1489000000,
    "sellingAndMarketingExpenses": 0,
    "sellingGeneralAndAdministrativeExpenses": 1489000000,
    "otherExpenses": 398000000,
    "operatingExpenses": 1887000000,
    "costAndExpenses": 7003000000,
    "interestIncome": 0,
    "interestExpense": 0,
    "depreciationAndAmortization": 398000000,
    "ebitda": 3078000000,
    "ebitdaratio": 0.3178766911,
    "operatingIncome": 2680000000,
    "operatingIncomeRatio": 0.2767737272,
    "totalOtherIncomeExpensesNet": -1939000000,
    "incomeBeforeTax": 741000000,
    "incomeBeforeTaxRatio": 0.0765258701,
    "incomeTaxExpense": 308000000,
    "netIncome": 433000000,
    "netIncomeRatio": 0.0447175462,
    "eps": 1.2,
    "epsdiluted": 1.2,
    "weightedAverageShsOut": 360000000,
    "weightedAverageShsOutDil": 362711864,
    "link": "https://www.sec.gov/Archives/edgar/data/217346/000021734695000003/0000217346-95-000003-index.html",
    "finalLink": "https://www.sec.gov/Archives/edgar/data/217346/"
  },
  {
    "date": "1994-01-01",
    "symbol": "TXT",
    "reportedCurrency": "USD",
    "cik": "0000217346",
    "fillingDate": "1994-03-30",
    "acceptedDate": "1994-03-30 00:00:00",
    "calendarYear": "1994",
    "period": "FY",
    "revenue": 9078300000,
    "costOfRevenue": 4929800000,
    "grossProfit": 4148500000,
    "grossProfitRatio": 0.4569688157,
    "researchAndDevelopmentExpenses": 0,
    "generalAndAdministrativeExpenses": 0,
    "sellingAndMarketingExpenses": 0,
    "sellingGeneralAndAdministrativeExpenses": 1441200000,
    "otherExpenses": 280800000,
    "operatingExpenses": 1722000000,
    "costAndExpenses": 6651800000,
    "interestIncome": 0,
    "interestExpense": 0,
    "depreciationAndAmortization": 280800000,
    "ebitda": 2707300000,
    "ebitdaratio": 0.2982166265,
    "operatingIncome": 2426500000,
    "operatingIncomeRatio": 0.2672857253,
    "totalOtherIncomeExpensesNet": -1813000000,
    "incomeBeforeTax": 613500000,
    "incomeBeforeTaxRatio": 0.0675787317,
    "incomeTaxExpense": 234400000,
    "netIncome": 379100000,
    "netIncomeRatio": 0.0417589196,
    "eps": 0.85,
    "epsdiluted": 0.83,
    "weightedAverageShsOut": 447573964,
    "weightedAverageShsOutDil": 455662651,
    "link": "https://www.sec.gov/Archives/edgar/data/217346/000021734694000009/0000217346-94-000009-index.html",
    "finalLink": "https://www.sec.gov/Archives/edgar/data/217346/"
  },
  {
    "date": "1992-12-31",
    "symbol": "TXT",
    "reportedCurrency": "USD",
    "cik": "0000217346",
    "fillingDate": "1992-12-31",
    "acceptedDate": "1992-12-31 00:00:00",
    "calendarYear": "1993",
    "period": "FY",
    "revenue": 8347500000,
    "costOfRevenue": 4119500000,
    "grossProfit": 4228000000,
    "grossProfitRatio": 0.5064989518,
    "researchAndDevelopmentExpenses": 0,
    "generalAndAdministrativeExpenses": 0,
    "sellingAndMarketingExpenses": 0,
    "sellingGeneralAndAdministrativeExpenses": 1446800000,
    "otherExpenses": 396200000,
    "operatingExpenses": 1843000000,
    "costAndExpenses": 5962500000,
    "interestIncome": 0,
    "interestExpense": 0,
    "depreciationAndAmortization": 396200000,
    "ebitda": 2781200000,
    "ebitdaratio": 0.3331775981,
    "operatingIncome": 2385000000,
    "operatingIncomeRatio": 0.2857142857,
    "totalOtherIncomeExpensesNet": -1858000000,
    "incomeBeforeTax": 527000000,
    "incomeBeforeTaxRatio": 0.0631326745,
    "incomeTaxExpense": 202900000,
    "netIncome": -355400000,
    "netIncomeRatio": -0.0425756214,
    "eps": -1.01,
    "epsdiluted": -1.01,
    "weightedAverageShsOut": 352714286,
    "weightedAverageShsOutDil": 352714286,
    "link": null,
    "finalLink": null
  },
  {
    "date": "1991-12-31",
    "symbol": "TXT",
    "reportedCurrency": "USD",
    "cik": "0000217346",
    "fillingDate": "1991-12-31",
    "acceptedDate": "1991-12-31 00:00:00",
    "calendarYear": "1992",
    "period": "FY",
    "revenue": 7840100000,
    "costOfRevenue": 3955600000,
    "grossProfit": 3884500000,
    "grossProfitRatio": 0.4954656191,
    "researchAndDevelopmentExpenses": 0,
    "generalAndAdministrativeExpenses": 0,
    "sellingAndMarketingExpenses": 0,
    "sellingGeneralAndAdministrativeExpenses": 1336800000,
    "otherExpenses": 222800000,
    "operatingExpenses": 1559600000,
    "costAndExpenses": 5515200000,
    "interestIncome": 0,
    "interestExpense": 0,
    "depreciationAndAmortization": 222800000,
    "ebitda": 2547700000,
    "ebitdaratio": 0.3249575898,
    "operatingIncome": 2324900000,
    "operatingIncomeRatio": 0.296539585,
    "totalOtherIncomeExpensesNet": -1829900000,
    "incomeBeforeTax": 495000000,
    "incomeBeforeTaxRatio": 0.0631369498,
    "incomeTaxExpense": 195500000,
    "netIncome": 299500000,
    "netIncomeRatio": 0.0382010434,
    "eps": 0.69,
    "epsdiluted": 0.68,
    "weightedAverageShsOut": 432463768,
    "weightedAverageShsOutDil": 438823529,
    "link": null,
    "finalLink": null
  },
  {
    "date": "1990-12-31",
    "symbol": "TXT",
    "reportedCurrency": "USD",
    "cik": "0000217346",
    "fillingDate": "1990-12-31",
    "acceptedDate": "1990-12-31 00:00:00",
    "calendarYear": "1991",
    "period": "FY",
    "revenue": 7917600000,
    "costOfRevenue": 4150100000,
    "grossProfit": 3767500000,
    "grossProfitRatio": 0.475838638,
    "researchAndDevelopmentExpenses": 0,
    "generalAndAdministrativeExpenses": 0,
    "sellingAndMarketingExpenses": 0,
    "sellingGeneralAndAdministrativeExpenses": 1343600000,
    "otherExpenses": 220000000,
    "operatingExpenses": 1563600000,
    "costAndExpenses": 5713700000,
    "interestIncome": 0,
    "interestExpense": 0,
    "depreciationAndAmortization": 220000000,
    "ebitda": 2423900000,
    "ebitdaratio": 0.3061407497,
    "operatingIncome": 2203900000,
    "operatingIncomeRatio": 0.2783545519,
    "totalOtherIncomeExpensesNet": -1744700000,
    "incomeBeforeTax": 459200000,
    "incomeBeforeTaxRatio": 0.0579973729,
    "incomeTaxExpense": 176200000,
    "netIncome": 283000000,
    "netIncomeRatio": 0.0357431545,
    "eps": 0.8,
    "epsdiluted": 0.8,
    "weightedAverageShsOut": 354339623,
    "weightedAverageShsOutDil": 354339623,
    "link": null,
    "finalLink": null
  },
  {
    "date": "1989-12-31",
    "symbol": "TXT",
    "reportedCurrency": "USD",
    "cik": "0000217346",
    "fillingDate": "1989-12-31",
    "acceptedDate": "1989-12-31 00:00:00",
    "calendarYear": "1990",
    "period": "FY",
    "revenue": 6432300000,
    "costOfRevenue": 3941300000,
    "grossProfit": 2491000000,
    "grossProfitRatio": 0.3872642756,
    "researchAndDevelopmentExpenses": 0,
    "generalAndAdministrativeExpenses": 0,
    "sellingAndMarketingExpenses": 0,
    "sellingGeneralAndAdministrativeExpenses": 2141100000,
    "otherExpenses": 214300000,
    "operatingExpenses": 2355400000,
    "costAndExpenses": 6296700000,
    "interestIncome": 0,
    "interestExpense": 0,
    "depreciationAndAmortization": 214300000,
    "ebitda": 349900000,
    "ebitdaratio": 0.0543973384,
    "operatingIncome": 135600000,
    "operatingIncomeRatio": 0.0210811063,
    "totalOtherIncomeExpensesNet": 274700000,
    "incomeBeforeTax": 410300000,
    "incomeBeforeTaxRatio": 0.0637874477,
    "incomeTaxExpense": 141600000,
    "netIncome": 268700000,
    "netIncomeRatio": 0.0417735491,
    "eps": 0.76,
    "epsdiluted": 0.76,
    "weightedAverageShsOut": 354039735,
    "weightedAverageShsOutDil": 354039735,
    "link": null,
    "finalLink": null
  },
  {
    "date": "1988-12-31",
    "symbol": "TXT",
    "reportedCurrency": "USD",
    "cik": "0000217346",
    "fillingDate": "1988-12-31",
    "acceptedDate": "1988-12-30 19:00:00",
    "calendarYear": "1989",
    "period": "FY",
    "revenue": 7285500000,
    "costOfRevenue": 4074000000,
    "grossProfit": 3211500000,
    "grossProfitRatio": 0.4408070826,
    "researchAndDevelopmentExpenses": 0,
    "generalAndAdministrativeExpenses": 0,
    "sellingAndMarketingExpenses": 0,
    "sellingGeneralAndAdministrativeExpenses": 1275400000,
    "otherExpenses": 204700000,
    "operatingExpenses": 1480100000,
    "costAndExpenses": 5554100000,
    "interestIncome": 0,
    "interestExpense": 0,
    "depreciationAndAmortization": 204700000,
    "ebitda": 1936100000,
    "ebitdaratio": 0.2657470318,
    "operatingIncome": 1731400000,
    "operatingIncomeRatio": 0.237650127,
    "totalOtherIncomeExpensesNet": -1298100000,
    "incomeBeforeTax": 433300000,
    "incomeBeforeTaxRatio": 0.0594742983,
    "incomeTaxExpense": 161200000,
    "netIncome": 272100000,
    "netIncomeRatio": 0.0373481573,
    "eps": 0.78,
    "epsdiluted": 0.78,
    "weightedAverageShsOut": 349032258,
    "weightedAverageShsOutDil": 349032258,
    "link": "",
    "finalLink": ""
  },
  {
    "date": "1987-12-31",
    "symbol": "TXT",
    "reportedCurrency": "USD",
    "cik": "0000217346",
    "fillingDate": "1987-12-31",
    "acceptedDate": "1987-12-30 19:00:00",
    "calendarYear": "1988",
    "period": "FY",
    "revenue": 5388400000,
    "costOfRevenue": 4217400000,
    "grossProfit": 1171000000,
    "grossProfitRatio": 0.2173186846,
    "researchAndDevelopmentExpenses": 0,
    "generalAndAdministrativeExpenses": 0,
    "sellingAndMarketingExpenses": 0,
    "sellingGeneralAndAdministrativeExpenses": 604300000,
    "otherExpenses": 170300000,
    "operatingExpenses": 774600000,
    "costAndExpenses": 4992000000,
    "interestIncome": 0,
    "interestExpense": 0,
    "depreciationAndAmortization": 170300000,
    "ebitda": 566700000,
    "ebitdaratio": 0.105170366,
    "operatingIncome": 396400000,
    "operatingIncomeRatio": 0.0735654369,
    "totalOtherIncomeExpensesNet": 56200000,
    "incomeBeforeTax": 452600000,
    "incomeBeforeTaxRatio": 0.0839952491,
    "incomeTaxExpense": 191500000,
    "netIncome": 264100000,
    "netIncomeRatio": 0.0490126939,
    "eps": 0.83,
    "epsdiluted": 0.82,
    "weightedAverageShsOut": 320121212,
    "weightedAverageShsOutDil": 322073171,
    "link": "",
    "finalLink": ""
  },
  {
    "date": "1986-12-31",
    "symbol": "TXT",
    "reportedCurrency": "USD",
    "cik": "0000217346",
    "fillingDate": "1986-12-31",
    "acceptedDate": "1986-12-30 19:00:00",
    "calendarYear": "1987",
    "period": "FY",
    "revenue": 5023300000,
    "costOfRevenue": 3893200000,
    "grossProfit": 1130100000,
    "grossProfitRatio": 0.2249716322,
    "researchAndDevelopmentExpenses": 0,
    "generalAndAdministrativeExpenses": 0,
    "sellingAndMarketingExpenses": 0,
    "sellingGeneralAndAdministrativeExpenses": 610200000,
    "otherExpenses": 118700000,
    "operatingExpenses": 728900000,
    "costAndExpenses": 4622100000,
    "interestIncome": 0,
    "interestExpense": 0,
    "depreciationAndAmortization": 118700000,
    "ebitda": 519900000,
    "ebitdaratio": 0.1034977007,
    "operatingIncome": 401200000,
    "operatingIncomeRatio": 0.079867816,
    "totalOtherIncomeExpensesNet": 43600000,
    "incomeBeforeTax": 444800000,
    "incomeBeforeTaxRatio": 0.0885473693,
    "incomeTaxExpense": 203200000,
    "netIncome": 245900000,
    "netIncomeRatio": 0.0489518842,
    "eps": 0.75,
    "epsdiluted": 0.75,
    "weightedAverageShsOut": 324133333,
    "weightedAverageShsOutDil": 324133333,
    "link": "",
    "finalLink": ""
  },
  {
    "date": "1985-12-31",
    "symbol": "TXT",
    "reportedCurrency": "USD",
    "cik": "0000217346",
    "fillingDate": "1985-12-31",
    "acceptedDate": "1985-12-30 19:00:00",
    "calendarYear": "1986",
    "period": "FY",
    "revenue": 4038500000,
    "costOfRevenue": 3076300000,
    "grossProfit": 962200000,
    "grossProfitRatio": 0.2382567785,
    "researchAndDevelopmentExpenses": 0,
    "generalAndAdministrativeExpenses": 0,
    "sellingAndMarketingExpenses": 0,
    "sellingGeneralAndAdministrativeExpenses": 571800000,
    "otherExpenses": 98900000,
    "operatingExpenses": 670700000,
    "costAndExpenses": 3747000000,
    "interestIncome": 0,
    "interestExpense": 0,
    "depreciationAndAmortization": 98900000,
    "ebitda": 390400000,
    "ebitdaratio": 0.0966695555,
    "operatingIncome": 291500000,
    "operatingIncomeRatio": 0.0721802649,
    "totalOtherIncomeExpensesNet": 9300000,
    "incomeBeforeTax": 300800000,
    "incomeBeforeTaxRatio": 0.0744831002,
    "incomeTaxExpense": 120700000,
    "netIncome": 223600000,
    "netIncomeRatio": 0.0553670917,
    "eps": 0.75,
    "epsdiluted": 0.75,
    "weightedAverageShsOut": 293733333,
    "weightedAverageShsOutDil": 293733333,
    "link": "",
    "finalLink": ""
  }
]