[
  {
    "date": "2025-06-30",
    "symbol": "TYL",
    "reportedCurrency": "USD",
    "cik": "0000860731",
    "fillingDate": "2025-07-30",
    "acceptedDate": "2025-07-30 16:44:30",
    "calendarYear": "2025",
    "period": "Q2",
    "revenue": 596117000,
    "costOfRevenue": 336766000,
    "grossProfit": 259351000,
    "grossProfitRatio": 0.4350672771,
    "researchAndDevelopmentExpenses": 50842000,
    "generalAndAdministrativeExpenses": 0,
    "sellingAndMarketingExpenses": 0,
    "sellingGeneralAndAdministrativeExpenses": 112913000,
    "otherExpenses": 0,
    "operatingExpenses": 163755000,
    "costAndExpenses": 500521000,
    "interestIncome": 0,
    "interestExpense": 1262000,
    "depreciationAndAmortization": 36894000,
    "ebitda": 140669000,
    "ebitdaratio": 0.235975488,
    "operatingIncome": 95596000,
    "operatingIncomeRatio": 0.1603644922,
    "totalOtherIncomeExpensesNet": 6917000,
    "incomeBeforeTax": 102513000,
    "incomeBeforeTaxRatio": 0.171967919,
    "incomeTaxExpense": 17886000,
    "netIncome": 84627000,
    "netIncomeRatio": 0.141963742,
    "eps": 1.96,
    "epsdiluted": 1.93,
    "weightedAverageShsOut": 43163000,
    "weightedAverageShsOutDil": 43929000,
    "link": "https://www.sec.gov/Archives/edgar/data/860731/000086073125000036/0000860731-25-000036-index.htm",
    "finalLink": "https://www.sec.gov/Archives/edgar/data/860731/000086073125000036/tyl-20250630.htm"
  },
  {
    "date": "2025-03-31",
    "symbol": "TYL",
    "reportedCurrency": "USD",
    "cik": "0000860731",
    "fillingDate": "2025-04-25",
    "acceptedDate": "2025-04-25 14:11:46",
    "calendarYear": "2025",
    "period": "Q1",
    "revenue": 565165000,
    "costOfRevenue": 312223000,
    "grossProfit": 252942000,
    "grossProfitRatio": 0.4475542541,
    "researchAndDevelopmentExpenses": 47844000,
    "generalAndAdministrativeExpenses": 0,
    "sellingAndMarketingExpenses": 0,
    "sellingGeneralAndAdministrativeExpenses": 115925000,
    "otherExpenses": 0,
    "operatingExpenses": 163769000,
    "costAndExpenses": 475992000,
    "interestIncome": 0,
    "interestExpense": 1246000,
    "depreciationAndAmortization": 36909000,
    "ebitda": 133445000,
    "ebitdaratio": 0.2361168862,
    "operatingIncome": 89173000,
    "operatingIncomeRatio": 0.1577822406,
    "totalOtherIncomeExpensesNet": 6117000,
    "incomeBeforeTax": 95290000,
    "incomeBeforeTaxRatio": 0.1686056284,
    "incomeTaxExpense": 14238000,
    "netIncome": 81052000,
    "netIncomeRatio": 0.1434129856,
    "eps": 1.88,
    "epsdiluted": 1.84,
    "weightedAverageShsOut": 42611000,
    "weightedAverageShsOutDil": 43497000,
    "link": "https://www.sec.gov/Archives/edgar/data/860731/000086073125000027/0000860731-25-000027-index.htm",
    "finalLink": "https://www.sec.gov/Archives/edgar/data/860731/000086073125000027/tyl-20250331.htm"
  },
  {
    "date": "2024-12-31",
    "symbol": "TYL",
    "reportedCurrency": "USD",
    "cik": "0000860731",
    "fillingDate": "2025-02-19",
    "acceptedDate": "2025-02-19 17:12:51",
    "calendarYear": "2024",
    "period": "Q4",
    "revenue": 541131000,
    "costOfRevenue": 318126000,
    "grossProfit": 223005000,
    "grossProfitRatio": 0.4121090826,
    "researchAndDevelopmentExpenses": 29435000,
    "generalAndAdministrativeExpenses": 0,
    "sellingAndMarketingExpenses": 0,
    "sellingGeneralAndAdministrativeExpenses": 121884000,
    "otherExpenses": 0,
    "operatingExpenses": 151319000,
    "costAndExpenses": 469445000,
    "interestIncome": 0,
    "interestExpense": 1259000,
    "depreciationAndAmortization": 36341000,
    "ebitda": 114367000,
    "ebitdaratio": 0.2113480839,
    "operatingIncome": 71686000,
    "operatingIncomeRatio": 0.1324743916,
    "totalOtherIncomeExpensesNet": 5081000,
    "incomeBeforeTax": 76767000,
    "incomeBeforeTaxRatio": 0.1418639849,
    "incomeTaxExpense": 11546000,
    "netIncome": 65221000,
    "netIncomeRatio": 0.1205271921,
    "eps": 1.52,
    "epsdiluted": 1.49,
    "weightedAverageShsOut": 42864000,
    "weightedAverageShsOutDil": 43912000,
    "link": "https://www.sec.gov/Archives/edgar/data/860731/000086073125000007/0000860731-25-000007-index.htm",
    "finalLink": "https://www.sec.gov/Archives/edgar/data/860731/000086073125000007/tyl-20241231.htm"
  },
  {
    "date": "2024-09-30",
    "symbol": "TYL",
    "reportedCurrency": "USD",
    "cik": "0000860731",
    "fillingDate": "2024-10-23",
    "acceptedDate": "2024-10-23 16:39:39",
    "calendarYear": "2024",
    "period": "Q3",
    "revenue": 543337000,
    "costOfRevenue": 319727000,
    "grossProfit": 223610000,
    "grossProfitRatio": 0.4115493699,
    "researchAndDevelopmentExpenses": 30120000,
    "generalAndAdministrativeExpenses": 0,
    "sellingAndMarketingExpenses": 0,
    "sellingGeneralAndAdministrativeExpenses": 110663000,
    "otherExpenses": 0,
    "operatingExpenses": 140783000,
    "costAndExpenses": 460510000,
    "interestIncome": 0,
    "interestExpense": 1235000,
    "depreciationAndAmortization": 36927000,
    "ebitda": 124258000,
    "ebitdaratio": 0.2286941622,
    "operatingIncome": 82827000,
    "operatingIncomeRatio": 0.1524413025,
    "totalOtherIncomeExpensesNet": 3269000,
    "incomeBeforeTax": 86096000,
    "incomeBeforeTaxRatio": 0.1584578264,
    "incomeTaxExpense": 10199000,
    "netIncome": 75897000,
    "netIncomeRatio": 0.1396867874,
    "eps": 1.78,
    "epsdiluted": 1.74,
    "weightedAverageShsOut": 42714000,
    "weightedAverageShsOutDil": 43694000,
    "link": "https://www.sec.gov/Archives/edgar/data/860731/000086073124000052/0000860731-24-000052-index.htm",
    "finalLink": "https://www.sec.gov/Archives/edgar/data/860731/000086073124000052/tyl-20240930.htm"
  },
  {
    "date": "2024-06-30",
    "symbol": "TYL",
    "reportedCurrency": "USD",
    "cik": "0000860731",
    "fillingDate": "2024-07-31",
    "acceptedDate": "2024-07-31 16:10:54",
    "calendarYear": "2024",
    "period": "Q2",
    "revenue": 540976000,
    "costOfRevenue": 317005000,
    "grossProfit": 223971000,
    "grossProfitRatio": 0.4140128213,
    "researchAndDevelopmentExpenses": 28951000,
    "generalAndAdministrativeExpenses": 0,
    "sellingAndMarketingExpenses": 0,
    "sellingGeneralAndAdministrativeExpenses": 116985000,
    "otherExpenses": 0,
    "operatingExpenses": 145936000,
    "costAndExpenses": 462941000,
    "interestIncome": 0,
    "interestExpense": 1253000,
    "depreciationAndAmortization": 36482000,
    "ebitda": 116400000,
    "ebitdaratio": 0.2151666617,
    "operatingIncome": 78035000,
    "operatingIncomeRatio": 0.1442485434,
    "totalOtherIncomeExpensesNet": 630000,
    "incomeBeforeTax": 78665000,
    "incomeBeforeTaxRatio": 0.1454131052,
    "incomeTaxExpense": 10927000,
    "netIncome": 67738000,
    "netIncomeRatio": 0.1252144273,
    "eps": 1.59,
    "epsdiluted": 1.57,
    "weightedAverageShsOut": 42527000,
    "weightedAverageShsOutDil": 43275000,
    "link": "https://www.sec.gov/Archives/edgar/data/860731/000086073124000042/0000860731-24-000042-index.htm",
    "finalLink": "https://www.sec.gov/Archives/edgar/data/860731/000086073124000042/tyl-20240630.htm"
  },
  {
    "date": "2024-03-31",
    "symbol": "TYL",
    "reportedCurrency": "USD",
    "cik": "0000860731",
    "fillingDate": "2024-04-24",
    "acceptedDate": "2024-04-24 16:28:55",
    "calendarYear": "2024",
    "period": "Q1",
    "revenue": 512359000,
    "costOfRevenue": 306811000,
    "grossProfit": 205548000,
    "grossProfitRatio": 0.4011796416,
    "researchAndDevelopmentExpenses": 29433000,
    "generalAndAdministrativeExpenses": 0,
    "sellingAndMarketingExpenses": 0,
    "sellingGeneralAndAdministrativeExpenses": 109137000,
    "otherExpenses": 0,
    "operatingExpenses": 138570000,
    "costAndExpenses": 445381000,
    "interestIncome": 0,
    "interestExpense": 2184000,
    "depreciationAndAmortization": 40097000,
    "ebitda": 108920000,
    "ebitdaratio": 0.2125853162,
    "operatingIncome": 66977999,
    "operatingIncomeRatio": 0.1307247438,
    "totalOtherIncomeExpensesNet": -339000,
    "incomeBeforeTax": 66639000,
    "incomeBeforeTaxRatio": 0.1300631003,
    "incomeTaxExpense": 12469000,
    "netIncome": 54170000,
    "netIncomeRatio": 0.1057266487,
    "eps": 1.28,
    "epsdiluted": 1.26,
    "weightedAverageShsOut": 42332000,
    "weightedAverageShsOutDil": 43100000,
    "link": "https://www.sec.gov/Archives/edgar/data/860731/000086073124000025/0000860731-24-000025-index.htm",
    "finalLink": "https://www.sec.gov/Archives/edgar/data/860731/000086073124000025/tyl-20240331.htm"
  },
  {
    "date": "2023-12-31",
    "symbol": "TYL",
    "reportedCurrency": "USD",
    "cik": "0000860731",
    "fillingDate": "2024-02-27",
    "acceptedDate": "2024-02-27 13:31:50",
    "calendarYear": "2023",
    "period": "Q4",
    "revenue": 480935000,
    "costOfRevenue": 287343000,
    "grossProfit": 193592000,
    "grossProfitRatio": 0.4025325668,
    "researchAndDevelopmentExpenses": 26163000,
    "generalAndAdministrativeExpenses": 0,
    "sellingAndMarketingExpenses": 0,
    "sellingGeneralAndAdministrativeExpenses": 119681000,
    "otherExpenses": 0,
    "operatingExpenses": 145844000,
    "costAndExpenses": 433187000,
    "interestIncome": 0,
    "interestExpense": 3750000,
    "depreciationAndAmortization": 44311000,
    "ebitda": 92711000,
    "ebitdaratio": 0.1927724121,
    "operatingIncome": 47748000,
    "operatingIncomeRatio": 0.0992816077,
    "totalOtherIncomeExpensesNet": -3098000,
    "incomeBeforeTax": 44650000,
    "incomeBeforeTaxRatio": 0.0928399888,
    "incomeTaxExpense": 5747000,
    "netIncome": 38903000,
    "netIncomeRatio": 0.080890349,
    "eps": 0.92,
    "epsdiluted": 0.91,
    "weightedAverageShsOut": 42191000,
    "weightedAverageShsOutDil": 42972000,
    "link": "https://www.sec.gov/Archives/edgar/data/860731/000086073124000008/0000860731-24-000008-index.htm",
    "finalLink": "https://www.sec.gov/Archives/edgar/data/860731/000086073124000008/tyl-20231231.htm"
  },
  {
    "date": "2023-09-30",
    "symbol": "TYL",
    "reportedCurrency": "USD",
    "cik": "0000860731",
    "fillingDate": "2023-11-01",
    "acceptedDate": "2023-11-01 16:40:20",
    "calendarYear": "2023",
    "period": "Q3",
    "revenue": 494684000,
    "costOfRevenue": 288050000,
    "grossProfit": 206634000,
    "grossProfitRatio": 0.417709083,
    "researchAndDevelopmentExpenses": 28282000,
    "generalAndAdministrativeExpenses": 0,
    "sellingAndMarketingExpenses": 0,
    "sellingGeneralAndAdministrativeExpenses": 114417000,
    "otherExpenses": 0,
    "operatingExpenses": 142699000,
    "costAndExpenses": 430749000,
    "interestIncome": 0,
    "interestExpense": 5808000,
    "depreciationAndAmortization": 44139000,
    "ebitda": 108861000,
    "ebitdaratio": 0.220061696,
    "operatingIncome": 63935000,
    "operatingIncomeRatio": 0.1292441235,
    "totalOtherIncomeExpensesNet": -5021000,
    "incomeBeforeTax": 58914000,
    "incomeBeforeTaxRatio": 0.1190942096,
    "incomeTaxExpense": 11903000,
    "netIncome": 47011000,
    "netIncomeRatio": 0.0950323843,
    "eps": 1.12,
    "epsdiluted": 1.1,
    "weightedAverageShsOut": 42087000,
    "weightedAverageShsOutDil": 42841000,
    "link": "https://www.sec.gov/Archives/edgar/data/860731/000086073123000037/0000860731-23-000037-index.htm",
    "finalLink": "https://www.sec.gov/Archives/edgar/data/860731/000086073123000037/tyl-20230930.htm"
  },
  {
    "date": "2023-06-30",
    "symbol": "TYL",
    "reportedCurrency": "USD",
    "cik": "0000860731",
    "fillingDate": "2023-07-26",
    "acceptedDate": "2023-07-26 16:40:35",
    "calendarYear": "2023",
    "period": "Q2",
    "revenue": 504279000,
    "costOfRevenue": 299468000,
    "grossProfit": 204811000,
    "grossProfitRatio": 0.4061462008,
    "researchAndDevelopmentExpenses": 28153000,
    "generalAndAdministrativeExpenses": 0,
    "sellingAndMarketingExpenses": 0,
    "sellingGeneralAndAdministrativeExpenses": 114784000,
    "otherExpenses": 0,
    "operatingExpenses": 142937000,
    "costAndExpenses": 442405000,
    "interestIncome": 0,
    "interestExpense": 6387000,
    "depreciationAndAmortization": 40401000,
    "ebitda": 102918000,
    "ebitdaratio": 0.2040894029,
    "operatingIncome": 61874000,
    "operatingIncomeRatio": 0.1226979509,
    "totalOtherIncomeExpensesNet": -5744000,
    "incomeBeforeTax": 56130000,
    "incomeBeforeTaxRatio": 0.111307431,
    "incomeTaxExpense": 7000000,
    "netIncome": 49130000,
    "netIncomeRatio": 0.0974262264,
    "eps": 1.17,
    "epsdiluted": 1.15,
    "weightedAverageShsOut": 41980000,
    "weightedAverageShsOutDil": 42751000,
    "link": "https://www.sec.gov/Archives/edgar/data/860731/000086073123000028/0000860731-23-000028-index.htm",
    "finalLink": "https://www.sec.gov/Archives/edgar/data/860731/000086073123000028/tyl-20230630.htm"
  },
  {
    "date": "2023-03-31",
    "symbol": "TYL",
    "reportedCurrency": "USD",
    "cik": "0000860731",
    "fillingDate": "2023-04-26",
    "acceptedDate": "2023-04-26 17:08:51",
    "calendarYear": "2023",
    "period": "Q1",
    "revenue": 471853000,
    "costOfRevenue": 290423000,
    "grossProfit": 181430000,
    "grossProfitRatio": 0.3845053438,
    "researchAndDevelopmentExpenses": 26987000,
    "generalAndAdministrativeExpenses": 0,
    "sellingAndMarketingExpenses": 0,
    "sellingGeneralAndAdministrativeExpenses": 109463000,
    "otherExpenses": 0,
    "operatingExpenses": 136450000,
    "costAndExpenses": 426873000,
    "interestIncome": 0,
    "interestExpense": 7684000,
    "depreciationAndAmortization": 41916000,
    "ebitda": 88142000,
    "ebitdaratio": 0.1867997024,
    "operatingIncome": 44980000,
    "operatingIncomeRatio": 0.0953262987,
    "totalOtherIncomeExpensesNet": -6438000,
    "incomeBeforeTax": 38542000,
    "incomeBeforeTaxRatio": 0.0816822188,
    "incomeTaxExpense": 7667000,
    "netIncome": 30875000,
    "netIncomeRatio": 0.0654335143,
    "eps": 0.74,
    "epsdiluted": 0.73,
    "weightedAverageShsOut": 41832000,
    "weightedAverageShsOutDil": 42506000,
    "link": "https://www.sec.gov/Archives/edgar/data/860731/000086073123000018/0000860731-23-000018-index.htm",
    "finalLink": "https://www.sec.gov/Archives/edgar/data/860731/000086073123000018/tyl-20230331.htm"
  },
  {
    "date": "2022-12-31",
    "symbol": "TYL",
    "reportedCurrency": "USD",
    "cik": "0000860731",
    "fillingDate": "2023-02-22",
    "acceptedDate": "2023-02-22 17:17:06",
    "calendarYear": "2022",
    "period": "Q4",
    "revenue": 452220000,
    "costOfRevenue": 276990000,
    "grossProfit": 175230000,
    "grossProfitRatio": 0.3874883906,
    "researchAndDevelopmentExpenses": 32667000,
    "generalAndAdministrativeExpenses": 0,
    "sellingAndMarketingExpenses": 0,
    "sellingGeneralAndAdministrativeExpenses": 101052000,
    "otherExpenses": 0,
    "operatingExpenses": 133719000,
    "costAndExpenses": 410709000,
    "interestIncome": 0,
    "interestExpense": 8103000,
    "depreciationAndAmortization": 45851000,
    "ebitda": 87574000,
    "ebitdaratio": 0.1936535315,
    "operatingIncome": 41511000,
    "operatingIncomeRatio": 0.0917938172,
    "totalOtherIncomeExpensesNet": -7891000,
    "incomeBeforeTax": 33620000,
    "incomeBeforeTaxRatio": 0.0743443457,
    "incomeTaxExpense": 2543000,
    "netIncome": 31077000,
    "netIncomeRatio": 0.0687209765,
    "eps": 0.75,
    "epsdiluted": 0.73,
    "weightedAverageShsOut": 41707000,
    "weightedAverageShsOutDil": 42419000,
    "link": "https://www.sec.gov/Archives/edgar/data/860731/000086073123000009/0000860731-23-000009-index.htm",
    "finalLink": "https://www.sec.gov/Archives/edgar/data/860731/000086073123000009/tyl-20221231.htm"
  },
  {
    "date": "2022-09-30",
    "symbol": "TYL",
    "reportedCurrency": "USD",
    "cik": "0000860731",
    "fillingDate": "2022-10-27",
    "acceptedDate": "2022-10-27 16:35:34",
    "calendarYear": "2022",
    "period": "Q3",
    "revenue": 473191000,
    "costOfRevenue": 283469000,
    "grossProfit": 189722000,
    "grossProfitRatio": 0.4009416916,
    "researchAndDevelopmentExpenses": 25190000,
    "generalAndAdministrativeExpenses": 0,
    "sellingAndMarketingExpenses": 0,
    "sellingGeneralAndAdministrativeExpenses": 103419000,
    "otherExpenses": 0,
    "operatingExpenses": 128609000,
    "costAndExpenses": 412078000,
    "interestIncome": 0,
    "interestExpense": 9258000,
    "depreciationAndAmortization": 45220000,
    "ebitda": 106264000,
    "ebitdaratio": 0.2245689373,
    "operatingIncome": 61113000,
    "operatingIncomeRatio": 0.129150808,
    "totalOtherIncomeExpensesNet": -9327000,
    "incomeBeforeTax": 51786000,
    "incomeBeforeTaxRatio": 0.1094399513,
    "incomeTaxExpense": -1447000,
    "netIncome": 53233000,
    "netIncomeRatio": 0.1124979131,
    "eps": 1.28,
    "epsdiluted": 1.26,
    "weightedAverageShsOut": 41600000,
    "weightedAverageShsOutDil": 42407000,
    "link": "https://www.sec.gov/Archives/edgar/data/860731/000086073122000043/0000860731-22-000043-index.htm",
    "finalLink": "https://www.sec.gov/Archives/edgar/data/860731/000086073122000043/tyl-20220930.htm"
  },
  {
    "date": "2022-06-30",
    "symbol": "TYL",
    "reportedCurrency": "USD",
    "cik": "0000860731",
    "fillingDate": "2022-07-29",
    "acceptedDate": "2022-07-29 16:48:26",
    "calendarYear": "2022",
    "period": "Q2",
    "revenue": 468685000,
    "costOfRevenue": 288841000,
    "grossProfit": 179844000,
    "grossProfitRatio": 0.3837204092,
    "researchAndDevelopmentExpenses": 23386000,
    "generalAndAdministrativeExpenses": 0,
    "sellingAndMarketingExpenses": 0,
    "sellingGeneralAndAdministrativeExpenses": 99701000,
    "otherExpenses": 0,
    "operatingExpenses": 123087000,
    "costAndExpenses": 411928000,
    "interestIncome": 0,
    "interestExpense": 6214000,
    "depreciationAndAmortization": 39739000,
    "ebitda": 96712000,
    "ebitdaratio": 0.2063475469,
    "operatingIncome": 56757000,
    "operatingIncomeRatio": 0.1210983923,
    "totalOtherIncomeExpensesNet": -5998000,
    "incomeBeforeTax": 50759000,
    "incomeBeforeTaxRatio": 0.1083008844,
    "incomeTaxExpense": 10813000,
    "netIncome": 39946000,
    "netIncomeRatio": 0.0852299519,
    "eps": 0.96,
    "epsdiluted": 0.94,
    "weightedAverageShsOut": 41500000,
    "weightedAverageShsOutDil": 42321000,
    "link": "https://www.sec.gov/Archives/edgar/data/860731/000086073122000035/0000860731-22-000035-index.htm",
    "finalLink": "https://www.sec.gov/Archives/edgar/data/860731/000086073122000035/tyl-20220630.htm"
  },
  {
    "date": "2022-03-31",
    "symbol": "TYL",
    "reportedCurrency": "USD",
    "cik": "0000860731",
    "fillingDate": "2022-04-27",
    "acceptedDate": "2022-04-27 16:36:41",
    "calendarYear": "2022",
    "period": "Q1",
    "revenue": 456108000,
    "costOfRevenue": 278404000,
    "grossProfit": 177704000,
    "grossProfitRatio": 0.3896094785,
    "researchAndDevelopmentExpenses": 23941000,
    "generalAndAdministrativeExpenses": 0,
    "sellingAndMarketingExpenses": 0,
    "sellingGeneralAndAdministrativeExpenses": 96895000,
    "otherExpenses": 0,
    "operatingExpenses": 120836000,
    "costAndExpenses": 399240000,
    "interestIncome": 0,
    "interestExpense": 4804000,
    "depreciationAndAmortization": 41231000,
    "ebitda": 97463000,
    "ebitdaratio": 0.2136840397,
    "operatingIncome": 56868000,
    "operatingIncomeRatio": 0.1246809966,
    "totalOtherIncomeExpensesNet": -5440000,
    "incomeBeforeTax": 51428000,
    "incomeBeforeTaxRatio": 0.1127539969,
    "incomeTaxExpense": 11444000,
    "netIncome": 39984000,
    "netIncomeRatio": 0.0876634481,
    "eps": 0.97,
    "epsdiluted": 0.94,
    "weightedAverageShsOut": 41364000,
    "weightedAverageShsOutDil": 42443000,
    "link": "https://www.sec.gov/Archives/edgar/data/860731/000086073122000017/0000860731-22-000017-index.htm",
    "finalLink": "https://www.sec.gov/Archives/edgar/data/860731/000086073122000017/tyl-20220331.htm"
  },
  {
    "date": "2021-12-31",
    "symbol": "TYL",
    "reportedCurrency": "USD",
    "cik": "0000860731",
    "fillingDate": "2022-02-23",
    "acceptedDate": "2022-02-23 17:12:10",
    "calendarYear": "2021",
    "period": "Q4",
    "revenue": 433537000,
    "costOfRevenue": 260211000,
    "grossProfit": 173326000,
    "grossProfitRatio": 0.3997951732,
    "researchAndDevelopmentExpenses": 24238000,
    "generalAndAdministrativeExpenses": 0,
    "sellingAndMarketingExpenses": 0,
    "sellingGeneralAndAdministrativeExpenses": 100236000,
    "otherExpenses": 0,
    "operatingExpenses": 124474000,
    "costAndExpenses": 384685000,
    "interestIncome": 295000,
    "interestExpense": 4987000,
    "depreciationAndAmortization": 40960000,
    "ebitda": 89307000,
    "ebitdaratio": 0.2059962587,
    "operatingIncome": 48852000,
    "operatingIncomeRatio": 0.1126824239,
    "totalOtherIncomeExpensesNet": -5492000,
    "incomeBeforeTax": 43360000,
    "incomeBeforeTaxRatio": 0.1000145316,
    "incomeTaxExpense": -11422000,
    "netIncome": 54782000,
    "netIncomeRatio": 0.1263606105,
    "eps": 1.33,
    "epsdiluted": 1.29,
    "weightedAverageShsOut": 41126000,
    "weightedAverageShsOutDil": 42536000,
    "link": "https://www.sec.gov/Archives/edgar/data/860731/000086073122000011/0000860731-22-000011-index.htm",
    "finalLink": "https://www.sec.gov/Archives/edgar/data/860731/000086073122000011/tyl-20211231.htm"
  },
  {
    "date": "2021-09-30",
    "symbol": "TYL",
    "reportedCurrency": "USD",
    "cik": "0000860731",
    "fillingDate": "2021-11-01",
    "acceptedDate": "2021-11-01 17:11:09",
    "calendarYear": "2021",
    "period": "Q3",
    "revenue": 459873000,
    "costOfRevenue": 277840000,
    "grossProfit": 182033000,
    "grossProfitRatio": 0.3958331974,
    "researchAndDevelopmentExpenses": 23445000,
    "generalAndAdministrativeExpenses": 0,
    "sellingAndMarketingExpenses": 0,
    "sellingGeneralAndAdministrativeExpenses": 98947000,
    "otherExpenses": 0,
    "operatingExpenses": 122392000,
    "costAndExpenses": 400232000,
    "interestIncome": 0,
    "interestExpense": 5396000,
    "depreciationAndAmortization": 39870000,
    "ebitda": 96499000,
    "ebitdaratio": 0.2098383684,
    "operatingIncome": 59641000,
    "operatingIncomeRatio": 0.1296901536,
    "totalOtherIncomeExpensesNet": -8408000,
    "incomeBeforeTax": 51233000,
    "incomeBeforeTaxRatio": 0.1114068449,
    "incomeTaxExpense": 7063000,
    "netIncome": 44170000,
    "netIncomeRatio": 0.0960482568,
    "eps": 1.08,
    "epsdiluted": 1.04,
    "weightedAverageShsOut": 40888000,
    "weightedAverageShsOutDil": 42286000,
    "link": "https://www.sec.gov/Archives/edgar/data/860731/000086073121000039/0000860731-21-000039-index.htm",
    "finalLink": "https://www.sec.gov/Archives/edgar/data/860731/000086073121000039/tyl-20210930.htm"
  },
  {
    "date": "2021-06-30",
    "symbol": "TYL",
    "reportedCurrency": "USD",
    "cik": "0000860731",
    "fillingDate": "2021-08-03",
    "acceptedDate": "2021-08-03 17:00:54",
    "calendarYear": "2021",
    "period": "Q2",
    "revenue": 404075000,
    "costOfRevenue": 233434000,
    "grossProfit": 170641000,
    "grossProfitRatio": 0.4223003155,
    "researchAndDevelopmentExpenses": 23047000,
    "generalAndAdministrativeExpenses": 0,
    "sellingAndMarketingExpenses": 0,
    "sellingGeneralAndAdministrativeExpenses": 91422000,
    "otherExpenses": 0,
    "operatingExpenses": 114469000,
    "costAndExpenses": 347903000,
    "interestIncome": 492000,
    "interestExpense": 12438000,
    "depreciationAndAmortization": 39876000,
    "ebitda": 78406000,
    "ebitdaratio": 0.1940382355,
    "operatingIncome": 56172000,
    "operatingIncomeRatio": 0.1390137969,
    "totalOtherIncomeExpensesNet": -30080000,
    "incomeBeforeTax": 26092000,
    "incomeBeforeTaxRatio": 0.064572171,
    "incomeTaxExpense": 562000,
    "netIncome": 25530000,
    "netIncomeRatio": 0.0631813401,
    "eps": 0.63,
    "epsdiluted": 0.61,
    "weightedAverageShsOut": 40765000,
    "weightedAverageShsOutDil": 42094000,
    "link": "https://www.sec.gov/Archives/edgar/data/860731/000086073121000034/0000860731-21-000034-index.htm",
    "finalLink": "https://www.sec.gov/Archives/edgar/data/860731/000086073121000034/tyl-20210630.htm"
  },
  {
    "date": "2021-03-31",
    "symbol": "TYL",
    "reportedCurrency": "USD",
    "cik": "0000860731",
    "fillingDate": "2021-05-06",
    "acceptedDate": "2021-05-06 11:12:19",
    "calendarYear": "2021",
    "period": "Q1",
    "revenue": 294802000,
    "costOfRevenue": 156007000,
    "grossProfit": 138795000,
    "grossProfitRatio": 0.4708075251,
    "researchAndDevelopmentExpenses": 21813000,
    "generalAndAdministrativeExpenses": 0,
    "sellingAndMarketingExpenses": 0,
    "sellingGeneralAndAdministrativeExpenses": 78774000,
    "otherExpenses": 0,
    "operatingExpenses": 100587000,
    "costAndExpenses": 256594000,
    "interestIncome": 88000,
    "interestExpense": 0,
    "depreciationAndAmortization": 21100000,
    "ebitda": 59396000,
    "ebitdaratio": 0.2014776019,
    "operatingIncome": 38208000,
    "operatingIncomeRatio": 0.1296056336,
    "totalOtherIncomeExpensesNet": 88000,
    "incomeBeforeTax": 38296000,
    "incomeBeforeTaxRatio": 0.129904139,
    "incomeTaxExpense": 1320000,
    "netIncome": 36976000,
    "netIncomeRatio": 0.1254265575,
    "eps": 0.91,
    "epsdiluted": 0.88,
    "weightedAverageShsOut": 40611000,
    "weightedAverageShsOutDil": 42056000,
    "link": "https://www.sec.gov/Archives/edgar/data/860731/000086073121000025/0000860731-21-000025-index.htm",
    "finalLink": "https://www.sec.gov/Archives/edgar/data/860731/000086073121000025/tyl-20210331.htm"
  },
  {
    "date": "2020-12-31",
    "symbol": "TYL",
    "reportedCurrency": "USD",
    "cik": "0000860731",
    "fillingDate": "2021-02-19",
    "acceptedDate": "2021-02-19 16:39:35",
    "calendarYear": "2020",
    "period": "Q4",
    "revenue": 283285000,
    "costOfRevenue": 150102000,
    "grossProfit": 133183000,
    "grossProfitRatio": 0.470137847,
    "researchAndDevelopmentExpenses": 22411000,
    "generalAndAdministrativeExpenses": 0,
    "sellingAndMarketingExpenses": 0,
    "sellingGeneralAndAdministrativeExpenses": 62736000,
    "otherExpenses": 0,
    "operatingExpenses": 85147000,
    "costAndExpenses": 235249000,
    "interestIncome": 376000,
    "interestExpense": 0,
    "depreciationAndAmortization": 20911000,
    "ebitda": 69323000,
    "ebitdaratio": 0.2447111566,
    "operatingIncome": 48036000,
    "operatingIncomeRatio": 0.1695677498,
    "totalOtherIncomeExpensesNet": 376000,
    "incomeBeforeTax": 48412000,
    "incomeBeforeTaxRatio": 0.170895035,
    "incomeTaxExpense": -5682000,
    "netIncome": 54094000,
    "netIncomeRatio": 0.1909525743,
    "eps": 1.34,
    "epsdiluted": 1.29,
    "weightedAverageShsOut": 40404000,
    "weightedAverageShsOutDil": 41925000,
    "link": "https://www.sec.gov/Archives/edgar/data/860731/000086073121000014/0000860731-21-000014-index.htm",
    "finalLink": "https://www.sec.gov/Archives/edgar/data/860731/000086073121000014/tyl-20201231.htm"
  },
  {
    "date": "2020-09-30",
    "symbol": "TYL",
    "reportedCurrency": "USD",
    "cik": "0000860731",
    "fillingDate": "2020-11-04",
    "acceptedDate": "2020-11-04 16:42:58",
    "calendarYear": "2020",
    "period": "Q3",
    "revenue": 285746000,
    "costOfRevenue": 147629000,
    "grossProfit": 138117000,
    "grossProfitRatio": 0.4833558475,
    "researchAndDevelopmentExpenses": 21642000,
    "generalAndAdministrativeExpenses": 0,
    "sellingAndMarketingExpenses": 0,
    "sellingGeneralAndAdministrativeExpenses": 66819000,
    "otherExpenses": 0,
    "operatingExpenses": 88461000,
    "costAndExpenses": 236090000,
    "interestIncome": 280000,
    "interestExpense": 0,
    "depreciationAndAmortization": 20476000,
    "ebitda": 70412000,
    "ebitdaratio": 0.246414648,
    "operatingIncome": 49656000,
    "operatingIncomeRatio": 0.1737767108,
    "totalOtherIncomeExpensesNet": 280000,
    "incomeBeforeTax": 49936000,
    "incomeBeforeTaxRatio": 0.174756602,
    "incomeTaxExpense": 10652000,
    "netIncome": 39284000,
    "netIncomeRatio": 0.1374787399,
    "eps": 0.98,
    "epsdiluted": 0.94,
    "weightedAverageShsOut": 40261000,
    "weightedAverageShsOutDil": 41606000,
    "link": "https://www.sec.gov/Archives/edgar/data/860731/000086073120000034/0000860731-20-000034-index.htm",
    "finalLink": "https://www.sec.gov/Archives/edgar/data/860731/000086073120000034/tyl-20200930.htm"
  },
  {
    "date": "2020-06-30",
    "symbol": "TYL",
    "reportedCurrency": "USD",
    "cik": "0000860731",
    "fillingDate": "2020-07-29",
    "acceptedDate": "2020-07-29 17:12:56",
    "calendarYear": "2020",
    "period": "Q2",
    "revenue": 271091000,
    "costOfRevenue": 145280000,
    "grossProfit": 125811000,
    "grossProfitRatio": 0.4640913937,
    "researchAndDevelopmentExpenses": 21949000,
    "generalAndAdministrativeExpenses": 0,
    "sellingAndMarketingExpenses": 0,
    "sellingGeneralAndAdministrativeExpenses": 62521000,
    "otherExpenses": 0,
    "operatingExpenses": 84470000,
    "costAndExpenses": 229750000,
    "interestIncome": 470000,
    "interestExpense": 0,
    "depreciationAndAmortization": 20285000,
    "ebitda": 62096000,
    "ebitdaratio": 0.2290596147,
    "operatingIncome": 41341000,
    "operatingIncomeRatio": 0.1524986075,
    "totalOtherIncomeExpensesNet": 470000,
    "incomeBeforeTax": 41811000,
    "incomeBeforeTaxRatio": 0.1542323426,
    "incomeTaxExpense": -12081000,
    "netIncome": 53892000,
    "netIncomeRatio": 0.198796714,
    "eps": 1.35,
    "epsdiluted": 1.3,
    "weightedAverageShsOut": 39963000,
    "weightedAverageShsOutDil": 41416000,
    "link": "https://www.sec.gov/Archives/edgar/data/860731/000086073120000026/0000860731-20-000026-index.htm",
    "finalLink": "https://www.sec.gov/Archives/edgar/data/860731/000086073120000026/tyl-20200630.htm"
  },
  {
    "date": "2020-03-31",
    "symbol": "TYL",
    "reportedCurrency": "USD",
    "cik": "0000860731",
    "fillingDate": "2020-04-29",
    "acceptedDate": "2020-04-29 16:53:24",
    "calendarYear": "2020",
    "period": "Q1",
    "revenue": 276541000,
    "costOfRevenue": 152802000,
    "grossProfit": 123739000,
    "grossProfitRatio": 0.4474526381,
    "researchAndDevelopmentExpenses": 22361000,
    "generalAndAdministrativeExpenses": 0,
    "sellingAndMarketingExpenses": 0,
    "sellingGeneralAndAdministrativeExpenses": 67485000,
    "otherExpenses": 0,
    "operatingExpenses": 89846000,
    "costAndExpenses": 242648000,
    "interestIncome": 990000,
    "interestExpense": 0,
    "depreciationAndAmortization": 19985000,
    "ebitda": 54868000,
    "ebitdaratio": 0.1984081926,
    "operatingIncome": 33893000,
    "operatingIncomeRatio": 0.1225604883,
    "totalOtherIncomeExpensesNet": 990000,
    "incomeBeforeTax": 34883000,
    "incomeBeforeTaxRatio": 0.1261404276,
    "incomeTaxExpense": -12667000,
    "netIncome": 47550000,
    "netIncomeRatio": 0.1719455705,
    "eps": 1.2,
    "epsdiluted": 1.16,
    "weightedAverageShsOut": 39500000,
    "weightedAverageShsOutDil": 41144000,
    "link": "https://www.sec.gov/Archives/edgar/data/860731/000086073120000017/0000860731-20-000017-index.htm",
    "finalLink": "https://www.sec.gov/Archives/edgar/data/860731/000086073120000017/tyl-20200331.htm"
  },
  {
    "date": "2019-12-31",
    "symbol": "TYL",
    "reportedCurrency": "USD",
    "cik": "0000860731",
    "fillingDate": "2020-02-19",
    "acceptedDate": "2020-02-19 16:54:07",
    "calendarYear": "2019",
    "period": "Q4",
    "revenue": 288837000,
    "costOfRevenue": 152245000,
    "grossProfit": 136592000,
    "grossProfitRatio": 0.4729034023,
    "researchAndDevelopmentExpenses": 21170000,
    "generalAndAdministrativeExpenses": 0,
    "sellingAndMarketingExpenses": 0,
    "sellingGeneralAndAdministrativeExpenses": 70265000,
    "otherExpenses": 0,
    "operatingExpenses": 91435000,
    "costAndExpenses": 243680000,
    "interestIncome": 2633000,
    "interestExpense": 0,
    "depreciationAndAmortization": 20125000,
    "ebitda": 67915000,
    "ebitdaratio": 0.2351326181,
    "operatingIncome": 45157000,
    "operatingIncomeRatio": 0.1563407735,
    "totalOtherIncomeExpensesNet": 2633000,
    "incomeBeforeTax": 47790000,
    "incomeBeforeTaxRatio": 0.1654566416,
    "incomeTaxExpense": 1000000,
    "netIncome": 46790000,
    "netIncomeRatio": 0.1619944813,
    "eps": 1.2,
    "epsdiluted": 1.15,
    "weightedAverageShsOut": 39076000,
    "weightedAverageShsOutDil": 40736000,
    "link": "https://www.sec.gov/Archives/edgar/data/860731/000086073120000008/0000860731-20-000008-index.htm",
    "finalLink": "https://www.sec.gov/Archives/edgar/data/860731/000086073120000008/tyl12312019-10k.htm"
  },
  {
    "date": "2019-09-30",
    "symbol": "TYL",
    "reportedCurrency": "USD",
    "cik": "0000860731",
    "fillingDate": "2019-10-30",
    "acceptedDate": "2019-10-30 16:41:08",
    "calendarYear": "2019",
    "period": "Q3",
    "revenue": 275400000,
    "costOfRevenue": 150329000,
    "grossProfit": 125071000,
    "grossProfitRatio": 0.4541430646,
    "researchAndDevelopmentExpenses": 21130000,
    "generalAndAdministrativeExpenses": 0,
    "sellingAndMarketingExpenses": 0,
    "sellingGeneralAndAdministrativeExpenses": 63888000,
    "otherExpenses": 0,
    "operatingExpenses": 85018000,
    "costAndExpenses": 235347000,
    "interestIncome": 499000,
    "interestExpense": 0,
    "depreciationAndAmortization": 19803000,
    "ebitda": 60355000,
    "ebitdaratio": 0.2191539579,
    "operatingIncome": 40053000,
    "operatingIncomeRatio": 0.1454357298,
    "totalOtherIncomeExpensesNet": 499000,
    "incomeBeforeTax": 40552000,
    "incomeBeforeTaxRatio": 0.1472476398,
    "incomeTaxExpense": 162000,
    "netIncome": 40390000,
    "netIncomeRatio": 0.1466594045,
    "eps": 1.04,
    "epsdiluted": 1,
    "weightedAverageShsOut": 38765000,
    "weightedAverageShsOutDil": 40280000,
    "link": "https://www.sec.gov/Archives/edgar/data/860731/000086073119000047/0000860731-19-000047-index.htm",
    "finalLink": "https://www.sec.gov/Archives/edgar/data/860731/000086073119000047/tyl930201910q-document.htm"
  },
  {
    "date": "2019-06-30",
    "symbol": "TYL",
    "reportedCurrency": "USD",
    "cik": "0000860731",
    "fillingDate": "2019-08-02",
    "acceptedDate": "2019-08-02 16:21:41",
    "calendarYear": "2019",
    "period": "Q2",
    "revenue": 275124000,
    "costOfRevenue": 152530000,
    "grossProfit": 122594000,
    "grossProfitRatio": 0.4455954406,
    "researchAndDevelopmentExpenses": 20101000,
    "generalAndAdministrativeExpenses": 0,
    "sellingAndMarketingExpenses": 0,
    "sellingGeneralAndAdministrativeExpenses": 65827000,
    "otherExpenses": 0,
    "operatingExpenses": 85928000,
    "costAndExpenses": 238458000,
    "interestIncome": 0,
    "interestExpense": 247000,
    "depreciationAndAmortization": 19436000,
    "ebitda": 56102000,
    "ebitdaratio": 0.2039153255,
    "operatingIncome": 36666000,
    "operatingIncomeRatio": 0.1332708161,
    "totalOtherIncomeExpensesNet": -247000,
    "incomeBeforeTax": 36419000,
    "incomeBeforeTaxRatio": 0.1323730391,
    "incomeTaxExpense": 4420000,
    "netIncome": 31999000,
    "netIncomeRatio": 0.1163075559,
    "eps": 0.83,
    "epsdiluted": 0.8,
    "weightedAverageShsOut": 38402000,
    "weightedAverageShsOutDil": 39813000,
    "link": "https://www.sec.gov/Archives/edgar/data/860731/000086073119000027/0000860731-19-000027-index.htm",
    "finalLink": "https://www.sec.gov/Archives/edgar/data/860731/000086073119000027/tyl630201910q-document.htm"
  },
  {
    "date": "2019-03-31",
    "symbol": "TYL",
    "reportedCurrency": "USD",
    "cik": "0000860731",
    "fillingDate": "2019-05-08",
    "acceptedDate": "2019-05-08 16:45:02",
    "calendarYear": "2019",
    "period": "Q1",
    "revenue": 247066000,
    "costOfRevenue": 135868000,
    "grossProfit": 111198000,
    "grossProfitRatio": 0.4500740693,
    "researchAndDevelopmentExpenses": 18941000,
    "generalAndAdministrativeExpenses": 0,
    "sellingAndMarketingExpenses": 0,
    "sellingGeneralAndAdministrativeExpenses": 57766000,
    "otherExpenses": 0,
    "operatingExpenses": 76707000,
    "costAndExpenses": 212575000,
    "interestIncome": 586000,
    "interestExpense": 0,
    "depreciationAndAmortization": 17308000,
    "ebitda": 52385000,
    "ebitdaratio": 0.2120283649,
    "operatingIncome": 34491000,
    "operatingIncomeRatio": 0.1396023735,
    "totalOtherIncomeExpensesNet": 586000,
    "incomeBeforeTax": 35077000,
    "incomeBeforeTaxRatio": 0.1419742093,
    "incomeTaxExpense": 7729000,
    "netIncome": 27348000,
    "netIncomeRatio": 0.1106910704,
    "eps": 0.71,
    "epsdiluted": 0.69,
    "weightedAverageShsOut": 38308000,
    "weightedAverageShsOutDil": 39585000,
    "link": "https://www.sec.gov/Archives/edgar/data/860731/000086073119000020/0000860731-19-000020-index.htm",
    "finalLink": "https://www.sec.gov/Archives/edgar/data/860731/000086073119000020/tyl331201910q-document.htm"
  },
  {
    "date": "2018-12-31",
    "symbol": "TYL",
    "reportedCurrency": "USD",
    "cik": "0000860731",
    "fillingDate": "2019-02-20",
    "acceptedDate": "2019-02-20 16:43:24",
    "calendarYear": "2018",
    "period": "Q4",
    "revenue": 241981000,
    "costOfRevenue": 130585000,
    "grossProfit": 111396000,
    "grossProfitRatio": 0.4603501928,
    "researchAndDevelopmentExpenses": 17335000,
    "generalAndAdministrativeExpenses": 0,
    "sellingAndMarketingExpenses": 0,
    "sellingGeneralAndAdministrativeExpenses": 55134000,
    "otherExpenses": 0,
    "operatingExpenses": 72469000,
    "costAndExpenses": 203054000,
    "interestIncome": 1180000,
    "interestExpense": 0,
    "depreciationAndAmortization": 16132000,
    "ebitda": 56239000,
    "ebitdaratio": 0.2324108091,
    "operatingIncome": 38927000,
    "operatingIncomeRatio": 0.160868002,
    "totalOtherIncomeExpensesNet": 1180000,
    "incomeBeforeTax": 40107000,
    "incomeBeforeTaxRatio": 0.165744418,
    "incomeTaxExpense": 8555000,
    "netIncome": 31552000,
    "netIncomeRatio": 0.1303904026,
    "eps": 0.82,
    "epsdiluted": 0.79,
    "weightedAverageShsOut": 38614000,
    "weightedAverageShsOutDil": 39891000,
    "link": "https://www.sec.gov/Archives/edgar/data/860731/000086073119000009/0000860731-19-000009-index.htm",
    "finalLink": "https://www.sec.gov/Archives/edgar/data/860731/000086073119000009/tyl12312018-10k.htm"
  },
  {
    "date": "2018-09-30",
    "symbol": "TYL",
    "reportedCurrency": "USD",
    "cik": "0000860731",
    "fillingDate": "2018-10-31",
    "acceptedDate": "2018-10-31 16:34:30",
    "calendarYear": "2018",
    "period": "Q3",
    "revenue": 236067000,
    "costOfRevenue": 128827000,
    "grossProfit": 107240000,
    "grossProfitRatio": 0.454277811,
    "researchAndDevelopmentExpenses": 17050000,
    "generalAndAdministrativeExpenses": 0,
    "sellingAndMarketingExpenses": 0,
    "sellingGeneralAndAdministrativeExpenses": 52605000,
    "otherExpenses": 0,
    "operatingExpenses": 69655000,
    "costAndExpenses": 198482000,
    "interestIncome": 0,
    "interestExpense": 0,
    "depreciationAndAmortization": 15978000,
    "ebitda": 54604000,
    "ebitdaratio": 0.2313072136,
    "operatingIncome": 37585000,
    "operatingIncomeRatio": 0.1592132742,
    "totalOtherIncomeExpensesNet": 1041000,
    "incomeBeforeTax": 38626000,
    "incomeBeforeTaxRatio": 0.1636230392,
    "incomeTaxExpense": -298000,
    "netIncome": 38924000,
    "netIncomeRatio": 0.1648853927,
    "eps": 1,
    "epsdiluted": 0.96,
    "weightedAverageShsOut": 38761000,
    "weightedAverageShsOutDil": 40528000,
    "link": "https://www.sec.gov/Archives/edgar/data/860731/000086073118000043/0000860731-18-000043-index.htm",
    "finalLink": "https://www.sec.gov/Archives/edgar/data/860731/000086073118000043/tyl930201810q-document.htm"
  },
  {
    "date": "2018-06-30",
    "symbol": "TYL",
    "reportedCurrency": "USD",
    "cik": "0000860731",
    "fillingDate": "2018-08-01",
    "acceptedDate": "2018-08-01 16:38:21",
    "calendarYear": "2018",
    "period": "Q2",
    "revenue": 236060000,
    "costOfRevenue": 130824999,
    "grossProfit": 105235000,
    "grossProfitRatio": 0.4457976786,
    "researchAndDevelopmentExpenses": 15831000,
    "generalAndAdministrativeExpenses": 0,
    "sellingAndMarketingExpenses": 0,
    "sellingGeneralAndAdministrativeExpenses": 52262000,
    "otherExpenses": 0,
    "operatingExpenses": 68093000,
    "costAndExpenses": 198918000,
    "interestIncome": 558000,
    "interestExpense": 0,
    "depreciationAndAmortization": 15537000,
    "ebitda": 53237000,
    "ebitdaratio": 0.2255231721,
    "operatingIncome": 37142000,
    "operatingIncomeRatio": 0.1573413539,
    "totalOtherIncomeExpensesNet": 558000,
    "incomeBeforeTax": 37700000,
    "incomeBeforeTaxRatio": 0.1597051597,
    "incomeTaxExpense": -1461000,
    "netIncome": 39161000,
    "netIncomeRatio": 0.1658942642,
    "eps": 1.02,
    "epsdiluted": 0.97,
    "weightedAverageShsOut": 38390000,
    "weightedAverageShsOutDil": 40224000,
    "link": "https://www.sec.gov/Archives/edgar/data/860731/000086073118000034/0000860731-18-000034-index.htm",
    "finalLink": "https://www.sec.gov/Archives/edgar/data/860731/000086073118000034/tyl630201810q-document.htm"
  },
  {
    "date": "2018-03-31",
    "symbol": "TYL",
    "reportedCurrency": "USD",
    "cik": "0000860731",
    "fillingDate": "2018-05-10",
    "acceptedDate": "2018-05-10 16:13:37",
    "calendarYear": "2018",
    "period": "Q1",
    "revenue": 221174000,
    "costOfRevenue": 121684000,
    "grossProfit": 99490000,
    "grossProfitRatio": 0.4498268332,
    "researchAndDevelopmentExpenses": 13048000,
    "generalAndAdministrativeExpenses": 0,
    "sellingAndMarketingExpenses": 0,
    "sellingGeneralAndAdministrativeExpenses": 47604000,
    "otherExpenses": 0,
    "operatingExpenses": 60652000,
    "costAndExpenses": 182336000,
    "interestIncome": 599000,
    "interestExpense": 0,
    "depreciationAndAmortization": 14112000,
    "ebitda": 53549000,
    "ebitdaratio": 0.2421125449,
    "operatingIncome": 38838000,
    "operatingIncomeRatio": 0.1755993019,
    "totalOtherIncomeExpensesNet": 599000,
    "incomeBeforeTax": 39437000,
    "incomeBeforeTaxRatio": 0.1783075768,
    "incomeTaxExpense": 1612000,
    "netIncome": 37825000,
    "netIncomeRatio": 0.1710191976,
    "eps": 1,
    "epsdiluted": 0.95,
    "weightedAverageShsOut": 38002000,
    "weightedAverageShsOutDil": 39836000,
    "link": "https://www.sec.gov/Archives/edgar/data/860731/000086073118000024/0000860731-18-000024-index.htm",
    "finalLink": "https://www.sec.gov/Archives/edgar/data/860731/000086073118000024/tyl331201810q-document.htm"
  },
  {
    "date": "2017-12-31",
    "symbol": "TYL",
    "reportedCurrency": "USD",
    "cik": "0000860731",
    "fillingDate": "2018-02-21",
    "acceptedDate": "2018-02-21 16:45:40",
    "calendarYear": "2017",
    "period": "Q4",
    "revenue": 217851000,
    "costOfRevenue": 115716000,
    "grossProfit": 101985000,
    "grossProfitRatio": 0.4681410689,
    "researchAndDevelopmentExpenses": 12017000,
    "generalAndAdministrativeExpenses": 0,
    "sellingAndMarketingExpenses": 0,
    "sellingGeneralAndAdministrativeExpenses": 45621000,
    "otherExpenses": 0,
    "operatingExpenses": 57638000,
    "costAndExpenses": 173354000,
    "interestIncome": 914000,
    "interestExpense": 0,
    "depreciationAndAmortization": 13829000,
    "ebitda": 58861000,
    "ebitdaratio": 0.2701892578,
    "operatingIncome": 44347000,
    "operatingIncomeRatio": 0.2035657399,
    "totalOtherIncomeExpensesNet": 914000,
    "incomeBeforeTax": 45173000,
    "incomeBeforeTaxRatio": 0.2073573222,
    "incomeTaxExpense": -16625000,
    "netIncome": 61798000,
    "netIncomeRatio": 0.2836709494,
    "eps": 1.64,
    "epsdiluted": 1.56,
    "weightedAverageShsOut": 37694000,
    "weightedAverageShsOutDil": 39499000,
    "link": "https://www.sec.gov/Archives/edgar/data/860731/000086073118000011/0000860731-18-000011-index.htm",
    "finalLink": "https://www.sec.gov/Archives/edgar/data/860731/000086073118000011/tyl12312017-10k.htm"
  },
  {
    "date": "2017-09-30",
    "symbol": "TYL",
    "reportedCurrency": "USD",
    "cik": "0000860731",
    "fillingDate": "2017-10-25",
    "acceptedDate": "2017-10-25 16:28:45",
    "calendarYear": "2017",
    "period": "Q3",
    "revenue": 214146000,
    "costOfRevenue": 114077000,
    "grossProfit": 100629000,
    "grossProfitRatio": 0.4699083803,
    "researchAndDevelopmentExpenses": 11834000,
    "generalAndAdministrativeExpenses": 0,
    "sellingAndMarketingExpenses": 0,
    "sellingGeneralAndAdministrativeExpenses": 44513000,
    "otherExpenses": 0,
    "operatingExpenses": 56347000,
    "costAndExpenses": 170424000,
    "interestIncome": 0,
    "interestExpense": 0,
    "depreciationAndAmortization": 13730000,
    "ebitda": 57955000,
    "ebitdaratio": 0.2706331195,
    "operatingIncome": 44282000,
    "operatingIncomeRatio": 0.2067841566,
    "totalOtherIncomeExpensesNet": 75000,
    "incomeBeforeTax": 43522000,
    "incomeBeforeTaxRatio": 0.203235176,
    "incomeTaxExpense": 5259000,
    "netIncome": 38263000,
    "netIncomeRatio": 0.1786771642,
    "eps": 1.04,
    "epsdiluted": 0.99,
    "weightedAverageShsOut": 37391000,
    "weightedAverageShsOutDil": 39342000,
    "link": "https://www.sec.gov/Archives/edgar/data/860731/000086073117000033/0000860731-17-000033-index.htm",
    "finalLink": "https://www.sec.gov/Archives/edgar/data/860731/000086073117000033/tyl9302017q3-document.htm"
  },
  {
    "date": "2017-06-30",
    "symbol": "TYL",
    "reportedCurrency": "USD",
    "cik": "0000860731",
    "fillingDate": "2017-07-26",
    "acceptedDate": "2017-07-26 16:31:33",
    "calendarYear": "2017",
    "period": "Q2",
    "revenue": 209123000,
    "costOfRevenue": 116591000,
    "grossProfit": 92172000,
    "grossProfitRatio": 0.4407549624,
    "researchAndDevelopmentExpenses": 11874000,
    "generalAndAdministrativeExpenses": 0,
    "sellingAndMarketingExpenses": 0,
    "sellingGeneralAndAdministrativeExpenses": 43000000,
    "otherExpenses": 0,
    "operatingExpenses": 54874000,
    "costAndExpenses": 171465000,
    "interestIncome": 0,
    "interestExpense": 101000,
    "depreciationAndAmortization": 13267000,
    "ebitda": 50433000,
    "ebitdaratio": 0.2411642909,
    "operatingIncome": 37298000,
    "operatingIncomeRatio": 0.1783543656,
    "totalOtherIncomeExpensesNet": -101000,
    "incomeBeforeTax": 36974000,
    "incomeBeforeTaxRatio": 0.1768050382,
    "incomeTaxExpense": 5396000,
    "netIncome": 31578000,
    "netIncomeRatio": 0.1510020419,
    "eps": 0.86,
    "epsdiluted": 0.81,
    "weightedAverageShsOut": 37154000,
    "weightedAverageShsOutDil": 39201000,
    "link": "https://www.sec.gov/Archives/edgar/data/860731/000086073117000027/0000860731-17-000027-index.htm",
    "finalLink": "https://www.sec.gov/Archives/edgar/data/860731/000086073117000027/tyl6302017q2-document.htm"
  },
  {
    "date": "2017-03-31",
    "symbol": "TYL",
    "reportedCurrency": "USD",
    "cik": "0000860731",
    "fillingDate": "2017-04-26",
    "acceptedDate": "2017-04-26 16:49:39",
    "calendarYear": "2017",
    "period": "Q1",
    "revenue": 199542000,
    "costOfRevenue": 108652000,
    "grossProfit": 90890000,
    "grossProfitRatio": 0.4554930792,
    "researchAndDevelopmentExpenses": 11599000,
    "generalAndAdministrativeExpenses": 0,
    "sellingAndMarketingExpenses": 0,
    "sellingGeneralAndAdministrativeExpenses": 43142000,
    "otherExpenses": 0,
    "operatingExpenses": 54741000,
    "costAndExpenses": 163393000,
    "interestIncome": 0,
    "interestExpense": 190000,
    "depreciationAndAmortization": 13099000,
    "ebitda": 49248000,
    "ebitdaratio": 0.2468051839,
    "operatingIncome": 36149000,
    "operatingIncomeRatio": 0.1811598561,
    "totalOtherIncomeExpensesNet": -190000,
    "incomeBeforeTax": 35959000,
    "incomeBeforeTaxRatio": 0.1802076756,
    "incomeTaxExpense": 3653000,
    "netIncome": 32306000,
    "netIncomeRatio": 0.1619007527,
    "eps": 0.89,
    "epsdiluted": 0.84,
    "weightedAverageShsOut": 36845000,
    "weightedAverageShsOutDil": 38932000,
    "link": "https://www.sec.gov/Archives/edgar/data/860731/000086073117000019/0000860731-17-000019-index.htm",
    "finalLink": "https://www.sec.gov/Archives/edgar/data/860731/000086073117000019/tyl3312017q1-document.htm"
  },
  {
    "date": "2016-12-31",
    "symbol": "TYL",
    "reportedCurrency": "USD",
    "cik": "0000860731",
    "fillingDate": "2017-02-22",
    "acceptedDate": "2017-02-22 16:17:30",
    "calendarYear": "2016",
    "period": "Q4",
    "revenue": 193281000,
    "costOfRevenue": 103922000,
    "grossProfit": 89359000,
    "grossProfitRatio": 0.4623268712,
    "researchAndDevelopmentExpenses": 11793000,
    "generalAndAdministrativeExpenses": 0,
    "sellingAndMarketingExpenses": 0,
    "sellingGeneralAndAdministrativeExpenses": 42162000,
    "otherExpenses": 0,
    "operatingExpenses": 53955000,
    "costAndExpenses": 157877000,
    "interestIncome": 0,
    "interestExpense": 285000,
    "depreciationAndAmortization": 12780000,
    "ebitda": 48184000,
    "ebitdaratio": 0.2492950678,
    "operatingIncome": 35404000,
    "operatingIncomeRatio": 0.1831737212,
    "totalOtherIncomeExpensesNet": -285000,
    "incomeBeforeTax": 35119000,
    "incomeBeforeTaxRatio": 0.1816991841,
    "incomeTaxExpense": 3923000,
    "netIncome": 31196000,
    "netIncomeRatio": 0.1614023106,
    "eps": 0.85,
    "epsdiluted": 0.8,
    "weightedAverageShsOut": 36653000,
    "weightedAverageShsOutDil": 38975000,
    "link": "https://www.sec.gov/Archives/edgar/data/860731/000086073117000006/0000860731-17-000006-index.htm",
    "finalLink": "https://www.sec.gov/Archives/edgar/data/860731/000086073117000006/tyl12312016-10k.htm"
  },
  {
    "date": "2016-09-30",
    "symbol": "TYL",
    "reportedCurrency": "USD",
    "cik": "0000860731",
    "fillingDate": "2016-10-26",
    "acceptedDate": "2016-10-26 16:49:07",
    "calendarYear": "2016",
    "period": "Q3",
    "revenue": 194497000,
    "costOfRevenue": 104475000,
    "grossProfit": 90022000,
    "grossProfitRatio": 0.4628451853,
    "researchAndDevelopmentExpenses": 11070000,
    "generalAndAdministrativeExpenses": 0,
    "sellingAndMarketingExpenses": 0,
    "sellingGeneralAndAdministrativeExpenses": 42007000,
    "otherExpenses": 0,
    "operatingExpenses": 53077000,
    "costAndExpenses": 157552000,
    "interestIncome": 0,
    "interestExpense": 526000,
    "depreciationAndAmortization": 12671000,
    "ebitda": 49616000,
    "ebitdaratio": 0.2550990504,
    "operatingIncome": 36945000,
    "operatingIncomeRatio": 0.189951516,
    "totalOtherIncomeExpensesNet": -526000,
    "incomeBeforeTax": 36419000,
    "incomeBeforeTaxRatio": 0.1872471041,
    "incomeTaxExpense": 14155000,
    "netIncome": 22264000,
    "netIncomeRatio": 0.1144696319,
    "eps": 0.97,
    "epsdiluted": 0.91,
    "weightedAverageShsOut": 36433000,
    "weightedAverageShsOutDil": 39062000,
    "link": "https://www.sec.gov/Archives/edgar/data/860731/000156459016026222/0001564590-16-026222-index.htm",
    "finalLink": "https://www.sec.gov/Archives/edgar/data/860731/000156459016026222/tyl-10q_20160930.htm"
  },
  {
    "date": "2016-06-30",
    "symbol": "TYL",
    "reportedCurrency": "USD",
    "cik": "0000860731",
    "fillingDate": "2016-07-28",
    "acceptedDate": "2016-07-27 17:48:01",
    "calendarYear": "2016",
    "period": "Q2",
    "revenue": 188972000,
    "costOfRevenue": 102036000,
    "grossProfit": 86936000,
    "grossProfitRatio": 0.4600469911,
    "researchAndDevelopmentExpenses": 10336000,
    "generalAndAdministrativeExpenses": 0,
    "sellingAndMarketingExpenses": 0,
    "sellingGeneralAndAdministrativeExpenses": 42232000,
    "otherExpenses": -720000,
    "operatingExpenses": 56021000,
    "costAndExpenses": 158057000,
    "interestIncome": 0,
    "interestExpense": 0,
    "depreciationAndAmortization": 12674000,
    "ebitda": 30915000,
    "ebitdaratio": 0.163595665,
    "operatingIncome": 30915000,
    "operatingIncomeRatio": 0.163595665,
    "totalOtherIncomeExpensesNet": -720000,
    "incomeBeforeTax": 30195000,
    "incomeBeforeTaxRatio": 0.1597855767,
    "incomeTaxExpense": 11323000,
    "netIncome": 18872000,
    "netIncomeRatio": 0.0998666469,
    "eps": 0.69,
    "epsdiluted": 0.65,
    "weightedAverageShsOut": 36160000,
    "weightedAverageShsOutDil": 38739000,
    "link": "https://www.sec.gov/Archives/edgar/data/860731/000156459016021582/0001564590-16-021582-index.htm",
    "finalLink": "https://www.sec.gov/Archives/edgar/data/860731/000156459016021582/tyl-10q_20160630.htm"
  },
  {
    "date": "2016-03-31",
    "symbol": "TYL",
    "reportedCurrency": "USD",
    "cik": "0000860731",
    "fillingDate": "2016-04-27",
    "acceptedDate": "2016-04-27 16:48:34",
    "calendarYear": "2016",
    "period": "Q1",
    "revenue": 179293000,
    "costOfRevenue": 97175000,
    "grossProfit": 82118000,
    "grossProfitRatio": 0.4580100729,
    "researchAndDevelopmentExpenses": 9956000,
    "generalAndAdministrativeExpenses": 0,
    "sellingAndMarketingExpenses": 0,
    "sellingGeneralAndAdministrativeExpenses": 40759000,
    "otherExpenses": -467000,
    "operatingExpenses": 54077000,
    "costAndExpenses": 151252000,
    "interestIncome": 0,
    "interestExpense": 0,
    "depreciationAndAmortization": 12176000,
    "ebitda": 28041000,
    "ebitdaratio": 0.1563976285,
    "operatingIncome": 28041000,
    "operatingIncomeRatio": 0.1563976285,
    "totalOtherIncomeExpensesNet": -467000,
    "incomeBeforeTax": 27574000,
    "incomeBeforeTaxRatio": 0.1537929534,
    "incomeTaxExpense": 10495000,
    "netIncome": 17079000,
    "netIncomeRatio": 0.0952574836,
    "eps": 0.5,
    "epsdiluted": 0.47,
    "weightedAverageShsOut": 36549000,
    "weightedAverageShsOutDil": 39071000,
    "link": "https://www.sec.gov/Archives/edgar/data/860731/000156459016016779/0001564590-16-016779-index.htm",
    "finalLink": "https://www.sec.gov/Archives/edgar/data/860731/000156459016016779/tyl-10q_20160331.htm"
  },
  {
    "date": "2015-12-31",
    "symbol": "TYL",
    "reportedCurrency": "USD",
    "cik": "0000860731",
    "fillingDate": "2016-02-24",
    "acceptedDate": "2016-02-24 12:20:57",
    "calendarYear": "2015",
    "period": "Q4",
    "revenue": 158916000,
    "costOfRevenue": 85694000,
    "grossProfit": 73222000,
    "grossProfitRatio": 0.4607591432,
    "researchAndDevelopmentExpenses": 8615000,
    "generalAndAdministrativeExpenses": 0,
    "sellingAndMarketingExpenses": 0,
    "sellingGeneralAndAdministrativeExpenses": 42507000,
    "otherExpenses": -240000,
    "operatingExpenses": 53442000,
    "costAndExpenses": 139136000,
    "interestIncome": 0,
    "interestExpense": 0,
    "depreciationAndAmortization": 7988000,
    "ebitda": 27768000,
    "ebitdaratio": 0.1747338216,
    "operatingIncome": 19780000,
    "operatingIncomeRatio": 0.1244682725,
    "totalOtherIncomeExpensesNet": -240000,
    "incomeBeforeTax": 19540000,
    "incomeBeforeTaxRatio": 0.1229580407,
    "incomeTaxExpense": 10922000,
    "netIncome": 8618000,
    "netIncomeRatio": 0.0542299076,
    "eps": 0.24,
    "epsdiluted": 0.23,
    "weightedAverageShsOut": 35334000,
    "weightedAverageShsOutDil": 37864000,
    "link": "https://www.sec.gov/Archives/edgar/data/860731/000156459016013137/0001564590-16-013137-index.htm",
    "finalLink": "https://www.sec.gov/Archives/edgar/data/860731/000156459016013137/tyl-10k_20151231.htm"
  },
  {
    "date": "2015-09-30",
    "symbol": "TYL",
    "reportedCurrency": "USD",
    "cik": "0000860731",
    "fillingDate": "2015-10-21",
    "acceptedDate": "2015-10-21 16:38:43",
    "calendarYear": "2015",
    "period": "Q3",
    "revenue": 150845000,
    "costOfRevenue": 79012000,
    "grossProfit": 71833000,
    "grossProfitRatio": 0.4762040505,
    "researchAndDevelopmentExpenses": 7193000,
    "generalAndAdministrativeExpenses": 0,
    "sellingAndMarketingExpenses": 0,
    "sellingGeneralAndAdministrativeExpenses": 31869000,
    "otherExpenses": 255000,
    "operatingExpenses": 40344000,
    "costAndExpenses": 119356000,
    "interestIncome": 0,
    "interestExpense": 0,
    "depreciationAndAmortization": 4102000,
    "ebitda": 31489000,
    "ebitdaratio": 0.2087507044,
    "operatingIncome": 31489000,
    "operatingIncomeRatio": 0.2087507044,
    "totalOtherIncomeExpensesNet": 255000,
    "incomeBeforeTax": 31744000,
    "incomeBeforeTaxRatio": 0.2104411813,
    "incomeTaxExpense": 11602000,
    "netIncome": 20142000,
    "netIncomeRatio": 0.1335277934,
    "eps": 0.59,
    "epsdiluted": 0.55,
    "weightedAverageShsOut": 33900000,
    "weightedAverageShsOutDil": 36349000,
    "link": "https://www.sec.gov/Archives/edgar/data/860731/000156459015008522/0001564590-15-008522-index.htm",
    "finalLink": "https://www.sec.gov/Archives/edgar/data/860731/000156459015008522/tyl-10q_20150930.htm"
  },
  {
    "date": "2015-06-30",
    "symbol": "TYL",
    "reportedCurrency": "USD",
    "cik": "0000860731",
    "fillingDate": "2015-07-22",
    "acceptedDate": "2015-07-22 16:33:19",
    "calendarYear": "2015",
    "period": "Q2",
    "revenue": 146295000,
    "costOfRevenue": 78042000,
    "grossProfit": 68253000,
    "grossProfitRatio": 0.4665436276,
    "researchAndDevelopmentExpenses": 7110000,
    "generalAndAdministrativeExpenses": 0,
    "sellingAndMarketingExpenses": 0,
    "sellingGeneralAndAdministrativeExpenses": 30396000,
    "otherExpenses": 185000,
    "operatingExpenses": 38657000,
    "costAndExpenses": 116699000,
    "interestIncome": 0,
    "interestExpense": 0,
    "depreciationAndAmortization": 3771000,
    "ebitda": 29596000,
    "ebitdaratio": 0.2023035647,
    "operatingIncome": 29596000,
    "operatingIncomeRatio": 0.2023035647,
    "totalOtherIncomeExpensesNet": 185000,
    "incomeBeforeTax": 29781000,
    "incomeBeforeTaxRatio": 0.2035681329,
    "incomeTaxExpense": 10945000,
    "netIncome": 18836000,
    "netIncomeRatio": 0.1287535459,
    "eps": 0.56,
    "epsdiluted": 0.52,
    "weightedAverageShsOut": 33751000,
    "weightedAverageShsOutDil": 36097000,
    "link": "https://www.sec.gov/Archives/edgar/data/860731/000156459015005577/0001564590-15-005577-index.htm",
    "finalLink": "https://www.sec.gov/Archives/edgar/data/860731/000156459015005577/tyl-10q_20150630.htm"
  },
  {
    "date": "2015-03-31",
    "symbol": "TYL",
    "reportedCurrency": "USD",
    "cik": "0000860731",
    "fillingDate": "2015-04-22",
    "acceptedDate": "2015-04-22 16:50:36",
    "calendarYear": "2015",
    "period": "Q1",
    "revenue": 134966000,
    "costOfRevenue": 71087000,
    "grossProfit": 63879000,
    "grossProfitRatio": 0.4732969785,
    "researchAndDevelopmentExpenses": 7004000,
    "generalAndAdministrativeExpenses": 0,
    "sellingAndMarketingExpenses": 0,
    "sellingGeneralAndAdministrativeExpenses": 28545000,
    "otherExpenses": 181000,
    "operatingExpenses": 36701000,
    "costAndExpenses": 107788000,
    "interestIncome": 0,
    "interestExpense": 0,
    "depreciationAndAmortization": 3713000,
    "ebitda": 27178000,
    "ebitdaratio": 0.2013692337,
    "operatingIncome": 27178000,
    "operatingIncomeRatio": 0.2013692337,
    "totalOtherIncomeExpensesNet": 181000,
    "incomeBeforeTax": 27359000,
    "incomeBeforeTaxRatio": 0.2027103122,
    "incomeTaxExpense": 10086000,
    "netIncome": 17273000,
    "netIncomeRatio": 0.1279803802,
    "eps": 0.51,
    "epsdiluted": 0.48,
    "weightedAverageShsOut": 33562000,
    "weightedAverageShsOutDil": 35895000,
    "link": "https://www.sec.gov/Archives/edgar/data/860731/000156459015002772/0001564590-15-002772-index.htm",
    "finalLink": "https://www.sec.gov/Archives/edgar/data/860731/000156459015002772/tyl-10q_20150331.htm"
  },
  {
    "date": "2014-12-31",
    "symbol": "TYL",
    "reportedCurrency": "USD",
    "cik": "0000860731",
    "fillingDate": "2015-02-18",
    "acceptedDate": "2015-02-18 11:58:43",
    "calendarYear": "2014",
    "period": "Q4",
    "revenue": 127440000,
    "costOfRevenue": 66949000,
    "grossProfit": 60491000,
    "grossProfitRatio": 0.4746625863,
    "researchAndDevelopmentExpenses": 6615000,
    "generalAndAdministrativeExpenses": 0,
    "sellingAndMarketingExpenses": 0,
    "sellingGeneralAndAdministrativeExpenses": 28130000,
    "otherExpenses": 167000,
    "operatingExpenses": 35898000,
    "costAndExpenses": 102847000,
    "interestIncome": 0,
    "interestExpense": 0,
    "depreciationAndAmortization": 3669000,
    "ebitda": 27777000,
    "ebitdaratio": 0.2179613936,
    "operatingIncome": 24593000,
    "operatingIncomeRatio": 0.1929770873,
    "totalOtherIncomeExpensesNet": 167000,
    "incomeBeforeTax": 24760000,
    "incomeBeforeTaxRatio": 0.1942875078,
    "incomeTaxExpense": 9443000,
    "netIncome": 15317000,
    "netIncomeRatio": 0.1201898933,
    "eps": 0.46,
    "epsdiluted": 0.43,
    "weightedAverageShsOut": 33275000,
    "weightedAverageShsOutDil": 35661000,
    "link": "https://www.sec.gov/Archives/edgar/data/860731/000156459015000744/0001564590-15-000744-index.htm",
    "finalLink": "https://www.sec.gov/Archives/edgar/data/860731/000156459015000744/tyl-10k_20141231.htm"
  },
  {
    "date": "2014-09-30",
    "symbol": "TYL",
    "reportedCurrency": "USD",
    "cik": "0000860731",
    "fillingDate": "2014-10-22",
    "acceptedDate": "2014-10-22 16:26:16",
    "calendarYear": "2014",
    "period": "Q3",
    "revenue": 128664000,
    "costOfRevenue": 66872000,
    "grossProfit": 61792000,
    "grossProfitRatio": 0.4802586582,
    "researchAndDevelopmentExpenses": 6567000,
    "generalAndAdministrativeExpenses": 0,
    "sellingAndMarketingExpenses": 0,
    "sellingGeneralAndAdministrativeExpenses": 27344000,
    "otherExpenses": -47000,
    "operatingExpenses": 35047000,
    "costAndExpenses": 101919000,
    "interestIncome": 0,
    "interestExpense": 0,
    "depreciationAndAmortization": 3655000,
    "ebitda": 26745000,
    "ebitdaratio": 0.2078670024,
    "operatingIncome": 26745000,
    "operatingIncomeRatio": 0.2078670024,
    "totalOtherIncomeExpensesNet": -47000,
    "incomeBeforeTax": 26698000,
    "incomeBeforeTaxRatio": 0.2075017099,
    "incomeTaxExpense": 9698000,
    "netIncome": 17000000,
    "netIncomeRatio": 0.1321270907,
    "eps": 0.52,
    "epsdiluted": 0.48,
    "weightedAverageShsOut": 32935000,
    "weightedAverageShsOutDil": 35284000,
    "link": "https://www.sec.gov/Archives/edgar/data/860731/000119312514378800/0001193125-14-378800-index.htm",
    "finalLink": "https://www.sec.gov/Archives/edgar/data/860731/000119312514378800/d781242d10q.htm"
  },
  {
    "date": "2014-06-30",
    "symbol": "TYL",
    "reportedCurrency": "USD",
    "cik": "0000860731",
    "fillingDate": "2014-07-23",
    "acceptedDate": "2014-07-23 17:21:55",
    "calendarYear": "2014",
    "period": "Q2",
    "revenue": 124371000,
    "costOfRevenue": 65813000,
    "grossProfit": 58558000,
    "grossProfitRatio": 0.4708332328,
    "researchAndDevelopmentExpenses": 6389000,
    "generalAndAdministrativeExpenses": 0,
    "sellingAndMarketingExpenses": 0,
    "sellingGeneralAndAdministrativeExpenses": 27419000,
    "otherExpenses": -216000,
    "operatingExpenses": 34936000,
    "costAndExpenses": 100749000,
    "interestIncome": 0,
    "interestExpense": 0,
    "depreciationAndAmortization": 1128000,
    "ebitda": 23622000,
    "ebitdaratio": 0.1899317365,
    "operatingIncome": 23622000,
    "operatingIncomeRatio": 0.1899317365,
    "totalOtherIncomeExpensesNet": -216000,
    "incomeBeforeTax": 23406000,
    "incomeBeforeTaxRatio": 0.1881949972,
    "incomeTaxExpense": 8666000,
    "netIncome": 14740000,
    "netIncomeRatio": 0.1185163744,
    "eps": 0.45,
    "epsdiluted": 0.42,
    "weightedAverageShsOut": 32918000,
    "weightedAverageShsOutDil": 35161000,
    "link": "https://www.sec.gov/Archives/edgar/data/860731/000119312514277264/0001193125-14-277264-index.htm",
    "finalLink": "https://www.sec.gov/Archives/edgar/data/860731/000119312514277264/d735795d10q.htm"
  },
  {
    "date": "2014-03-31",
    "symbol": "TYL",
    "reportedCurrency": "USD",
    "cik": "0000860731",
    "fillingDate": "2014-04-23",
    "acceptedDate": "2014-04-23 16:41:45",
    "calendarYear": "2014",
    "period": "Q1",
    "revenue": 112626000,
    "costOfRevenue": 60096000,
    "grossProfit": 52530000,
    "grossProfitRatio": 0.4664109531,
    "researchAndDevelopmentExpenses": 6172000,
    "generalAndAdministrativeExpenses": 0,
    "sellingAndMarketingExpenses": 0,
    "sellingGeneralAndAdministrativeExpenses": 25367000,
    "otherExpenses": -259000,
    "operatingExpenses": 32668000,
    "costAndExpenses": 92764000,
    "interestIncome": 0,
    "interestExpense": 0,
    "depreciationAndAmortization": 3656000,
    "ebitda": 19862000,
    "ebitdaratio": 0.1763535951,
    "operatingIncome": 19862000,
    "operatingIncomeRatio": 0.1763535951,
    "totalOtherIncomeExpensesNet": -259000,
    "incomeBeforeTax": 19603000,
    "incomeBeforeTaxRatio": 0.1740539485,
    "incomeTaxExpense": 7720000,
    "netIncome": 11883000,
    "netIncomeRatio": 0.1055084971,
    "eps": 0.36,
    "epsdiluted": 0.33,
    "weightedAverageShsOut": 32916000,
    "weightedAverageShsOutDil": 35500000,
    "link": "https://www.sec.gov/Archives/edgar/data/860731/000119312514154914/0001193125-14-154914-index.htm",
    "finalLink": "https://www.sec.gov/Archives/edgar/data/860731/000119312514154914/d693445d10q.htm"
  },
  {
    "date": "2013-12-31",
    "symbol": "TYL",
    "reportedCurrency": "USD",
    "cik": "0000860731",
    "fillingDate": "2014-02-19",
    "acceptedDate": "2014-02-19 12:27:53",
    "calendarYear": "2013",
    "period": "Q4",
    "revenue": 110735000,
    "costOfRevenue": 57968000,
    "grossProfit": 52767000,
    "grossProfitRatio": 0.4765160067,
    "researchAndDevelopmentExpenses": 6095000,
    "generalAndAdministrativeExpenses": 0,
    "sellingAndMarketingExpenses": 0,
    "sellingGeneralAndAdministrativeExpenses": 26091000,
    "otherExpenses": -390000,
    "operatingExpenses": 33315000,
    "costAndExpenses": 91283000,
    "interestIncome": 0,
    "interestExpense": 0,
    "depreciationAndAmortization": 3693000,
    "ebitda": 22652000,
    "ebitdaratio": 0.2045604371,
    "operatingIncome": 19452000,
    "operatingIncomeRatio": 0.175662618,
    "totalOtherIncomeExpensesNet": -390000,
    "incomeBeforeTax": 19062000,
    "incomeBeforeTaxRatio": 0.1721406963,
    "incomeTaxExpense": 8550000,
    "netIncome": 10512000,
    "netIncomeRatio": 0.0949293358,
    "eps": 0.32,
    "epsdiluted": 0.3,
    "weightedAverageShsOut": 32498000,
    "weightedAverageShsOutDil": 35348000,
    "link": "https://www.sec.gov/Archives/edgar/data/860731/000119312514058350/0001193125-14-058350-index.htm",
    "finalLink": "https://www.sec.gov/Archives/edgar/data/860731/000119312514058350/d639171d10k.htm"
  },
  {
    "date": "2013-09-30",
    "symbol": "TYL",
    "reportedCurrency": "USD",
    "cik": "0000860731",
    "fillingDate": "2013-10-24",
    "acceptedDate": "2013-10-23 21:15:48",
    "calendarYear": "2013",
    "period": "Q3",
    "revenue": 107021000,
    "costOfRevenue": 57472000,
    "grossProfit": 49549000,
    "grossProfitRatio": 0.4629839004,
    "researchAndDevelopmentExpenses": 5982000,
    "generalAndAdministrativeExpenses": 0,
    "sellingAndMarketingExpenses": 0,
    "sellingGeneralAndAdministrativeExpenses": 24581000,
    "otherExpenses": -285000,
    "operatingExpenses": 31692000,
    "costAndExpenses": 89164000,
    "interestIncome": 0,
    "interestExpense": 0,
    "depreciationAndAmortization": 3412000,
    "ebitda": 17857000,
    "ebitdaratio": 0.1668551032,
    "operatingIncome": 17857000,
    "operatingIncomeRatio": 0.1668551032,
    "totalOtherIncomeExpensesNet": -285000,
    "incomeBeforeTax": 17572000,
    "incomeBeforeTaxRatio": 0.1641920745,
    "incomeTaxExpense": 6523000,
    "netIncome": 11049000,
    "netIncomeRatio": 0.1032414199,
    "eps": 0.34,
    "epsdiluted": 0.32,
    "weightedAverageShsOut": 32037000,
    "weightedAverageShsOutDil": 34764000,
    "link": "https://www.sec.gov/Archives/edgar/data/860731/000119312513408574/0001193125-13-408574-index.htm",
    "finalLink": "https://www.sec.gov/Archives/edgar/data/860731/000119312513408574/d614613d10q.htm"
  },
  {
    "date": "2013-06-30",
    "symbol": "TYL",
    "reportedCurrency": "USD",
    "cik": "0000860731",
    "fillingDate": "2013-07-25",
    "acceptedDate": "2013-07-24 17:42:53",
    "calendarYear": "2013",
    "period": "Q2",
    "revenue": 103088000,
    "costOfRevenue": 56046000,
    "grossProfit": 47042000,
    "grossProfitRatio": 0.4563285736,
    "researchAndDevelopmentExpenses": 5594000,
    "generalAndAdministrativeExpenses": 0,
    "sellingAndMarketingExpenses": 0,
    "sellingGeneralAndAdministrativeExpenses": 24971000,
    "otherExpenses": -296000,
    "operatingExpenses": 31693000,
    "costAndExpenses": 87739000,
    "interestIncome": 0,
    "interestExpense": 0,
    "depreciationAndAmortization": 3359000,
    "ebitda": 15349000,
    "ebitdaratio": 0.1488922086,
    "operatingIncome": 15349000,
    "operatingIncomeRatio": 0.1488922086,
    "totalOtherIncomeExpensesNet": -296000,
    "incomeBeforeTax": 15053000,
    "incomeBeforeTaxRatio": 0.1460208754,
    "incomeTaxExpense": 6006000,
    "netIncome": 9047000,
    "netIncomeRatio": 0.0877599721,
    "eps": 0.29,
    "epsdiluted": 0.26,
    "weightedAverageShsOut": 31617000,
    "weightedAverageShsOutDil": 34290000,
    "link": "https://www.sec.gov/Archives/edgar/data/860731/000119312513300787/0001193125-13-300787-index.htm",
    "finalLink": "https://www.sec.gov/Archives/edgar/data/860731/000119312513300787/d571162d10q.htm"
  },
  {
    "date": "2013-03-31",
    "symbol": "TYL",
    "reportedCurrency": "USD",
    "cik": "0000860731",
    "fillingDate": "2013-04-25",
    "acceptedDate": "2013-04-24 17:44:18",
    "calendarYear": "2013",
    "period": "Q1",
    "revenue": 95799000,
    "costOfRevenue": 51954000,
    "grossProfit": 43845000,
    "grossProfitRatio": 0.4576770112,
    "researchAndDevelopmentExpenses": 5598000,
    "generalAndAdministrativeExpenses": 0,
    "sellingAndMarketingExpenses": 0,
    "sellingGeneralAndAdministrativeExpenses": 22646000,
    "otherExpenses": -338000,
    "operatingExpenses": 29375000,
    "costAndExpenses": 81329000,
    "interestIncome": 0,
    "interestExpense": 0,
    "depreciationAndAmortization": 3322000,
    "ebitda": 14470000,
    "ebitdaratio": 0.151045418,
    "operatingIncome": 14470000,
    "operatingIncomeRatio": 0.151045418,
    "totalOtherIncomeExpensesNet": -338000,
    "incomeBeforeTax": 14132000,
    "incomeBeforeTaxRatio": 0.1475171975,
    "incomeTaxExpense": 5639000,
    "netIncome": 8493000,
    "netIncomeRatio": 0.0886543701,
    "eps": 0.27,
    "epsdiluted": 0.25,
    "weightedAverageShsOut": 31403000,
    "weightedAverageShsOutDil": 33948000,
    "link": "https://www.sec.gov/Archives/edgar/data/860731/000119312513170848/0001193125-13-170848-index.htm",
    "finalLink": "https://www.sec.gov/Archives/edgar/data/860731/000119312513170848/d525982d10q.htm"
  },
  {
    "date": "2012-12-31",
    "symbol": "TYL",
    "reportedCurrency": "USD",
    "cik": "0000860731",
    "fillingDate": "2013-02-20",
    "acceptedDate": "2013-02-20 16:21:03",
    "calendarYear": "2012",
    "period": "Q4",
    "revenue": 95368000,
    "costOfRevenue": 50728000,
    "grossProfit": 44640000,
    "grossProfitRatio": 0.4680815368,
    "researchAndDevelopmentExpenses": 5365000,
    "generalAndAdministrativeExpenses": 0,
    "sellingAndMarketingExpenses": 0,
    "sellingGeneralAndAdministrativeExpenses": 22763000,
    "otherExpenses": -384000,
    "operatingExpenses": 29221000,
    "costAndExpenses": 79949000,
    "interestIncome": 0,
    "interestExpense": 0,
    "depreciationAndAmortization": 3095000,
    "ebitda": 17996000,
    "ebitdaratio": 0.1887006124,
    "operatingIncome": 15419000,
    "operatingIncomeRatio": 0.1616789699,
    "totalOtherIncomeExpensesNet": -384000,
    "incomeBeforeTax": 15035000,
    "incomeBeforeTaxRatio": 0.157652462,
    "incomeTaxExpense": 5659000,
    "netIncome": 9376000,
    "netIncomeRatio": 0.0983138998,
    "eps": 0.3,
    "epsdiluted": 0.28,
    "weightedAverageShsOut": 30779000,
    "weightedAverageShsOutDil": 33421000,
    "link": "https://www.sec.gov/Archives/edgar/data/860731/000119312513067262/0001193125-13-067262-index.htm",
    "finalLink": "https://www.sec.gov/Archives/edgar/data/860731/000119312513067262/d487966d10k.htm"
  },
  {
    "date": "2012-09-30",
    "symbol": "TYL",
    "reportedCurrency": "USD",
    "cik": "0000860731",
    "fillingDate": "2012-10-25",
    "acceptedDate": "2012-10-24 17:36:02",
    "calendarYear": "2012",
    "period": "Q3",
    "revenue": 93845000,
    "costOfRevenue": 48901000,
    "grossProfit": 44944000,
    "grossProfitRatio": 0.4789173637,
    "researchAndDevelopmentExpenses": 4273000,
    "generalAndAdministrativeExpenses": 0,
    "sellingAndMarketingExpenses": 0,
    "sellingGeneralAndAdministrativeExpenses": 20909000,
    "otherExpenses": 1103000,
    "operatingExpenses": 26285000,
    "costAndExpenses": 75186000,
    "interestIncome": 0,
    "interestExpense": 0,
    "depreciationAndAmortization": 3280000,
    "ebitda": 18659000,
    "ebitdaratio": 0.1988278544,
    "operatingIncome": 18659000,
    "operatingIncomeRatio": 0.1988278544,
    "totalOtherIncomeExpensesNet": -849000,
    "incomeBeforeTax": 17810000,
    "incomeBeforeTaxRatio": 0.1897810219,
    "incomeTaxExpense": 6978000,
    "netIncome": 10832000,
    "netIncomeRatio": 0.11542437,
    "eps": 0.36,
    "epsdiluted": 0.33,
    "weightedAverageShsOut": 30387000,
    "weightedAverageShsOutDil": 32986000,
    "link": "https://www.sec.gov/Archives/edgar/data/860731/000119312512433578/0001193125-12-433578-index.htm",
    "finalLink": "https://www.sec.gov/Archives/edgar/data/860731/000119312512433578/d427503d10q.htm"
  },
  {
    "date": "2012-06-30",
    "symbol": "TYL",
    "reportedCurrency": "USD",
    "cik": "0000860731",
    "fillingDate": "2012-07-26",
    "acceptedDate": "2012-07-25 17:50:25",
    "calendarYear": "2012",
    "period": "Q2",
    "revenue": 91368000,
    "costOfRevenue": 50669000,
    "grossProfit": 40699000,
    "grossProfitRatio": 0.4454404168,
    "researchAndDevelopmentExpenses": 5408000,
    "generalAndAdministrativeExpenses": 0,
    "sellingAndMarketingExpenses": 0,
    "sellingGeneralAndAdministrativeExpenses": 21699000,
    "otherExpenses": 1137000,
    "operatingExpenses": 28244000,
    "costAndExpenses": 78913000,
    "interestIncome": 0,
    "interestExpense": 0,
    "depreciationAndAmortization": 3310000,
    "ebitda": 12455000,
    "ebitdaratio": 0.1363168724,
    "operatingIncome": 12455000,
    "operatingIncomeRatio": 0.1363168724,
    "totalOtherIncomeExpensesNet": -773000,
    "incomeBeforeTax": 11682000,
    "incomeBeforeTaxRatio": 0.12785658,
    "incomeTaxExpense": 4577000,
    "netIncome": 7105000,
    "netIncomeRatio": 0.0777624551,
    "eps": 0.24,
    "epsdiluted": 0.22,
    "weightedAverageShsOut": 30171000,
    "weightedAverageShsOutDil": 32769000,
    "link": "https://www.sec.gov/Archives/edgar/data/860731/000119312512314784/0001193125-12-314784-index.htm",
    "finalLink": "https://www.sec.gov/Archives/edgar/data/860731/000119312512314784/d383963d10q.htm"
  },
  {
    "date": "2012-03-31",
    "symbol": "TYL",
    "reportedCurrency": "USD",
    "cik": "0000860731",
    "fillingDate": "2012-04-26",
    "acceptedDate": "2012-04-25 17:50:48",
    "calendarYear": "2012",
    "period": "Q1",
    "revenue": 82723000,
    "costOfRevenue": 45304000,
    "grossProfit": 37419000,
    "grossProfitRatio": 0.4523409451,
    "researchAndDevelopmentExpenses": 5094000,
    "generalAndAdministrativeExpenses": 0,
    "sellingAndMarketingExpenses": 0,
    "sellingGeneralAndAdministrativeExpenses": 21335000,
    "otherExpenses": 946000,
    "operatingExpenses": 27375000,
    "costAndExpenses": 72679000,
    "interestIncome": 0,
    "interestExpense": 0,
    "depreciationAndAmortization": 3026000,
    "ebitda": 10044000,
    "ebitdaratio": 0.12141726,
    "operatingIncome": 10044000,
    "operatingIncomeRatio": 0.12141726,
    "totalOtherIncomeExpensesNet": -703000,
    "incomeBeforeTax": 9341000,
    "incomeBeforeTaxRatio": 0.1129190189,
    "incomeTaxExpense": 3660000,
    "netIncome": 5681000,
    "netIncomeRatio": 0.0686749755,
    "eps": 0.19,
    "epsdiluted": 0.17,
    "weightedAverageShsOut": 30015000,
    "weightedAverageShsOutDil": 32530000,
    "link": "https://www.sec.gov/Archives/edgar/data/860731/000119312512182583/0001193125-12-182583-index.htm",
    "finalLink": "https://www.sec.gov/Archives/edgar/data/860731/000119312512182583/d339282d10q.htm"
  },
  {
    "date": "2011-12-31",
    "symbol": "TYL",
    "reportedCurrency": "USD",
    "cik": "0000860731",
    "fillingDate": "2012-02-23",
    "acceptedDate": "2012-02-23 15:18:33",
    "calendarYear": "2011",
    "period": "Q4",
    "revenue": 82079000,
    "costOfRevenue": 43059000,
    "grossProfit": 39020000,
    "grossProfitRatio": 0.4753956554,
    "researchAndDevelopmentExpenses": 2634000,
    "generalAndAdministrativeExpenses": 0,
    "sellingAndMarketingExpenses": 0,
    "sellingGeneralAndAdministrativeExpenses": 21141000,
    "otherExpenses": 923000,
    "operatingExpenses": 24698000,
    "costAndExpenses": 67757000,
    "interestIncome": 0,
    "interestExpense": 0,
    "depreciationAndAmortization": 923000,
    "ebitda": 17220000,
    "ebitdaratio": 0.2097978777,
    "operatingIncome": 14322000,
    "operatingIncomeRatio": 0.17449043,
    "totalOtherIncomeExpensesNet": -818000,
    "incomeBeforeTax": 13504000,
    "incomeBeforeTaxRatio": 0.1645244216,
    "incomeTaxExpense": 4805000,
    "netIncome": 8699000,
    "netIncomeRatio": 0.10598326,
    "eps": 0.29,
    "epsdiluted": 0.27,
    "weightedAverageShsOut": 29823000,
    "weightedAverageShsOutDil": 32031000,
    "link": "https://www.sec.gov/Archives/edgar/data/860731/000119312512075092/0001193125-12-075092-index.htm",
    "finalLink": "https://www.sec.gov/Archives/edgar/data/860731/000119312512075092/d297185d10k.htm"
  },
  {
    "date": "2011-09-30",
    "symbol": "TYL",
    "reportedCurrency": "USD",
    "cik": "0000860731",
    "fillingDate": "2011-10-27",
    "acceptedDate": "2011-10-26 17:43:03",
    "calendarYear": "2011",
    "period": "Q3",
    "revenue": 77184000,
    "costOfRevenue": 41052000,
    "grossProfit": 36132000,
    "grossProfitRatio": 0.4681281095,
    "researchAndDevelopmentExpenses": 4196000,
    "generalAndAdministrativeExpenses": 0,
    "sellingAndMarketingExpenses": 0,
    "sellingGeneralAndAdministrativeExpenses": 18755000,
    "otherExpenses": 801000,
    "operatingExpenses": 23752000,
    "costAndExpenses": 64804000,
    "interestIncome": 0,
    "interestExpense": 0,
    "depreciationAndAmortization": 2559000,
    "ebitda": 12380000,
    "ebitdaratio": 0.160395937,
    "operatingIncome": 12380000,
    "operatingIncomeRatio": 0.160395937,
    "totalOtherIncomeExpensesNet": -562000,
    "incomeBeforeTax": 11818000,
    "incomeBeforeTaxRatio": 0.1531146352,
    "incomeTaxExpense": 4312000,
    "netIncome": 7506000,
    "netIncomeRatio": 0.0972481343,
    "eps": 0.24,
    "epsdiluted": 0.23,
    "weightedAverageShsOut": 31097000,
    "weightedAverageShsOutDil": 32960000,
    "link": "https://www.sec.gov/Archives/edgar/data/860731/000095012311092120/0000950123-11-092120-index.htm",
    "finalLink": "https://www.sec.gov/Archives/edgar/data/860731/000095012311092120/d85283e10vq.htm"
  },
  {
    "date": "2011-06-30",
    "symbol": "TYL",
    "reportedCurrency": "USD",
    "cik": "0000860731",
    "fillingDate": "2011-07-28",
    "acceptedDate": "2011-07-27 19:03:50",
    "calendarYear": "2011",
    "period": "Q2",
    "revenue": 76735000,
    "costOfRevenue": 42598000,
    "grossProfit": 34137000,
    "grossProfitRatio": 0.444868704,
    "researchAndDevelopmentExpenses": 5035000,
    "generalAndAdministrativeExpenses": 0,
    "sellingAndMarketingExpenses": 0,
    "sellingGeneralAndAdministrativeExpenses": 18466000,
    "otherExpenses": 803000,
    "operatingExpenses": 24304000,
    "costAndExpenses": 66902000,
    "interestIncome": 0,
    "interestExpense": 0,
    "depreciationAndAmortization": 2634000,
    "ebitda": 9833000,
    "ebitdaratio": 0.1281423079,
    "operatingIncome": 9833000,
    "operatingIncomeRatio": 0.1281423079,
    "totalOtherIncomeExpensesNet": -524000,
    "incomeBeforeTax": 9309000,
    "incomeBeforeTaxRatio": 0.1213136118,
    "incomeTaxExpense": 3685000,
    "netIncome": 5624000,
    "netIncomeRatio": 0.073291197,
    "eps": 0.18,
    "epsdiluted": 0.17,
    "weightedAverageShsOut": 32005000,
    "weightedAverageShsOutDil": 33848000,
    "link": "https://www.sec.gov/Archives/edgar/data/860731/000095012311069050/0000950123-11-069050-index.htm",
    "finalLink": "https://www.sec.gov/Archives/edgar/data/860731/000095012311069050/d83756e10vq.htm"
  },
  {
    "date": "2011-03-31",
    "symbol": "TYL",
    "reportedCurrency": "USD",
    "cik": "0000860731",
    "fillingDate": "2011-04-29",
    "acceptedDate": "2011-04-29 06:02:32",
    "calendarYear": "2011",
    "period": "Q1",
    "revenue": 73393000,
    "costOfRevenue": 40770000,
    "grossProfit": 32623000,
    "grossProfitRatio": 0.4444974316,
    "researchAndDevelopmentExpenses": 4549000,
    "generalAndAdministrativeExpenses": 0,
    "sellingAndMarketingExpenses": 0,
    "sellingGeneralAndAdministrativeExpenses": 17288000,
    "otherExpenses": 804000,
    "operatingExpenses": 22641000,
    "costAndExpenses": 63411000,
    "interestIncome": 0,
    "interestExpense": 0,
    "depreciationAndAmortization": 2585000,
    "ebitda": 9982000,
    "ebitdaratio": 0.1360075212,
    "operatingIncome": 9982000,
    "operatingIncomeRatio": 0.1360075212,
    "totalOtherIncomeExpensesNet": -500000,
    "incomeBeforeTax": 9482000,
    "incomeBeforeTaxRatio": 0.1291948823,
    "incomeTaxExpense": 3754000,
    "netIncome": 5728000,
    "netIncomeRatio": 0.0780455902,
    "eps": 0.18,
    "epsdiluted": 0.17,
    "weightedAverageShsOut": 32086000,
    "weightedAverageShsOutDil": 33720000,
    "link": "https://www.sec.gov/Archives/edgar/data/860731/000095012311041289/0000950123-11-041289-index.htm",
    "finalLink": "https://www.sec.gov/Archives/edgar/data/860731/000095012311041289/d81621e10vq.htm"
  },
  {
    "date": "2010-12-31",
    "symbol": "TYL",
    "reportedCurrency": "USD",
    "cik": "0000860731",
    "fillingDate": "2011-02-24",
    "acceptedDate": "2011-02-24 09:56:00",
    "calendarYear": "2010",
    "period": "Q4",
    "revenue": 72439000,
    "costOfRevenue": 39823000,
    "grossProfit": 32616000,
    "grossProfitRatio": 0.4502546971,
    "researchAndDevelopmentExpenses": 3478000,
    "generalAndAdministrativeExpenses": 0,
    "sellingAndMarketingExpenses": 0,
    "sellingGeneralAndAdministrativeExpenses": 17143000,
    "otherExpenses": 806000,
    "operatingExpenses": 21427000,
    "costAndExpenses": 61250000,
    "interestIncome": 0,
    "interestExpense": 0,
    "depreciationAndAmortization": 2711000,
    "ebitda": 13900000,
    "ebitdaratio": 0.1918855865,
    "operatingIncome": 11189000,
    "operatingIncomeRatio": 0.1544609948,
    "totalOtherIncomeExpensesNet": -1030000,
    "incomeBeforeTax": 10159000,
    "incomeBeforeTaxRatio": 0.1402421348,
    "incomeTaxExpense": 2949000,
    "netIncome": 7210000,
    "netIncomeRatio": 0.09953202,
    "eps": 0.22,
    "epsdiluted": 0.21,
    "weightedAverageShsOut": 32086000,
    "weightedAverageShsOutDil": 33720000,
    "link": "https://www.sec.gov/Archives/edgar/data/860731/000095012311017571/0000950123-11-017571-index.htm",
    "finalLink": "https://www.sec.gov/Archives/edgar/data/860731/000095012311017571/d79879e10vk.htm"
  },
  {
    "date": "2010-09-30",
    "symbol": "TYL",
    "reportedCurrency": "USD",
    "cik": "0000860731",
    "fillingDate": "2010-10-28",
    "acceptedDate": "2010-10-28 09:55:48",
    "calendarYear": "2010",
    "period": "Q3",
    "revenue": 73769000,
    "costOfRevenue": 40562000,
    "grossProfit": 33207000,
    "grossProfitRatio": 0.4501484363,
    "researchAndDevelopmentExpenses": 3233000,
    "generalAndAdministrativeExpenses": 0,
    "sellingAndMarketingExpenses": 0,
    "sellingGeneralAndAdministrativeExpenses": 17337000,
    "otherExpenses": 806000,
    "operatingExpenses": 21376000,
    "costAndExpenses": 61938000,
    "interestIncome": 0,
    "interestExpense": 0,
    "depreciationAndAmortization": 2759000,
    "ebitda": 11831000,
    "ebitdaratio": 0.160379021,
    "operatingIncome": 11831000,
    "operatingIncomeRatio": 0.160379021,
    "totalOtherIncomeExpensesNet": -568000,
    "incomeBeforeTax": 11263000,
    "incomeBeforeTaxRatio": 0.1526793097,
    "incomeTaxExpense": 4540000,
    "netIncome": 6723000,
    "netIncomeRatio": 0.091135843,
    "eps": 0.2,
    "epsdiluted": 0.19,
    "weightedAverageShsOut": 34103000,
    "weightedAverageShsOutDil": 35410000,
    "link": "https://www.sec.gov/Archives/edgar/data/860731/000095012310097141/0000950123-10-097141-index.htm",
    "finalLink": "https://www.sec.gov/Archives/edgar/data/860731/000095012310097141/d77146e10vq.htm"
  },
  {
    "date": "2010-06-30",
    "symbol": "TYL",
    "reportedCurrency": "USD",
    "cik": "0000860731",
    "fillingDate": "2010-07-29",
    "acceptedDate": "2010-07-29 09:43:26",
    "calendarYear": "2010",
    "period": "Q2",
    "revenue": 72600000,
    "costOfRevenue": 40125000,
    "grossProfit": 32475000,
    "grossProfitRatio": 0.4473140496,
    "researchAndDevelopmentExpenses": 3744000,
    "generalAndAdministrativeExpenses": 0,
    "sellingAndMarketingExpenses": 0,
    "sellingGeneralAndAdministrativeExpenses": 17439000,
    "otherExpenses": 807000,
    "operatingExpenses": 21990000,
    "costAndExpenses": 62115000,
    "interestIncome": 0,
    "interestExpense": 0,
    "depreciationAndAmortization": 2669000,
    "ebitda": 10485000,
    "ebitdaratio": 0.1444214876,
    "operatingIncome": 10485000,
    "operatingIncomeRatio": 0.1444214876,
    "totalOtherIncomeExpensesNet": -102000,
    "incomeBeforeTax": 10383000,
    "incomeBeforeTaxRatio": 0.1430165289,
    "incomeTaxExpense": 4134000,
    "netIncome": 6249000,
    "netIncomeRatio": 0.0860743802,
    "eps": 0.18,
    "epsdiluted": 0.17,
    "weightedAverageShsOut": 34862000,
    "weightedAverageShsOutDil": 36203000,
    "link": "https://www.sec.gov/Archives/edgar/data/860731/000095012310069490/0000950123-10-069490-index.htm",
    "finalLink": "https://www.sec.gov/Archives/edgar/data/860731/000095012310069490/d74690e10vq.htm"
  },
  {
    "date": "2010-03-31",
    "symbol": "TYL",
    "reportedCurrency": "USD",
    "cik": "0000860731",
    "fillingDate": "2010-04-29",
    "acceptedDate": "2010-04-29 09:48:07",
    "calendarYear": "2010",
    "period": "Q1",
    "revenue": 69820000,
    "costOfRevenue": 39801000,
    "grossProfit": 30019000,
    "grossProfitRatio": 0.4299484388,
    "researchAndDevelopmentExpenses": 3516000,
    "generalAndAdministrativeExpenses": 0,
    "sellingAndMarketingExpenses": 0,
    "sellingGeneralAndAdministrativeExpenses": 17561000,
    "otherExpenses": 806000,
    "operatingExpenses": 21883000,
    "costAndExpenses": 61684000,
    "interestIncome": 0,
    "interestExpense": 0,
    "depreciationAndAmortization": 2649000,
    "ebitda": 8136000,
    "ebitdaratio": 0.1165282154,
    "operatingIncome": 8136000,
    "operatingIncomeRatio": 0.1165282154,
    "totalOtherIncomeExpensesNet": -42000,
    "incomeBeforeTax": 8094000,
    "incomeBeforeTaxRatio": 0.1159266686,
    "incomeTaxExpense": 3222000,
    "netIncome": 4872000,
    "netIncomeRatio": 0.0697794328,
    "eps": 0.14,
    "epsdiluted": 0.13,
    "weightedAverageShsOut": 35101000,
    "weightedAverageShsOutDil": 36655000,
    "link": "https://www.sec.gov/Archives/edgar/data/860731/000095012310040152/0000950123-10-040152-index.htm",
    "finalLink": "https://www.sec.gov/Archives/edgar/data/860731/000095012310040152/d72493e10vq.htm"
  },
  {
    "date": "2009-12-31",
    "symbol": "TYL",
    "reportedCurrency": "USD",
    "cik": "0000860731",
    "fillingDate": "2010-02-25",
    "acceptedDate": "2010-02-25 10:06:39",
    "calendarYear": "2009",
    "period": "Q4",
    "revenue": 74217000,
    "costOfRevenue": 40978000,
    "grossProfit": 33239000,
    "grossProfitRatio": 0.4478623496,
    "researchAndDevelopmentExpenses": 3112000,
    "generalAndAdministrativeExpenses": 0,
    "sellingAndMarketingExpenses": 0,
    "sellingGeneralAndAdministrativeExpenses": 18507000,
    "otherExpenses": 671000,
    "operatingExpenses": 22290000,
    "costAndExpenses": 63268000,
    "interestIncome": 0,
    "interestExpense": 0,
    "depreciationAndAmortization": 2432000,
    "ebitda": 13381000,
    "ebitdaratio": 0.1802956196,
    "operatingIncome": 10949000,
    "operatingIncomeRatio": 0.1475268469,
    "totalOtherIncomeExpensesNet": -27000,
    "incomeBeforeTax": 10922000,
    "incomeBeforeTaxRatio": 0.1471630489,
    "incomeTaxExpense": 4266000,
    "netIncome": 6656000,
    "netIncomeRatio": 0.0896829567,
    "eps": 0.19,
    "epsdiluted": 0.18,
    "weightedAverageShsOut": 35101000,
    "weightedAverageShsOutDil": 36655000,
    "link": "https://www.sec.gov/Archives/edgar/data/860731/000095012310016745/0000950123-10-016745-index.htm",
    "finalLink": "https://www.sec.gov/Archives/edgar/data/860731/000095012310016745/d71188e10vk.htm"
  },
  {
    "date": "2009-09-30",
    "symbol": "TYL",
    "reportedCurrency": "USD",
    "cik": "0000860731",
    "fillingDate": "2009-10-29",
    "acceptedDate": "2009-10-29 10:05:17",
    "calendarYear": "2009",
    "period": "Q3",
    "revenue": 74332000,
    "costOfRevenue": 41097000,
    "grossProfit": 33235000,
    "grossProfitRatio": 0.4471156433,
    "researchAndDevelopmentExpenses": 2973000,
    "generalAndAdministrativeExpenses": 0,
    "sellingAndMarketingExpenses": 0,
    "sellingGeneralAndAdministrativeExpenses": 17114000,
    "otherExpenses": 685000,
    "operatingExpenses": 20772000,
    "costAndExpenses": 61869000,
    "interestIncome": 0,
    "interestExpense": 0,
    "depreciationAndAmortization": 2331000,
    "ebitda": 12463000,
    "ebitdaratio": 0.1676666846,
    "operatingIncome": 12463000,
    "operatingIncomeRatio": 0.1676666846,
    "totalOtherIncomeExpensesNet": -42000,
    "incomeBeforeTax": 12421000,
    "incomeBeforeTaxRatio": 0.167101652,
    "incomeTaxExpense": 4946000,
    "netIncome": 7475000,
    "netIncomeRatio": 0.1005623419,
    "eps": 0.21,
    "epsdiluted": 0.2,
    "weightedAverageShsOut": 35118000,
    "weightedAverageShsOutDil": 36487000,
    "link": "https://www.sec.gov/Archives/edgar/data/860731/000095012309054613/0000950123-09-054613-index.htm",
    "finalLink": "https://www.sec.gov/Archives/edgar/data/860731/000095012309054613/d69768e10vq.htm"
  },
  {
    "date": "2009-06-30",
    "symbol": "TYL",
    "reportedCurrency": "USD",
    "cik": "0000860731",
    "fillingDate": "2009-07-29",
    "acceptedDate": "2009-07-29 17:28:21",
    "calendarYear": "2009",
    "period": "Q2",
    "revenue": 72172000,
    "costOfRevenue": 40175000,
    "grossProfit": 31997000,
    "grossProfitRatio": 0.443343679,
    "researchAndDevelopmentExpenses": 2839000,
    "generalAndAdministrativeExpenses": 0,
    "sellingAndMarketingExpenses": 0,
    "sellingGeneralAndAdministrativeExpenses": 17084000,
    "otherExpenses": 677000,
    "operatingExpenses": 20600000,
    "costAndExpenses": 60775000,
    "interestIncome": 0,
    "interestExpense": 0,
    "depreciationAndAmortization": 677000,
    "ebitda": 11397000,
    "ebitdaratio": 0.1579144266,
    "operatingIncome": 11397000,
    "operatingIncomeRatio": 0.1579144266,
    "totalOtherIncomeExpensesNet": -63000,
    "incomeBeforeTax": 11334000,
    "incomeBeforeTaxRatio": 0.1570415119,
    "incomeTaxExpense": 4461000,
    "netIncome": 6873000,
    "netIncomeRatio": 0.0952308374,
    "eps": 0.19,
    "epsdiluted": 0.19,
    "weightedAverageShsOut": 35343000,
    "weightedAverageShsOutDil": 36723000,
    "link": "https://www.sec.gov/Archives/edgar/data/860731/000095012309027097/0000950123-09-027097-index.htm",
    "finalLink": "https://www.sec.gov/Archives/edgar/data/860731/000095012309027097/d68555e10vq.htm"
  },
  {
    "date": "2009-03-31",
    "symbol": "TYL",
    "reportedCurrency": "USD",
    "cik": "0000860731",
    "fillingDate": "2009-04-28",
    "acceptedDate": "2009-04-28 10:28:02",
    "calendarYear": "2009",
    "period": "Q1",
    "revenue": 69565000,
    "costOfRevenue": 39273000,
    "grossProfit": 30292000,
    "grossProfitRatio": 0.4354488608,
    "researchAndDevelopmentExpenses": 2235000,
    "generalAndAdministrativeExpenses": 0,
    "sellingAndMarketingExpenses": 0,
    "sellingGeneralAndAdministrativeExpenses": 17410000,
    "otherExpenses": 672000,
    "operatingExpenses": 20317000,
    "costAndExpenses": 59590000,
    "interestIncome": 0,
    "interestExpense": 0,
    "depreciationAndAmortization": 2332000,
    "ebitda": 9975000,
    "ebitdaratio": 0.1433910731,
    "operatingIncome": 9975000,
    "operatingIncomeRatio": 0.1433910731,
    "totalOtherIncomeExpensesNet": -14000,
    "incomeBeforeTax": 9961000,
    "incomeBeforeTaxRatio": 0.1431898225,
    "incomeTaxExpense": 3955000,
    "netIncome": 6006000,
    "netIncomeRatio": 0.0863365198,
    "eps": 0.17,
    "epsdiluted": 0.16,
    "weightedAverageShsOut": 35497000,
    "weightedAverageShsOutDil": 36747000,
    "link": "https://www.sec.gov/Archives/edgar/data/860731/000095013409008566/0000950134-09-008566-index.htm",
    "finalLink": "https://www.sec.gov/Archives/edgar/data/860731/000095013409008566/d67392e10vq.htm"
  },
  {
    "date": "2008-12-31",
    "symbol": "TYL",
    "reportedCurrency": "USD",
    "cik": "0000860731",
    "fillingDate": "2009-02-26",
    "acceptedDate": "2009-02-26 10:56:32",
    "calendarYear": "2008",
    "period": "Q4",
    "revenue": 69544000,
    "costOfRevenue": 40599000,
    "grossProfit": 28945000,
    "grossProfitRatio": 0.4162113195,
    "researchAndDevelopmentExpenses": 1801000,
    "generalAndAdministrativeExpenses": 0,
    "sellingAndMarketingExpenses": 0,
    "sellingGeneralAndAdministrativeExpenses": 16768000,
    "otherExpenses": -8377000,
    "operatingExpenses": 10192000,
    "costAndExpenses": 50791000,
    "interestIncome": 0,
    "interestExpense": 0,
    "depreciationAndAmortization": 3622000,
    "ebitda": 22375000,
    "ebitdaratio": 0.3217387553,
    "operatingIncome": 9708000,
    "operatingIncomeRatio": 0.1395950765,
    "totalOtherIncomeExpensesNet": 137000,
    "incomeBeforeTax": 9845000,
    "incomeBeforeTaxRatio": 0.1415650523,
    "incomeTaxExpense": 4714000,
    "netIncome": 5131000,
    "netIncomeRatio": 0.0737806281,
    "eps": 0.14,
    "epsdiluted": 0.14,
    "weightedAverageShsOut": 35497000,
    "weightedAverageShsOutDil": 36747000,
    "link": "https://www.sec.gov/Archives/edgar/data/860731/000095013409003823/0000950134-09-003823-index.htm",
    "finalLink": "https://www.sec.gov/Archives/edgar/data/860731/000095013409003823/d66508e10vk.htm"
  },
  {
    "date": "2008-09-30",
    "symbol": "TYL",
    "reportedCurrency": "USD",
    "cik": "0000860731",
    "fillingDate": "2008-10-27",
    "acceptedDate": "2008-10-27 11:46:02",
    "calendarYear": "2008",
    "period": "Q3",
    "revenue": 68638000,
    "costOfRevenue": 38687000,
    "grossProfit": 29951000,
    "grossProfitRatio": 0.4363617821,
    "researchAndDevelopmentExpenses": 1416000,
    "generalAndAdministrativeExpenses": 0,
    "sellingAndMarketingExpenses": 0,
    "sellingGeneralAndAdministrativeExpenses": 15985000,
    "otherExpenses": 612000,
    "operatingExpenses": 18013000,
    "costAndExpenses": 56700000,
    "interestIncome": 0,
    "interestExpense": 0,
    "depreciationAndAmortization": 3068000,
    "ebitda": 15006000,
    "ebitdaratio": 0.2186252513,
    "operatingIncome": 11937000,
    "operatingIncomeRatio": 0.17391241,
    "totalOtherIncomeExpensesNet": 398000,
    "incomeBeforeTax": 12335000,
    "incomeBeforeTaxRatio": 0.1797109473,
    "incomeTaxExpense": 5976000,
    "netIncome": 6359000,
    "netIncomeRatio": 0.0926454734,
    "eps": 0.17,
    "epsdiluted": 0.16,
    "weightedAverageShsOut": 38474000,
    "weightedAverageShsOutDil": 40019000,
    "link": "https://www.sec.gov/Archives/edgar/data/860731/000115752308008385/0001157523-08-008385-index.htm",
    "finalLink": "https://www.sec.gov/Archives/edgar/data/860731/000115752308008385/a5808587.htm"
  },
  {
    "date": "2008-06-30",
    "symbol": "TYL",
    "reportedCurrency": "USD",
    "cik": "0000860731",
    "fillingDate": "2008-07-25",
    "acceptedDate": "2008-07-25 14:03:55",
    "calendarYear": "2008",
    "period": "Q2",
    "revenue": 67569000,
    "costOfRevenue": 38480000,
    "grossProfit": 29089000,
    "grossProfitRatio": 0.4305080732,
    "researchAndDevelopmentExpenses": 2253000,
    "generalAndAdministrativeExpenses": 0,
    "sellingAndMarketingExpenses": 0,
    "sellingGeneralAndAdministrativeExpenses": 15418000,
    "otherExpenses": 9636000,
    "operatingExpenses": 27307000,
    "costAndExpenses": 65787000,
    "interestIncome": 0,
    "interestExpense": 0,
    "depreciationAndAmortization": 2985000,
    "ebitda": 1782000,
    "ebitdaratio": 0.0263730409,
    "operatingIncome": 1782000,
    "operatingIncomeRatio": 0.0263730409,
    "totalOtherIncomeExpensesNet": 244000,
    "incomeBeforeTax": 2026000,
    "incomeBeforeTaxRatio": 0.0299841643,
    "incomeTaxExpense": 1780000,
    "netIncome": 246000,
    "netIncomeRatio": 0.0036407228,
    "eps": 0.01,
    "epsdiluted": 0.01,
    "weightedAverageShsOut": 38087000,
    "weightedAverageShsOutDil": 39633000,
    "link": "https://www.sec.gov/Archives/edgar/data/860731/000115752308005896/0001157523-08-005896-index.htm",
    "finalLink": "https://www.sec.gov/Archives/edgar/data/860731/000115752308005896/a5738453.htm"
  },
  {
    "date": "2008-03-31",
    "symbol": "TYL",
    "reportedCurrency": "USD",
    "cik": "0000860731",
    "fillingDate": "2008-04-24",
    "acceptedDate": "2008-04-24 13:22:50",
    "calendarYear": "2008",
    "period": "Q1",
    "revenue": 59351000,
    "costOfRevenue": 37548000,
    "grossProfit": 21803000,
    "grossProfitRatio": 0.3673569106,
    "researchAndDevelopmentExpenses": 1816000,
    "generalAndAdministrativeExpenses": 0,
    "sellingAndMarketingExpenses": 0,
    "sellingGeneralAndAdministrativeExpenses": 14752000,
    "otherExpenses": 567000,
    "operatingExpenses": 17135000,
    "costAndExpenses": 54683000,
    "interestIncome": 0,
    "interestExpense": 0,
    "depreciationAndAmortization": 2936000,
    "ebitda": 4668000,
    "ebitdaratio": 0.0786507388,
    "operatingIncome": 4668000,
    "operatingIncomeRatio": 0.0786507388,
    "totalOtherIncomeExpensesNet": 402000,
    "incomeBeforeTax": 5070000,
    "incomeBeforeTaxRatio": 0.085424003,
    "incomeTaxExpense": 1944000,
    "netIncome": 3126000,
    "netIncomeRatio": 0.0526697107,
    "eps": 0.08,
    "epsdiluted": 0.08,
    "weightedAverageShsOut": 38020000,
    "weightedAverageShsOutDil": 39527000,
    "link": "https://www.sec.gov/Archives/edgar/data/860731/000095013408007285/0000950134-08-007285-index.htm",
    "finalLink": "https://www.sec.gov/Archives/edgar/data/860731/000095013408007285/d55984e10vq.htm"
  },
  {
    "date": "2007-12-31",
    "symbol": "TYL",
    "reportedCurrency": "USD",
    "cik": "0000860731",
    "fillingDate": "2008-02-28",
    "acceptedDate": "2008-02-28 13:26:28",
    "calendarYear": "2007",
    "period": "Q4",
    "revenue": 60420000,
    "costOfRevenue": 35984000,
    "grossProfit": 24436000,
    "grossProfitRatio": 0.4044356173,
    "researchAndDevelopmentExpenses": 1177000,
    "generalAndAdministrativeExpenses": 0,
    "sellingAndMarketingExpenses": 0,
    "sellingGeneralAndAdministrativeExpenses": 13276000,
    "otherExpenses": 403000,
    "operatingExpenses": 14856000,
    "costAndExpenses": 50840000,
    "interestIncome": 0,
    "interestExpense": 0,
    "depreciationAndAmortization": 3416000,
    "ebitda": 12996000,
    "ebitdaratio": 0.2150943396,
    "operatingIncome": 9580000,
    "operatingIncomeRatio": 0.1585567693,
    "totalOtherIncomeExpensesNet": 548000,
    "incomeBeforeTax": 10128000,
    "incomeBeforeTaxRatio": 0.1676266137,
    "incomeTaxExpense": 3938000,
    "netIncome": 6190000,
    "netIncomeRatio": 0.10244952,
    "eps": 0.16,
    "epsdiluted": 0.16,
    "weightedAverageShsOut": 38020000,
    "weightedAverageShsOutDil": 39527000,
    "link": "https://www.sec.gov/Archives/edgar/data/860731/000095013408003695/0000950134-08-003695-index.htm",
    "finalLink": "https://www.sec.gov/Archives/edgar/data/860731/000095013408003695/d54229e10vk.htm"
  },
  {
    "date": "2007-09-30",
    "symbol": "TYL",
    "reportedCurrency": "USD",
    "cik": "0000860731",
    "fillingDate": "2007-10-25",
    "acceptedDate": "2007-10-25 13:02:40",
    "calendarYear": "2007",
    "period": "Q3",
    "revenue": 54932000,
    "costOfRevenue": 33302000,
    "grossProfit": 21630000,
    "grossProfitRatio": 0.3937595573,
    "researchAndDevelopmentExpenses": 639000,
    "generalAndAdministrativeExpenses": 0,
    "sellingAndMarketingExpenses": 0,
    "sellingGeneralAndAdministrativeExpenses": 12691000,
    "otherExpenses": 372000,
    "operatingExpenses": 13702000,
    "costAndExpenses": 47004000,
    "interestIncome": 0,
    "interestExpense": 0,
    "depreciationAndAmortization": 2641000,
    "ebitda": 7928000,
    "ebitdaratio": 0.1443238914,
    "operatingIncome": 7928000,
    "operatingIncomeRatio": 0.1443238914,
    "totalOtherIncomeExpensesNet": 441000,
    "incomeBeforeTax": 8369000,
    "incomeBeforeTaxRatio": 0.1523519988,
    "incomeTaxExpense": 3209000,
    "netIncome": 5160000,
    "netIncomeRatio": 0.0939343188,
    "eps": 0.13,
    "epsdiluted": 0.12,
    "weightedAverageShsOut": 38688000,
    "weightedAverageShsOutDil": 41395000,
    "link": "https://www.sec.gov/Archives/edgar/data/860731/000095013407021956/0000950134-07-021956-index.htm",
    "finalLink": "https://www.sec.gov/Archives/edgar/data/860731/000095013407021956/d50703e10vq.htm"
  },
  {
    "date": "2007-06-30",
    "symbol": "TYL",
    "reportedCurrency": "USD",
    "cik": "0000860731",
    "fillingDate": "2007-07-26",
    "acceptedDate": "2007-07-26 12:52:50",
    "calendarYear": "2007",
    "period": "Q2",
    "revenue": 54112000,
    "costOfRevenue": 33775000,
    "grossProfit": 20337000,
    "grossProfitRatio": 0.3758316085,
    "researchAndDevelopmentExpenses": 1404000,
    "generalAndAdministrativeExpenses": 0,
    "sellingAndMarketingExpenses": 0,
    "sellingGeneralAndAdministrativeExpenses": 12781000,
    "otherExpenses": 356000,
    "operatingExpenses": 14541000,
    "costAndExpenses": 48316000,
    "interestIncome": 0,
    "interestExpense": 0,
    "depreciationAndAmortization": 2605000,
    "ebitda": 5796000,
    "ebitdaratio": 0.1071111768,
    "operatingIncome": 5796000,
    "operatingIncomeRatio": 0.1071111768,
    "totalOtherIncomeExpensesNet": 364000,
    "incomeBeforeTax": 6160000,
    "incomeBeforeTaxRatio": 0.1138379657,
    "incomeTaxExpense": 2410000,
    "netIncome": 3750000,
    "netIncomeRatio": 0.0693007096,
    "eps": 0.1,
    "epsdiluted": 0.09,
    "weightedAverageShsOut": 38540000,
    "weightedAverageShsOutDil": 41448000,
    "link": "https://www.sec.gov/Archives/edgar/data/860731/000095013407015913/0000950134-07-015913-index.htm",
    "finalLink": "https://www.sec.gov/Archives/edgar/data/860731/000095013407015913/d48385e10vq.htm"
  },
  {
    "date": "2007-03-31",
    "symbol": "TYL",
    "reportedCurrency": "USD",
    "cik": "0000860731",
    "fillingDate": "2007-04-26",
    "acceptedDate": "2007-04-26 13:26:11",
    "calendarYear": "2007",
    "period": "Q1",
    "revenue": 50332000,
    "costOfRevenue": 32310000,
    "grossProfit": 18022000,
    "grossProfitRatio": 0.3580624652,
    "researchAndDevelopmentExpenses": 1223000,
    "generalAndAdministrativeExpenses": 0,
    "sellingAndMarketingExpenses": 0,
    "sellingGeneralAndAdministrativeExpenses": 12976000,
    "otherExpenses": 347000,
    "operatingExpenses": 14546000,
    "costAndExpenses": 46856000,
    "interestIncome": 0,
    "interestExpense": 0,
    "depreciationAndAmortization": 2549000,
    "ebitda": 3476000,
    "ebitdaratio": 0.0690614321,
    "operatingIncome": 3476000,
    "operatingIncomeRatio": 0.0690614321,
    "totalOtherIncomeExpensesNet": 447000,
    "incomeBeforeTax": 3923000,
    "incomeBeforeTaxRatio": 0.0779424621,
    "incomeTaxExpense": 1522000,
    "netIncome": 2401000,
    "netIncomeRatio": 0.0477032504,
    "eps": 0.06,
    "epsdiluted": 0.06,
    "weightedAverageShsOut": 38813000,
    "weightedAverageShsOutDil": 42066000,
    "link": "https://www.sec.gov/Archives/edgar/data/860731/000095013407009135/0000950134-07-009135-index.htm",
    "finalLink": "https://www.sec.gov/Archives/edgar/data/860731/000095013407009135/d45841e10vq.htm"
  },
  {
    "date": "2006-12-31",
    "symbol": "TYL",
    "reportedCurrency": "USD",
    "cik": "0000860731",
    "fillingDate": "2007-03-01",
    "acceptedDate": "2007-03-01 12:58:17",
    "calendarYear": "2006",
    "period": "Q4",
    "revenue": 51155000,
    "costOfRevenue": 30916000,
    "grossProfit": 20239000,
    "grossProfitRatio": 0.3956406998,
    "researchAndDevelopmentExpenses": 0,
    "generalAndAdministrativeExpenses": 0,
    "sellingAndMarketingExpenses": 0,
    "sellingGeneralAndAdministrativeExpenses": 13639000,
    "otherExpenses": 345000,
    "operatingExpenses": 13984000,
    "costAndExpenses": 44900000,
    "interestIncome": 0,
    "interestExpense": 0,
    "depreciationAndAmortization": 2510000,
    "ebitda": 8765000,
    "ebitdaratio": 0.1713419998,
    "operatingIncome": 6255000,
    "operatingIncomeRatio": 0.1222754374,
    "totalOtherIncomeExpensesNet": 477000,
    "incomeBeforeTax": 6732000,
    "incomeBeforeTaxRatio": 0.1316000391,
    "incomeTaxExpense": 2555000,
    "netIncome": 4177000,
    "netIncomeRatio": 0.0816537973,
    "eps": 0.11,
    "epsdiluted": 0.1,
    "weightedAverageShsOut": 38813000,
    "weightedAverageShsOutDil": 42066000,
    "link": "https://www.sec.gov/Archives/edgar/data/860731/000095013407004537/0000950134-07-004537-index.htm",
    "finalLink": "https://www.sec.gov/Archives/edgar/data/860731/000095013407004537/d43944e10vk.htm"
  },
  {
    "date": "2006-09-30",
    "symbol": "TYL",
    "reportedCurrency": "USD",
    "cik": "0000860731",
    "fillingDate": "2006-10-26",
    "acceptedDate": "2006-10-26 13:23:19",
    "calendarYear": "2006",
    "period": "Q3",
    "revenue": 50139000,
    "costOfRevenue": 29982000,
    "grossProfit": 20157000,
    "grossProfitRatio": 0.4020223778,
    "researchAndDevelopmentExpenses": 0,
    "generalAndAdministrativeExpenses": 0,
    "sellingAndMarketingExpenses": 0,
    "sellingGeneralAndAdministrativeExpenses": 13201000,
    "otherExpenses": 326000,
    "operatingExpenses": 13527000,
    "costAndExpenses": 43509000,
    "interestIncome": 0,
    "interestExpense": 0,
    "depreciationAndAmortization": 2471000,
    "ebitda": 6630000,
    "ebitdaratio": 0.1322323939,
    "operatingIncome": 6630000,
    "operatingIncomeRatio": 0.1322323939,
    "totalOtherIncomeExpensesNet": 306000,
    "incomeBeforeTax": 6936000,
    "incomeBeforeTaxRatio": 0.1383354275,
    "incomeTaxExpense": 2523000,
    "netIncome": 4413000,
    "netIncomeRatio": 0.0880153174,
    "eps": 0.11,
    "epsdiluted": 0.11,
    "weightedAverageShsOut": 38705000,
    "weightedAverageShsOutDil": 41898000,
    "link": "https://www.sec.gov/Archives/edgar/data/860731/000095013406019726/0000950134-06-019726-index.htm",
    "finalLink": "https://www.sec.gov/Archives/edgar/data/860731/000095013406019726/d40570e10vq.htm"
  },
  {
    "date": "2006-06-30",
    "symbol": "TYL",
    "reportedCurrency": "USD",
    "cik": "0000860731",
    "fillingDate": "2006-07-27",
    "acceptedDate": "2006-07-27 13:53:31",
    "calendarYear": "2006",
    "period": "Q2",
    "revenue": 49151000,
    "costOfRevenue": 30205000,
    "grossProfit": 18946000,
    "grossProfitRatio": 0.3854651991,
    "researchAndDevelopmentExpenses": 0,
    "generalAndAdministrativeExpenses": 0,
    "sellingAndMarketingExpenses": 0,
    "sellingGeneralAndAdministrativeExpenses": 12993000,
    "otherExpenses": 325000,
    "operatingExpenses": 13318000,
    "costAndExpenses": 43523000,
    "interestIncome": 0,
    "interestExpense": 0,
    "depreciationAndAmortization": 2474000,
    "ebitda": 5628000,
    "ebitdaratio": 0.1145042827,
    "operatingIncome": 5628000,
    "operatingIncomeRatio": 0.1145042827,
    "totalOtherIncomeExpensesNet": 200000,
    "incomeBeforeTax": 5828000,
    "incomeBeforeTaxRatio": 0.1185733759,
    "incomeTaxExpense": 2068000,
    "netIncome": 3760000,
    "netIncomeRatio": 0.0764989522,
    "eps": 0.1,
    "epsdiluted": 0.09,
    "weightedAverageShsOut": 39026000,
    "weightedAverageShsOutDil": 41946000,
    "link": "https://www.sec.gov/Archives/edgar/data/860731/000095013406014028/0000950134-06-014028-index.htm",
    "finalLink": "https://www.sec.gov/Archives/edgar/data/860731/000095013406014028/d38097e10vq.htm"
  },
  {
    "date": "2006-03-31",
    "symbol": "TYL",
    "reportedCurrency": "USD",
    "cik": "0000860731",
    "fillingDate": "2006-04-27",
    "acceptedDate": "2006-04-27 16:58:43",
    "calendarYear": "2006",
    "period": "Q1",
    "revenue": 44858000,
    "costOfRevenue": 29396000,
    "grossProfit": 15462000,
    "grossProfitRatio": 0.3446876811,
    "researchAndDevelopmentExpenses": 0,
    "generalAndAdministrativeExpenses": 0,
    "sellingAndMarketingExpenses": 0,
    "sellingGeneralAndAdministrativeExpenses": 11878000,
    "otherExpenses": 322000,
    "operatingExpenses": 12200000,
    "costAndExpenses": 41596000,
    "interestIncome": 0,
    "interestExpense": 0,
    "depreciationAndAmortization": 2647000,
    "ebitda": 3262000,
    "ebitdaratio": 0.0727183557,
    "operatingIncome": 3262000,
    "operatingIncomeRatio": 0.0727183557,
    "totalOtherIncomeExpensesNet": 97000,
    "incomeBeforeTax": 3359000,
    "incomeBeforeTaxRatio": 0.0748807348,
    "incomeTaxExpense": 1347000,
    "netIncome": 2012000,
    "netIncomeRatio": 0.0448526461,
    "eps": 0.05,
    "epsdiluted": 0.05,
    "weightedAverageShsOut": 39114000,
    "weightedAverageShsOutDil": 41894000,
    "link": "https://www.sec.gov/Archives/edgar/data/860731/000095013406008146/0000950134-06-008146-index.htm",
    "finalLink": "https://www.sec.gov/Archives/edgar/data/860731/000095013406008146/d35424e10vq.htm"
  },
  {
    "date": "2005-12-31",
    "symbol": "TYL",
    "reportedCurrency": "USD",
    "cik": "0000860731",
    "fillingDate": "2006-03-02",
    "acceptedDate": "2006-03-02 13:47:14",
    "calendarYear": "2005",
    "period": "Q4",
    "revenue": 44307000,
    "costOfRevenue": 28202000,
    "grossProfit": 16105000,
    "grossProfitRatio": 0.3634865823,
    "researchAndDevelopmentExpenses": 0,
    "generalAndAdministrativeExpenses": 0,
    "sellingAndMarketingExpenses": 0,
    "sellingGeneralAndAdministrativeExpenses": 11590000,
    "otherExpenses": -279000,
    "operatingExpenses": 11311000,
    "costAndExpenses": 39513000,
    "interestIncome": 0,
    "interestExpense": 0,
    "depreciationAndAmortization": 2586000,
    "ebitda": 7380000,
    "ebitdaratio": 0.1665651026,
    "operatingIncome": 4794000,
    "operatingIncomeRatio": 0.1081996073,
    "totalOtherIncomeExpensesNet": 303000,
    "incomeBeforeTax": 5097000,
    "incomeBeforeTaxRatio": 0.1150382558,
    "incomeTaxExpense": 1976000,
    "netIncome": 3121000,
    "netIncomeRatio": 0.0704403367,
    "eps": 0.08,
    "epsdiluted": 0.074,
    "weightedAverageShsOut": 39114000,
    "weightedAverageShsOutDil": 41894000,
    "link": "https://www.sec.gov/Archives/edgar/data/860731/000095013406004110/0000950134-06-004110-index.htm",
    "finalLink": "https://www.sec.gov/Archives/edgar/data/860731/000095013406004110/d33441e10vk.htm"
  },
  {
    "date": "2005-09-30",
    "symbol": "TYL",
    "reportedCurrency": "USD",
    "cik": "0000860731",
    "fillingDate": "2005-10-27",
    "acceptedDate": "2005-10-27 15:48:47",
    "calendarYear": "2005",
    "period": "Q3",
    "revenue": 42306000,
    "costOfRevenue": 26286000,
    "grossProfit": 16020000,
    "grossProfitRatio": 0.3786696922,
    "researchAndDevelopmentExpenses": 0,
    "generalAndAdministrativeExpenses": 0,
    "sellingAndMarketingExpenses": 0,
    "sellingGeneralAndAdministrativeExpenses": 11445000,
    "otherExpenses": 515000,
    "operatingExpenses": 11960000,
    "costAndExpenses": 38246000,
    "interestIncome": 0,
    "interestExpense": 0,
    "depreciationAndAmortization": 2518000,
    "ebitda": 4060000,
    "ebitdaratio": 0.0959674751,
    "operatingIncome": 4060000,
    "operatingIncomeRatio": 0.0959674751,
    "totalOtherIncomeExpensesNet": 224000,
    "incomeBeforeTax": 4284000,
    "incomeBeforeTaxRatio": 0.1012622323,
    "incomeTaxExpense": 1703000,
    "netIncome": 2581000,
    "netIncomeRatio": 0.0610078949,
    "eps": 0.07,
    "epsdiluted": 0.06,
    "weightedAverageShsOut": 39104000,
    "weightedAverageShsOutDil": 41771000,
    "link": "https://www.sec.gov/Archives/edgar/data/860731/000095013405019867/0000950134-05-019867-index.htm",
    "finalLink": "https://www.sec.gov/Archives/edgar/data/860731/000095013405019867/d29675e10vq.htm"
  },
  {
    "date": "2005-06-30",
    "symbol": "TYL",
    "reportedCurrency": "USD",
    "cik": "0000860731",
    "fillingDate": "2005-07-28",
    "acceptedDate": "2005-07-28 17:13:46",
    "calendarYear": "2005",
    "period": "Q2",
    "revenue": 43185000,
    "costOfRevenue": 26936000,
    "grossProfit": 16249000,
    "grossProfitRatio": 0.3762649068,
    "researchAndDevelopmentExpenses": 0,
    "generalAndAdministrativeExpenses": 0,
    "sellingAndMarketingExpenses": 0,
    "sellingGeneralAndAdministrativeExpenses": 11263000,
    "otherExpenses": 515000,
    "operatingExpenses": 11778000,
    "costAndExpenses": 38714000,
    "interestIncome": 0,
    "interestExpense": 0,
    "depreciationAndAmortization": 2567000,
    "ebitda": 7038000,
    "ebitdaratio": 0.1629732546,
    "operatingIncome": 3211000,
    "operatingIncomeRatio": 0.0743545212,
    "totalOtherIncomeExpensesNet": 233000,
    "incomeBeforeTax": 3444000,
    "incomeBeforeTaxRatio": 0.0797499132,
    "incomeTaxExpense": 1423000,
    "netIncome": 2021000,
    "netIncomeRatio": 0.0467986569,
    "eps": 0.05,
    "epsdiluted": 0.05,
    "weightedAverageShsOut": 39615000,
    "weightedAverageShsOutDil": 41943000,
    "link": "https://www.sec.gov/Archives/edgar/data/860731/000095013405014292/0000950134-05-014292-index.htm",
    "finalLink": "https://www.sec.gov/Archives/edgar/data/860731/000095013405014292/d27340e10vq.htm"
  },
  {
    "date": "2005-03-31",
    "symbol": "TYL",
    "reportedCurrency": "USD",
    "cik": "0000860731",
    "fillingDate": "2005-04-29",
    "acceptedDate": "2005-04-29 11:42:09",
    "calendarYear": "2005",
    "period": "Q1",
    "revenue": 40659000,
    "costOfRevenue": 27546000,
    "grossProfit": 13113000,
    "grossProfitRatio": 0.322511621,
    "researchAndDevelopmentExpenses": 0,
    "generalAndAdministrativeExpenses": 0,
    "sellingAndMarketingExpenses": 0,
    "sellingGeneralAndAdministrativeExpenses": 11944000,
    "otherExpenses": 515000,
    "operatingExpenses": 12459000,
    "costAndExpenses": 40005000,
    "interestIncome": 0,
    "interestExpense": 0,
    "depreciationAndAmortization": 2772000,
    "ebitda": 654000,
    "ebitdaratio": 0.0160849996,
    "operatingIncome": 654000,
    "operatingIncomeRatio": 0.0160849996,
    "totalOtherIncomeExpensesNet": 146000,
    "incomeBeforeTax": 800000,
    "incomeBeforeTaxRatio": 0.0196758405,
    "incomeTaxExpense": 330000,
    "netIncome": 470000,
    "netIncomeRatio": 0.0115595563,
    "eps": 0.01,
    "epsdiluted": 0.01,
    "weightedAverageShsOut": 40229000,
    "weightedAverageShsOutDil": 42735000,
    "link": "https://www.sec.gov/Archives/edgar/data/860731/000095013405008472/0000950134-05-008472-index.htm",
    "finalLink": "https://www.sec.gov/Archives/edgar/data/860731/000095013405008472/d24648e10vq.htm"
  },
  {
    "date": "2004-12-31",
    "symbol": "TYL",
    "reportedCurrency": "USD",
    "cik": "0000860731",
    "fillingDate": "2005-03-10",
    "acceptedDate": "2005-03-10 12:44:16",
    "calendarYear": "2004",
    "period": "Q4",
    "revenue": 44734000,
    "costOfRevenue": 26670000,
    "grossProfit": 18064000,
    "grossProfitRatio": 0.4038091832,
    "researchAndDevelopmentExpenses": 0,
    "generalAndAdministrativeExpenses": 0,
    "sellingAndMarketingExpenses": 0,
    "sellingGeneralAndAdministrativeExpenses": 12200000,
    "otherExpenses": 539000,
    "operatingExpenses": 12739000,
    "costAndExpenses": 39409000,
    "interestIncome": 0,
    "interestExpense": 0,
    "depreciationAndAmortization": 2799000,
    "ebitda": 8124000,
    "ebitdaratio": 0.1816068315,
    "operatingIncome": 5325000,
    "operatingIncomeRatio": 0.1190369741,
    "totalOtherIncomeExpensesNet": 36000,
    "incomeBeforeTax": 5361000,
    "incomeBeforeTaxRatio": 0.1198417311,
    "incomeTaxExpense": 2331000,
    "netIncome": 3030000,
    "netIncomeRatio": 0.0677337148,
    "eps": 0.075,
    "epsdiluted": 0.071,
    "weightedAverageShsOut": 40229000,
    "weightedAverageShsOutDil": 42735000,
    "link": "https://www.sec.gov/Archives/edgar/data/860731/000095013405004575/0000950134-05-004575-index.htm",
    "finalLink": "https://www.sec.gov/Archives/edgar/data/860731/000095013405004575/d23024e10vk.htm"
  },
  {
    "date": "2004-09-30",
    "symbol": "TYL",
    "reportedCurrency": "USD",
    "cik": "0000860731",
    "fillingDate": "2004-10-29",
    "acceptedDate": "2004-10-28 20:59:15",
    "calendarYear": "2004",
    "period": "Q3",
    "revenue": 41811000,
    "costOfRevenue": 26515000,
    "grossProfit": 15296000,
    "grossProfitRatio": 0.3658367415,
    "researchAndDevelopmentExpenses": 0,
    "generalAndAdministrativeExpenses": 0,
    "sellingAndMarketingExpenses": 0,
    "sellingGeneralAndAdministrativeExpenses": 11312000,
    "otherExpenses": 583000,
    "operatingExpenses": 11895000,
    "costAndExpenses": 38410000,
    "interestIncome": 0,
    "interestExpense": 0,
    "depreciationAndAmortization": 2819000,
    "ebitda": 3401000,
    "ebitdaratio": 0.0813422305,
    "operatingIncome": 3401000,
    "operatingIncomeRatio": 0.0813422305,
    "totalOtherIncomeExpensesNet": 138000,
    "incomeBeforeTax": 3539000,
    "incomeBeforeTaxRatio": 0.0846427973,
    "incomeTaxExpense": 1507000,
    "netIncome": 2032000,
    "netIncomeRatio": 0.0485996508,
    "eps": 0.05,
    "epsdiluted": 0.05,
    "weightedAverageShsOut": 41307000,
    "weightedAverageShsOutDil": 44350000,
    "link": "https://www.sec.gov/Archives/edgar/data/860731/000095013404015936/0000950134-04-015936-index.htm",
    "finalLink": "https://www.sec.gov/Archives/edgar/data/860731/000095013404015936/d19496e10vq.htm"
  },
  {
    "date": "2004-06-30",
    "symbol": "TYL",
    "reportedCurrency": "USD",
    "cik": "0000860731",
    "fillingDate": "2004-07-30",
    "acceptedDate": "2004-07-30 12:36:49",
    "calendarYear": "2004",
    "period": "Q2",
    "revenue": 44263000,
    "costOfRevenue": 27163000,
    "grossProfit": 17100000,
    "grossProfitRatio": 0.3863271807,
    "researchAndDevelopmentExpenses": 0,
    "generalAndAdministrativeExpenses": 0,
    "sellingAndMarketingExpenses": 0,
    "sellingGeneralAndAdministrativeExpenses": 11412000,
    "otherExpenses": 670000,
    "operatingExpenses": 12082000,
    "costAndExpenses": 39245000,
    "interestIncome": 0,
    "interestExpense": 0,
    "depreciationAndAmortization": 2867000,
    "ebitda": 5018000,
    "ebitdaratio": 0.1133678241,
    "operatingIncome": 5018000,
    "operatingIncomeRatio": 0.1133678241,
    "totalOtherIncomeExpensesNet": 41000,
    "incomeBeforeTax": 5059000,
    "incomeBeforeTaxRatio": 0.1142941057,
    "incomeTaxExpense": 2084000,
    "netIncome": 2975000,
    "netIncomeRatio": 0.0672118926,
    "eps": 0.07,
    "epsdiluted": 0.07,
    "weightedAverageShsOut": 41420000,
    "weightedAverageShsOutDil": 44803000,
    "link": "https://www.sec.gov/Archives/edgar/data/860731/000095013404010919/0000950134-04-010919-index.htm",
    "finalLink": "https://www.sec.gov/Archives/edgar/data/860731/000095013404010919/d16991e10vq.htm"
  },
  {
    "date": "2004-03-31",
    "symbol": "TYL",
    "reportedCurrency": "USD",
    "cik": "0000860731",
    "fillingDate": "2004-04-29",
    "acceptedDate": "2004-04-29 17:27:28",
    "calendarYear": "2004",
    "period": "Q1",
    "revenue": 41462000,
    "costOfRevenue": 26637000,
    "grossProfit": 14825000,
    "grossProfitRatio": 0.3575563166,
    "researchAndDevelopmentExpenses": 0,
    "generalAndAdministrativeExpenses": 0,
    "sellingAndMarketingExpenses": 0,
    "sellingGeneralAndAdministrativeExpenses": 10527000,
    "otherExpenses": 922000,
    "operatingExpenses": 11449000,
    "costAndExpenses": 38086000,
    "interestIncome": 0,
    "interestExpense": 0,
    "depreciationAndAmortization": 2901000,
    "ebitda": 3376000,
    "ebitdaratio": 0.0814239545,
    "operatingIncome": 3376000,
    "operatingIncomeRatio": 0.0814239545,
    "totalOtherIncomeExpensesNet": 102000,
    "incomeBeforeTax": 3478000,
    "incomeBeforeTaxRatio": 0.0838840384,
    "incomeTaxExpense": 1387000,
    "netIncome": 2091000,
    "netIncomeRatio": 0.0504317206,
    "eps": 0.05,
    "epsdiluted": 0.05,
    "weightedAverageShsOut": 41468000,
    "weightedAverageShsOutDil": 45062000,
    "link": "https://www.sec.gov/Archives/edgar/data/860731/000095013404006271/0000950134-04-006271-index.htm",
    "finalLink": "https://www.sec.gov/Archives/edgar/data/860731/000095013404006271/d14855e10vq.htm"
  },
  {
    "date": "2003-12-31",
    "symbol": "TYL",
    "reportedCurrency": "USD",
    "cik": "0000860731",
    "fillingDate": "2004-02-27",
    "acceptedDate": "2004-02-26 21:32:30",
    "calendarYear": "2003",
    "period": "Q4",
    "revenue": 39120000,
    "costOfRevenue": 23264000,
    "grossProfit": 15856000,
    "grossProfitRatio": 0.4053169734,
    "researchAndDevelopmentExpenses": 0,
    "generalAndAdministrativeExpenses": 0,
    "sellingAndMarketingExpenses": 0,
    "sellingGeneralAndAdministrativeExpenses": 9550000,
    "otherExpenses": 741000,
    "operatingExpenses": 10291000,
    "costAndExpenses": 33555000,
    "interestIncome": 0,
    "interestExpense": 0,
    "depreciationAndAmortization": 2367000,
    "ebitda": 7932000,
    "ebitdaratio": 0.2027607362,
    "operatingIncome": 5565000,
    "operatingIncomeRatio": 0.1422546012,
    "totalOtherIncomeExpensesNet": 52000,
    "incomeBeforeTax": 5617000,
    "incomeBeforeTaxRatio": 0.1435838446,
    "incomeTaxExpense": 2149000,
    "netIncome": 3892000,
    "netIncomeRatio": 0.0994887526,
    "eps": 0.094,
    "epsdiluted": 0.086,
    "weightedAverageShsOut": 41468000,
    "weightedAverageShsOutDil": 45062000,
    "link": "https://www.sec.gov/Archives/edgar/data/860731/000095013404002615/0000950134-04-002615-index.htm",
    "finalLink": "https://www.sec.gov/Archives/edgar/data/860731/000095013404002615/d12912e10vk.htm"
  },
  {
    "date": "2003-09-30",
    "symbol": "TYL",
    "reportedCurrency": "USD",
    "cik": "0000860731",
    "fillingDate": "2003-10-30",
    "acceptedDate": "2003-10-30 17:11:05",
    "calendarYear": "2003",
    "period": "Q3",
    "revenue": 37874000,
    "costOfRevenue": 22404000,
    "grossProfit": 15470000,
    "grossProfitRatio": 0.4084596293,
    "researchAndDevelopmentExpenses": 0,
    "generalAndAdministrativeExpenses": 0,
    "sellingAndMarketingExpenses": 0,
    "sellingGeneralAndAdministrativeExpenses": 9678000,
    "otherExpenses": 680000,
    "operatingExpenses": 10358000,
    "costAndExpenses": 32762000,
    "interestIncome": 0,
    "interestExpense": 0,
    "depreciationAndAmortization": 2748000,
    "ebitda": 7860000,
    "ebitdaratio": 0.2075302318,
    "operatingIncome": 5112000,
    "operatingIncomeRatio": 0.1349738607,
    "totalOtherIncomeExpensesNet": 141000,
    "incomeBeforeTax": 5253000,
    "incomeBeforeTaxRatio": 0.1386967313,
    "incomeTaxExpense": 2020000,
    "netIncome": 3233000,
    "netIncomeRatio": 0.0853619898,
    "eps": 0.08,
    "epsdiluted": 0.07,
    "weightedAverageShsOut": 40464000,
    "weightedAverageShsOutDil": 43181000,
    "link": "https://www.sec.gov/Archives/edgar/data/860731/000095013403014220/0000950134-03-014220-index.htm",
    "finalLink": "https://www.sec.gov/Archives/edgar/data/860731/000095013403014220/d10005e10vq.txt"
  },
  {
    "date": "2003-06-30",
    "symbol": "TYL",
    "reportedCurrency": "USD",
    "cik": "0000860731",
    "fillingDate": "2003-07-31",
    "acceptedDate": "2003-07-31 17:09:02",
    "calendarYear": "2003",
    "period": "Q2",
    "revenue": 36135000,
    "costOfRevenue": 22272000,
    "grossProfit": 13863000,
    "grossProfitRatio": 0.3836446658,
    "researchAndDevelopmentExpenses": 0,
    "generalAndAdministrativeExpenses": 0,
    "sellingAndMarketingExpenses": 0,
    "sellingGeneralAndAdministrativeExpenses": 10061000,
    "otherExpenses": 725000,
    "operatingExpenses": 10786000,
    "costAndExpenses": 33058000,
    "interestIncome": 0,
    "interestExpense": 0,
    "depreciationAndAmortization": 2127000,
    "ebitda": 5204000,
    "ebitdaratio": 0.1440154974,
    "operatingIncome": 3077000,
    "operatingIncomeRatio": 0.0851528989,
    "totalOtherIncomeExpensesNet": 137000,
    "incomeBeforeTax": 3214000,
    "incomeBeforeTaxRatio": 0.0889442369,
    "incomeTaxExpense": 1233000,
    "netIncome": 1981000,
    "netIncomeRatio": 0.0548221945,
    "eps": 0.05,
    "epsdiluted": 0.04,
    "weightedAverageShsOut": 42881000,
    "weightedAverageShsOutDil": 44796000,
    "link": "https://www.sec.gov/Archives/edgar/data/860731/000095013403010782/0000950134-03-010782-index.htm",
    "finalLink": "https://www.sec.gov/Archives/edgar/data/860731/000095013403010782/d07837e10vq.txt"
  },
  {
    "date": "2003-03-31",
    "symbol": "TYL",
    "reportedCurrency": "USD",
    "cik": "0000860731",
    "fillingDate": "2003-05-02",
    "acceptedDate": "2003-05-02 15:20:40",
    "calendarYear": "2003",
    "period": "Q1",
    "revenue": 32325000,
    "costOfRevenue": 20681000,
    "grossProfit": 11644000,
    "grossProfitRatio": 0.3602165507,
    "researchAndDevelopmentExpenses": 0,
    "generalAndAdministrativeExpenses": 0,
    "sellingAndMarketingExpenses": 0,
    "sellingGeneralAndAdministrativeExpenses": 9101000,
    "otherExpenses": 785000,
    "operatingExpenses": 9886000,
    "costAndExpenses": 30567000,
    "interestIncome": 0,
    "interestExpense": 0,
    "depreciationAndAmortization": 2154000,
    "ebitda": 3912000,
    "ebitdaratio": 0.1210208817,
    "operatingIncome": 1758000,
    "operatingIncomeRatio": 0.0543851508,
    "totalOtherIncomeExpensesNet": 23242000,
    "incomeBeforeTax": 25000000,
    "incomeBeforeTaxRatio": 0.7733952049,
    "incomeTaxExpense": 7704000,
    "netIncome": 17296000,
    "netIncomeRatio": 0.5350657386,
    "eps": 0.38,
    "epsdiluted": 0.36,
    "weightedAverageShsOut": 45951000,
    "weightedAverageShsOutDil": 47738000,
    "link": "https://www.sec.gov/Archives/edgar/data/860731/000095013403007051/0000950134-03-007051-index.htm",
    "finalLink": "https://www.sec.gov/Archives/edgar/data/860731/000095013403007051/d05253e10vq.txt"
  },
  {
    "date": "2002-12-31",
    "symbol": "TYL",
    "reportedCurrency": "USD",
    "cik": "0000860731",
    "fillingDate": "2003-02-28",
    "acceptedDate": "2003-02-28 14:56:36",
    "calendarYear": "2002",
    "period": "Q4",
    "revenue": 37232000,
    "costOfRevenue": 23004000,
    "grossProfit": 14228000,
    "grossProfitRatio": 0.3821443919,
    "researchAndDevelopmentExpenses": 0,
    "generalAndAdministrativeExpenses": 0,
    "sellingAndMarketingExpenses": 0,
    "sellingGeneralAndAdministrativeExpenses": 8592000,
    "otherExpenses": 832000,
    "operatingExpenses": 9424000,
    "costAndExpenses": 32428000,
    "interestIncome": 0,
    "interestExpense": 0,
    "depreciationAndAmortization": 2167000,
    "ebitda": 6971000,
    "ebitdaratio": 0.1872314138,
    "operatingIncome": 4804000,
    "operatingIncomeRatio": 0.1290287924,
    "totalOtherIncomeExpensesNet": -718000,
    "incomeBeforeTax": 4086000,
    "incomeBeforeTaxRatio": 0.109744306,
    "incomeTaxExpense": 1505000,
    "netIncome": 4398000,
    "netIncomeRatio": 0.1181241942,
    "eps": 0.096,
    "epsdiluted": 0.092,
    "weightedAverageShsOut": 45951000,
    "weightedAverageShsOutDil": 47738000,
    "link": "https://www.sec.gov/Archives/edgar/data/860731/000095013403003229/0000950134-03-003229-index.htm",
    "finalLink": "https://www.sec.gov/Archives/edgar/data/860731/000095013403003229/d03636e10vk.txt"
  },
  {
    "date": "2002-09-30",
    "symbol": "TYL",
    "reportedCurrency": "USD",
    "cik": "0000860731",
    "fillingDate": "2002-10-31",
    "acceptedDate": "2002-10-31 15:36:56",
    "calendarYear": "2002",
    "period": "Q3",
    "revenue": 34693000,
    "costOfRevenue": 22381000,
    "grossProfit": 12312000,
    "grossProfitRatio": 0.3548842706,
    "researchAndDevelopmentExpenses": 0,
    "generalAndAdministrativeExpenses": 0,
    "sellingAndMarketingExpenses": 0,
    "sellingGeneralAndAdministrativeExpenses": 8546000,
    "otherExpenses": 832000,
    "operatingExpenses": 9378000,
    "costAndExpenses": 31759000,
    "interestIncome": 0,
    "interestExpense": 0,
    "depreciationAndAmortization": 2137000,
    "ebitda": 5071000,
    "ebitdaratio": 0.1461678148,
    "operatingIncome": 2934000,
    "operatingIncomeRatio": 0.0845703744,
    "totalOtherIncomeExpensesNet": -12000,
    "incomeBeforeTax": 2922000,
    "incomeBeforeTaxRatio": 0.0842244833,
    "incomeTaxExpense": 1183000,
    "netIncome": 1739000,
    "netIncomeRatio": 0.0501253855,
    "eps": 0.04,
    "epsdiluted": 0.04,
    "weightedAverageShsOut": 47173000,
    "weightedAverageShsOutDil": 49372000,
    "link": "https://www.sec.gov/Archives/edgar/data/860731/000095013402013179/0000950134-02-013179-index.htm",
    "finalLink": "https://www.sec.gov/Archives/edgar/data/860731/000095013402013179/d00762e10vq.txt"
  },
  {
    "date": "2002-06-30",
    "symbol": "TYL",
    "reportedCurrency": "USD",
    "cik": "0000860731",
    "fillingDate": "2002-08-05",
    "acceptedDate": "2002-08-05 11:29:08",
    "calendarYear": "2002",
    "period": "Q2",
    "revenue": 33316000,
    "costOfRevenue": 21608000,
    "grossProfit": 11708000,
    "grossProfitRatio": 0.3514227398,
    "researchAndDevelopmentExpenses": 0,
    "generalAndAdministrativeExpenses": 0,
    "sellingAndMarketingExpenses": 0,
    "sellingGeneralAndAdministrativeExpenses": 8756000,
    "otherExpenses": 831000,
    "operatingExpenses": 9587000,
    "costAndExpenses": 31195000,
    "interestIncome": 0,
    "interestExpense": 0,
    "depreciationAndAmortization": 2126000,
    "ebitda": 4247000,
    "ebitdaratio": 0.1274762877,
    "operatingIncome": 2121000,
    "operatingIncomeRatio": 0.0636631048,
    "totalOtherIncomeExpensesNet": -5000,
    "incomeBeforeTax": 2116000,
    "incomeBeforeTaxRatio": 0.0635130268,
    "incomeTaxExpense": 826000,
    "netIncome": 1290000,
    "netIncomeRatio": 0.0387201345,
    "eps": 0.03,
    "epsdiluted": 0.03,
    "weightedAverageShsOut": 47647000,
    "weightedAverageShsOutDil": 50405000,
    "link": "https://www.sec.gov/Archives/edgar/data/860731/000095013402008993/0000950134-02-008993-index.htm",
    "finalLink": "https://www.sec.gov/Archives/edgar/data/860731/000095013402008993/d98607e10vq.txt"
  },
  {
    "date": "2002-03-31",
    "symbol": "TYL",
    "reportedCurrency": "USD",
    "cik": "0000860731",
    "fillingDate": "2002-05-08",
    "acceptedDate": "2002-05-08 17:12:01",
    "calendarYear": "2002",
    "period": "Q1",
    "revenue": 28656000,
    "costOfRevenue": 18922000,
    "grossProfit": 9734000,
    "grossProfitRatio": 0.3396845338,
    "researchAndDevelopmentExpenses": 0,
    "generalAndAdministrativeExpenses": 0,
    "sellingAndMarketingExpenses": 0,
    "sellingGeneralAndAdministrativeExpenses": 8020000,
    "otherExpenses": 834000,
    "operatingExpenses": 8854000,
    "costAndExpenses": 27776000,
    "interestIncome": 0,
    "interestExpense": 0,
    "depreciationAndAmortization": 2092000,
    "ebitda": 2972000,
    "ebitdaratio": 0.1037130095,
    "operatingIncome": 880000,
    "operatingIncomeRatio": 0.0307091011,
    "totalOtherIncomeExpensesNet": 37000,
    "incomeBeforeTax": 917000,
    "incomeBeforeTaxRatio": 0.0320002792,
    "incomeTaxExpense": 355000,
    "netIncome": 562000,
    "netIncomeRatio": 0.0196119486,
    "eps": 0.01,
    "epsdiluted": 0.01,
    "weightedAverageShsOut": 47386000,
    "weightedAverageShsOutDil": 49725000,
    "link": "https://www.sec.gov/Archives/edgar/data/860731/000095013402004838/0000950134-02-004838-index.htm",
    "finalLink": "https://www.sec.gov/Archives/edgar/data/860731/000095013402004838/d96619e10-q.txt"
  },
  {
    "date": "2001-12-31",
    "symbol": "TYL",
    "reportedCurrency": "USD",
    "cik": "0000860731",
    "fillingDate": "2002-03-06",
    "acceptedDate": "2002-03-06 00:00:00",
    "calendarYear": "2001",
    "period": "Q4",
    "revenue": 31204000,
    "costOfRevenue": 19858000,
    "grossProfit": 11346000,
    "grossProfitRatio": 0.3636072298,
    "researchAndDevelopmentExpenses": 0,
    "generalAndAdministrativeExpenses": 0,
    "sellingAndMarketingExpenses": 0,
    "sellingGeneralAndAdministrativeExpenses": 8195000,
    "otherExpenses": 1486000,
    "operatingExpenses": 9681000,
    "costAndExpenses": 29539000,
    "interestIncome": 0,
    "interestExpense": 0,
    "depreciationAndAmortization": 2904000,
    "ebitda": 4569000,
    "ebitdaratio": 0.1464235354,
    "operatingIncome": 1430000,
    "operatingIncomeRatio": 0.045827458,
    "totalOtherIncomeExpensesNet": -120000,
    "incomeBeforeTax": 1310000,
    "incomeBeforeTaxRatio": 0.0419817972,
    "incomeTaxExpense": 1147000,
    "netIncome": 198000,
    "netIncomeRatio": 0.0063453403,
    "eps": 0.0042,
    "epsdiluted": 0.004,
    "weightedAverageShsOut": 47386000,
    "weightedAverageShsOutDil": 49725000,
    "link": "https://www.sec.gov/Archives/edgar/data/860731/000095013402001831/0000950134-02-001831-index.htm",
    "finalLink": "https://www.sec.gov/Archives/edgar/data/860731/000095013402001831/d94660e10-k405.txt"
  },
  {
    "date": "2001-09-30",
    "symbol": "TYL",
    "reportedCurrency": "USD",
    "cik": "0000860731",
    "fillingDate": "2001-11-08",
    "acceptedDate": "2001-11-08 00:00:00",
    "calendarYear": "2001",
    "period": "Q3",
    "revenue": 28435000,
    "costOfRevenue": 18515000,
    "grossProfit": 9920000,
    "grossProfitRatio": 0.3488658344,
    "researchAndDevelopmentExpenses": 0,
    "generalAndAdministrativeExpenses": 0,
    "sellingAndMarketingExpenses": 0,
    "sellingGeneralAndAdministrativeExpenses": 7508000,
    "otherExpenses": 1721000,
    "operatingExpenses": 9229000,
    "costAndExpenses": 27744000,
    "interestIncome": 0,
    "interestExpense": 0,
    "depreciationAndAmortization": 2811000,
    "ebitda": 3502000,
    "ebitdaratio": 0.1231580798,
    "operatingIncome": 691000,
    "operatingIncomeRatio": 0.0243010375,
    "totalOtherIncomeExpensesNet": -77000,
    "incomeBeforeTax": 614000,
    "incomeBeforeTaxRatio": 0.0215931071,
    "incomeTaxExpense": 363000,
    "netIncome": 228000,
    "netIncomeRatio": 0.0080182873,
    "eps": 0.0048,
    "epsdiluted": 0.0047,
    "weightedAverageShsOut": 47171000,
    "weightedAverageShsOutDil": 48396000,
    "link": "https://www.sec.gov/Archives/edgar/data/860731/000095013401508012/0000950134-01-508012-index.htm",
    "finalLink": "https://www.sec.gov/Archives/edgar/data/860731/000095013401508012/d91912e10-q.txt"
  },
  {
    "date": "2001-06-30",
    "symbol": "TYL",
    "reportedCurrency": "USD",
    "cik": "0000860731",
    "fillingDate": "2001-08-09",
    "acceptedDate": "2001-08-09 00:00:00",
    "calendarYear": "2001",
    "period": "Q2",
    "revenue": 30977000,
    "costOfRevenue": 20845000,
    "grossProfit": 10132000,
    "grossProfitRatio": 0.327081383,
    "researchAndDevelopmentExpenses": 0,
    "generalAndAdministrativeExpenses": 0,
    "sellingAndMarketingExpenses": 0,
    "sellingGeneralAndAdministrativeExpenses": 7782000,
    "otherExpenses": 1719000,
    "operatingExpenses": 9501000,
    "costAndExpenses": 30346000,
    "interestIncome": 0,
    "interestExpense": 0,
    "depreciationAndAmortization": 2679000,
    "ebitda": 3310000,
    "ebitdaratio": 0.1068534719,
    "operatingIncome": 866000,
    "operatingIncomeRatio": 0.0279562256,
    "totalOtherIncomeExpensesNet": -121000,
    "incomeBeforeTax": 745000,
    "incomeBeforeTaxRatio": 0.0240501017,
    "incomeTaxExpense": 373000,
    "netIncome": 371000,
    "netIncomeRatio": 0.0119766278,
    "eps": 0.01,
    "epsdiluted": 0.0078,
    "weightedAverageShsOut": 47149000,
    "weightedAverageShsOutDil": 47425000,
    "link": "https://www.sec.gov/Archives/edgar/data/860731/000095013401504870/0000950134-01-504870-index.htm",
    "finalLink": "https://www.sec.gov/Archives/edgar/data/860731/000095013401504870/d89624e10-q.txt"
  },
  {
    "date": "2001-03-31",
    "symbol": "TYL",
    "reportedCurrency": "USD",
    "cik": "0000860731",
    "fillingDate": "2001-05-10",
    "acceptedDate": "2001-05-10 00:00:00",
    "calendarYear": "2001",
    "period": "Q1",
    "revenue": 27272000,
    "costOfRevenue": 16135000,
    "grossProfit": 11137000,
    "grossProfitRatio": 0.4083675565,
    "researchAndDevelopmentExpenses": 0,
    "generalAndAdministrativeExpenses": 0,
    "sellingAndMarketingExpenses": 0,
    "sellingGeneralAndAdministrativeExpenses": 7580000,
    "otherExpenses": 1737000,
    "operatingExpenses": 9317000,
    "costAndExpenses": 25452000,
    "interestIncome": 0,
    "interestExpense": 0,
    "depreciationAndAmortization": 2516000,
    "ebitda": 6073000,
    "ebitdaratio": 0.2226826049,
    "operatingIncome": -696000,
    "operatingIncomeRatio": -0.0255206806,
    "totalOtherIncomeExpensesNet": -161000,
    "incomeBeforeTax": -857000,
    "incomeBeforeTaxRatio": -0.0314241713,
    "incomeTaxExpense": -343000,
    "netIncome": -528000,
    "netIncomeRatio": -0.0193605163,
    "eps": -0.0112,
    "epsdiluted": -0.0112,
    "weightedAverageShsOut": 47179000,
    "weightedAverageShsOutDil": 47179000,
    "link": "https://www.sec.gov/Archives/edgar/data/860731/000095013401501404/0000950134-01-501404-index.htm",
    "finalLink": "https://www.sec.gov/Archives/edgar/data/860731/000095013401501404/d86965e10-q.txt"
  },
  {
    "date": "2000-12-31",
    "symbol": "TYL",
    "reportedCurrency": "USD",
    "cik": "0000860731",
    "fillingDate": "2001-03-21",
    "acceptedDate": "2001-03-21 00:00:00",
    "calendarYear": "2000",
    "period": "Q4",
    "revenue": -5808000,
    "costOfRevenue": 2360000,
    "grossProfit": -8168000,
    "grossProfitRatio": 1.4063360882,
    "researchAndDevelopmentExpenses": 0,
    "generalAndAdministrativeExpenses": 0,
    "sellingAndMarketingExpenses": 0,
    "sellingGeneralAndAdministrativeExpenses": -2139000,
    "otherExpenses": -3989000,
    "operatingExpenses": -6128000,
    "costAndExpenses": -3768000,
    "interestIncome": 0,
    "interestExpense": 0,
    "depreciationAndAmortization": -3989000,
    "ebitda": -6029000,
    "ebitdaratio": 1.0380509642,
    "operatingIncome": -2040000,
    "operatingIncomeRatio": 0.3512396694,
    "totalOtherIncomeExpensesNet": 3571000,
    "incomeBeforeTax": 1531000,
    "incomeBeforeTaxRatio": -0.2636019284,
    "incomeTaxExpense": -649000,
    "netIncome": -14341000,
    "netIncomeRatio": 2.4691804408,
    "eps": -0.32,
    "epsdiluted": -0.3,
    "weightedAverageShsOut": 44953000,
    "weightedAverageShsOutDil": 47179000,
    "link": "https://www.sec.gov/Archives/edgar/data/860731/000095013401002412/0000950134-01-002412-index.htm",
    "finalLink": "https://www.sec.gov/Archives/edgar/data/860731/000095013401002412/d84862e10-k405.txt"
  },
  {
    "date": "2000-09-30",
    "symbol": "TYL",
    "reportedCurrency": "USD",
    "cik": "0000860731",
    "fillingDate": "2000-11-14",
    "acceptedDate": "2000-11-14 00:00:00",
    "calendarYear": "2000",
    "period": "Q3",
    "revenue": 34376000,
    "costOfRevenue": 17520000,
    "grossProfit": 16856000,
    "grossProfitRatio": 0.4903420991,
    "researchAndDevelopmentExpenses": 0,
    "generalAndAdministrativeExpenses": 0,
    "sellingAndMarketingExpenses": 0,
    "sellingGeneralAndAdministrativeExpenses": 11295000,
    "otherExpenses": 4902000,
    "operatingExpenses": 16197000,
    "costAndExpenses": 33717000,
    "interestIncome": 0,
    "interestExpense": 0,
    "depreciationAndAmortization": 4902000,
    "ebitda": 5561000,
    "ebitdaratio": 0.1617698394,
    "operatingIncome": 659000,
    "operatingIncomeRatio": 0.0191703514,
    "totalOtherIncomeExpensesNet": -3295000,
    "incomeBeforeTax": -2636000,
    "incomeBeforeTaxRatio": -0.0766814056,
    "incomeTaxExpense": -160000,
    "netIncome": -2558000,
    "netIncomeRatio": -0.0744123807,
    "eps": -0.0548,
    "epsdiluted": -0.0548,
    "weightedAverageShsOut": 46654000,
    "weightedAverageShsOutDil": 46654000,
    "link": "https://www.sec.gov/Archives/edgar/data/860731/000095013400009754/0000950134-00-009754-index.htm",
    "finalLink": "https://www.sec.gov/Archives/edgar/data/860731/000095013400009754/d81555e10-q.txt"
  },
  {
    "date": "2000-06-30",
    "symbol": "TYL",
    "reportedCurrency": "USD",
    "cik": "0000860731",
    "fillingDate": "2000-08-16",
    "acceptedDate": "2000-08-16 00:00:00",
    "calendarYear": "2000",
    "period": "Q2",
    "revenue": 32139000,
    "costOfRevenue": 17163000,
    "grossProfit": 14976000,
    "grossProfitRatio": 0.4659759171,
    "researchAndDevelopmentExpenses": 0,
    "generalAndAdministrativeExpenses": 0,
    "sellingAndMarketingExpenses": 0,
    "sellingGeneralAndAdministrativeExpenses": 12655000,
    "otherExpenses": 4576000,
    "operatingExpenses": 17231000,
    "costAndExpenses": 34394000,
    "interestIncome": 0,
    "interestExpense": 0,
    "depreciationAndAmortization": 4576000,
    "ebitda": 2321000,
    "ebitdaratio": 0.072217555,
    "operatingIncome": -2255000,
    "operatingIncomeRatio": -0.0701639752,
    "totalOtherIncomeExpensesNet": -2110000,
    "incomeBeforeTax": -4365000,
    "incomeBeforeTaxRatio": -0.135816298,
    "incomeTaxExpense": -454000,
    "netIncome": -3979000,
    "netIncomeRatio": -0.1238059678,
    "eps": -0.0886,
    "epsdiluted": -0.0886,
    "weightedAverageShsOut": 44894000,
    "weightedAverageShsOutDil": 44894000,
    "link": "https://www.sec.gov/Archives/edgar/data/860731/000095013400007182/0000950134-00-007182-index.htm",
    "finalLink": "https://www.sec.gov/Archives/edgar/data/860731/000095013400007182/e10-q.txt"
  },
  {
    "date": "2000-03-31",
    "symbol": "TYL",
    "reportedCurrency": "USD",
    "cik": "0000860731",
    "fillingDate": "2000-05-15",
    "acceptedDate": "2000-05-15 00:00:00",
    "calendarYear": "2000",
    "period": "Q1",
    "revenue": 32491000,
    "costOfRevenue": 17799000,
    "grossProfit": 14692000,
    "grossProfitRatio": 0.4521867594,
    "researchAndDevelopmentExpenses": 0,
    "generalAndAdministrativeExpenses": 0,
    "sellingAndMarketingExpenses": 0,
    "sellingGeneralAndAdministrativeExpenses": 12292000,
    "otherExpenses": 4197000,
    "operatingExpenses": 16489000,
    "costAndExpenses": 34288000,
    "interestIncome": 0,
    "interestExpense": 0,
    "depreciationAndAmortization": 4197000,
    "ebitda": 3574000,
    "ebitdaratio": 0.1099996922,
    "operatingIncome": -1797000,
    "operatingIncomeRatio": -0.0553076236,
    "totalOtherIncomeExpensesNet": -1482000,
    "incomeBeforeTax": -4847000,
    "incomeBeforeTaxRatio": -0.1491797729,
    "incomeTaxExpense": -1547000,
    "netIncome": -3719000,
    "netIncomeRatio": -0.1144624665,
    "eps": -0.0859,
    "epsdiluted": -0.0859,
    "weightedAverageShsOut": 43291000,
    "weightedAverageShsOutDil": 43291000,
    "link": "https://www.sec.gov/Archives/edgar/data/860731/000095013400004538/0000950134-00-004538-index.html",
    "finalLink": "https://www.sec.gov/Archives/edgar/data/860731/000095013400004538/"
  },
  {
    "date": "1999-12-31",
    "symbol": "TYL",
    "reportedCurrency": "USD",
    "cik": "0000860731",
    "fillingDate": "2000-04-07",
    "acceptedDate": "2000-04-07 00:00:00",
    "calendarYear": "1999",
    "period": "Q4",
    "revenue": 29801000,
    "costOfRevenue": 16867000,
    "grossProfit": 12934000,
    "grossProfitRatio": 0.4340122815,
    "researchAndDevelopmentExpenses": 0,
    "generalAndAdministrativeExpenses": 0,
    "sellingAndMarketingExpenses": 0,
    "sellingGeneralAndAdministrativeExpenses": 13009000,
    "otherExpenses": 3661000,
    "operatingExpenses": 16670000,
    "costAndExpenses": 33537000,
    "interestIncome": 0,
    "interestExpense": 0,
    "depreciationAndAmortization": 3661000,
    "ebitda": -75000,
    "ebitdaratio": -0.0025166941,
    "operatingIncome": -3736000,
    "operatingIncomeRatio": -0.1253649206,
    "totalOtherIncomeExpensesNet": -3424000,
    "incomeBeforeTax": -7160000,
    "incomeBeforeTaxRatio": -0.2402603939,
    "incomeTaxExpense": -2396000,
    "netIncome": -5624000,
    "netIncomeRatio": -0.1887184994,
    "eps": -0.13,
    "epsdiluted": -0.13,
    "weightedAverageShsOut": 43291000,
    "weightedAverageShsOutDil": 43291000,
    "link": "https://www.sec.gov/Archives/edgar/data/860731/000095013400003101/0000950134-00-003101-index.html",
    "finalLink": "https://www.sec.gov/Archives/edgar/data/860731/000095013400003101/"
  },
  {
    "date": "1999-09-30",
    "symbol": "TYL",
    "reportedCurrency": "USD",
    "cik": "0000860731",
    "fillingDate": "1999-11-12",
    "acceptedDate": "1999-11-12 00:00:00",
    "calendarYear": "1999",
    "period": "Q3",
    "revenue": 29500000,
    "costOfRevenue": 12700000,
    "grossProfit": 16800000,
    "grossProfitRatio": 0.5694915254,
    "researchAndDevelopmentExpenses": 0,
    "generalAndAdministrativeExpenses": 0,
    "sellingAndMarketingExpenses": 0,
    "sellingGeneralAndAdministrativeExpenses": 9800000,
    "otherExpenses": 3300000,
    "operatingExpenses": 13100000,
    "costAndExpenses": 25800000,
    "interestIncome": 0,
    "interestExpense": 0,
    "depreciationAndAmortization": 3300000,
    "ebitda": 5275000,
    "ebitdaratio": 0.1788135593,
    "operatingIncome": 3700000,
    "operatingIncomeRatio": 0.1254237288,
    "totalOtherIncomeExpensesNet": -1038000,
    "incomeBeforeTax": 2400000,
    "incomeBeforeTaxRatio": 0.0813559322,
    "incomeTaxExpense": 1200000,
    "netIncome": 600000,
    "netIncomeRatio": 0.0203389831,
    "eps": -0.01,
    "epsdiluted": -0.01,
    "weightedAverageShsOut": 40541000,
    "weightedAverageShsOutDil": 42074000,
    "link": "https://www.sec.gov/Archives/edgar/data/860731/000095013499009929/0000950134-99-009929-index.html",
    "finalLink": "https://www.sec.gov/Archives/edgar/data/860731/000095013499009929/"
  },
  {
    "date": "1999-06-30",
    "symbol": "TYL",
    "reportedCurrency": "USD",
    "cik": "0000860731",
    "fillingDate": "1999-08-13",
    "acceptedDate": "1999-08-13 00:00:00",
    "calendarYear": "1999",
    "period": "Q2",
    "revenue": 28700000,
    "costOfRevenue": 11800000,
    "grossProfit": 16900000,
    "grossProfitRatio": 0.5888501742,
    "researchAndDevelopmentExpenses": 0,
    "generalAndAdministrativeExpenses": 0,
    "sellingAndMarketingExpenses": 0,
    "sellingGeneralAndAdministrativeExpenses": 9600000,
    "otherExpenses": 2500000,
    "operatingExpenses": 12100000,
    "costAndExpenses": 23900000,
    "interestIncome": 0,
    "interestExpense": 0,
    "depreciationAndAmortization": 2500000,
    "ebitda": 5575000,
    "ebitdaratio": 0.1942508711,
    "operatingIncome": 4800000,
    "operatingIncomeRatio": 0.1672473868,
    "totalOtherIncomeExpensesNet": 925000,
    "incomeBeforeTax": 4000000,
    "incomeBeforeTaxRatio": 0.1393728223,
    "incomeTaxExpense": 2100000,
    "netIncome": 1100000,
    "netIncomeRatio": 0.0383275261,
    "eps": 0.03,
    "epsdiluted": 0.03,
    "weightedAverageShsOut": 36666667,
    "weightedAverageShsOutDil": 36666667,
    "link": "https://www.sec.gov/Archives/edgar/data/860731/000095013499007347/0000950134-99-007347-index.html",
    "finalLink": "https://www.sec.gov/Archives/edgar/data/860731/000095013499007347/"
  },
  {
    "date": "1999-03-31",
    "symbol": "TYL",
    "reportedCurrency": "USD",
    "cik": "0000860731",
    "fillingDate": "1999-05-17",
    "acceptedDate": "1999-05-17 00:00:00",
    "calendarYear": "1999",
    "period": "Q1",
    "revenue": 20400000,
    "costOfRevenue": 9100000,
    "grossProfit": 11300000,
    "grossProfitRatio": 0.5539215686,
    "researchAndDevelopmentExpenses": 0,
    "generalAndAdministrativeExpenses": 0,
    "sellingAndMarketingExpenses": 0,
    "sellingGeneralAndAdministrativeExpenses": 5500000,
    "otherExpenses": 1800000,
    "operatingExpenses": 7300000,
    "costAndExpenses": 16400000,
    "interestIncome": 0,
    "interestExpense": 0,
    "depreciationAndAmortization": 1800000,
    "ebitda": 5800000,
    "ebitdaratio": 0.2843137255,
    "operatingIncome": 4000000,
    "operatingIncomeRatio": 0.1960784314,
    "totalOtherIncomeExpensesNet": -829000,
    "incomeBeforeTax": 3300000,
    "incomeBeforeTaxRatio": 0.1617647059,
    "incomeTaxExpense": 1600000,
    "netIncome": 1100000,
    "netIncomeRatio": 0.0539215686,
    "eps": 0.03,
    "epsdiluted": 0.03,
    "weightedAverageShsOut": 35542000,
    "weightedAverageShsOutDil": 35542000,
    "link": "https://www.sec.gov/Archives/edgar/data/860731/000095013499004429/0000950134-99-004429-index.html",
    "finalLink": "https://www.sec.gov/Archives/edgar/data/860731/"
  },
  {
    "date": "1998-12-31",
    "symbol": "TYL",
    "reportedCurrency": "USD",
    "cik": "0000860731",
    "fillingDate": "1999-03-31",
    "acceptedDate": "1999-03-31 00:00:00",
    "calendarYear": "1998",
    "period": "Q4",
    "revenue": -41800000,
    "costOfRevenue": -20900000,
    "grossProfit": -20900000,
    "grossProfitRatio": 0.5,
    "researchAndDevelopmentExpenses": 0,
    "generalAndAdministrativeExpenses": 0,
    "sellingAndMarketingExpenses": 0,
    "sellingGeneralAndAdministrativeExpenses": -20500000,
    "otherExpenses": 700000,
    "operatingExpenses": -19800000,
    "costAndExpenses": -40700000,
    "interestIncome": 0,
    "interestExpense": 0,
    "depreciationAndAmortization": 700000,
    "ebitda": -400000,
    "ebitdaratio": 0.009569378,
    "operatingIncome": -1100000,
    "operatingIncomeRatio": 0.0263157895,
    "totalOtherIncomeExpensesNet": 400000,
    "incomeBeforeTax": -700000,
    "incomeBeforeTaxRatio": 0.0167464115,
    "incomeTaxExpense": 200000,
    "netIncome": -10800000,
    "netIncomeRatio": 0.2583732057,
    "eps": -0.29,
    "epsdiluted": -0.29,
    "weightedAverageShsOut": 36666667,
    "weightedAverageShsOutDil": 36666667,
    "link": "https://www.sec.gov/Archives/edgar/data/860731/000095013499002307/0000950134-99-002307-index.html",
    "finalLink": "https://www.sec.gov/Archives/edgar/data/860731/"
  },
  {
    "date": "1998-09-30",
    "symbol": "TYL",
    "reportedCurrency": "USD",
    "cik": "0000860731",
    "fillingDate": "1998-11-13",
    "acceptedDate": "1998-11-13 00:00:00",
    "calendarYear": "1998",
    "period": "Q3",
    "revenue": 35700000,
    "costOfRevenue": 17900000,
    "grossProfit": 17800000,
    "grossProfitRatio": 0.4985994398,
    "researchAndDevelopmentExpenses": 0,
    "generalAndAdministrativeExpenses": 0,
    "sellingAndMarketingExpenses": 0,
    "sellingGeneralAndAdministrativeExpenses": 13300000,
    "otherExpenses": 1900000,
    "operatingExpenses": 15200000,
    "costAndExpenses": 33100000,
    "interestIncome": 0,
    "interestExpense": 0,
    "depreciationAndAmortization": 3000000,
    "ebitda": 4500000,
    "ebitdaratio": 0.1260504202,
    "operatingIncome": 2600000,
    "operatingIncomeRatio": 0.0728291317,
    "totalOtherIncomeExpensesNet": -500000,
    "incomeBeforeTax": 1800000,
    "incomeBeforeTaxRatio": 0.0504201681,
    "incomeTaxExpense": 900000,
    "netIncome": 900000,
    "netIncomeRatio": 0.025210084,
    "eps": 0.03,
    "epsdiluted": 0.03,
    "weightedAverageShsOut": 30000000,
    "weightedAverageShsOutDil": 30000000,
    "link": "https://www.sec.gov/Archives/edgar/data/860731/000095013498008861/0000950134-98-008861-index.html",
    "finalLink": "https://www.sec.gov/Archives/edgar/data/860731/"
  },
  {
    "date": "1998-06-30",
    "symbol": "TYL",
    "reportedCurrency": "USD",
    "cik": "0000860731",
    "fillingDate": "1998-08-12",
    "acceptedDate": "1998-08-12 00:00:00",
    "calendarYear": "1998",
    "period": "Q2",
    "revenue": 33200000,
    "costOfRevenue": 17400000,
    "grossProfit": 15800000,
    "grossProfitRatio": 0.4759036145,
    "researchAndDevelopmentExpenses": 0,
    "generalAndAdministrativeExpenses": 0,
    "sellingAndMarketingExpenses": 0,
    "sellingGeneralAndAdministrativeExpenses": 12100000,
    "otherExpenses": 700000,
    "operatingExpenses": 12800000,
    "costAndExpenses": 30200000,
    "interestIncome": 0,
    "interestExpense": 0,
    "depreciationAndAmortization": 700000,
    "ebitda": 3500000,
    "ebitdaratio": 0.1054216867,
    "operatingIncome": 3000000,
    "operatingIncomeRatio": 0.0903614458,
    "totalOtherIncomeExpensesNet": -600000,
    "incomeBeforeTax": 1700000,
    "incomeBeforeTaxRatio": 0.0512048193,
    "incomeTaxExpense": 800000,
    "netIncome": 1300000,
    "netIncomeRatio": 0.0391566265,
    "eps": 0.04,
    "epsdiluted": 0.04,
    "weightedAverageShsOut": 32500000,
    "weightedAverageShsOutDil": 32500000,
    "link": "https://www.sec.gov/Archives/edgar/data/860731/000095013498006716/0000950134-98-006716-index.html",
    "finalLink": "https://www.sec.gov/Archives/edgar/data/860731/"
  },
  {
    "date": "1998-03-31",
    "symbol": "TYL",
    "reportedCurrency": "USD",
    "cik": "0000860731",
    "fillingDate": "1998-05-15",
    "acceptedDate": "1998-05-15 00:00:00",
    "calendarYear": "1998",
    "period": "Q1",
    "revenue": 23400000,
    "costOfRevenue": 12300000,
    "grossProfit": 11100000,
    "grossProfitRatio": 0.4743589744,
    "researchAndDevelopmentExpenses": 0,
    "generalAndAdministrativeExpenses": 0,
    "sellingAndMarketingExpenses": 0,
    "sellingGeneralAndAdministrativeExpenses": 9600000,
    "otherExpenses": 1100000,
    "operatingExpenses": 10700000,
    "costAndExpenses": 23000000,
    "interestIncome": 0,
    "interestExpense": 0,
    "depreciationAndAmortization": 1100000,
    "ebitda": 1500000,
    "ebitdaratio": 0.0641025641,
    "operatingIncome": 400000,
    "operatingIncomeRatio": 0.0170940171,
    "totalOtherIncomeExpensesNet": -100000,
    "incomeBeforeTax": 300000,
    "incomeBeforeTaxRatio": 0.0128205128,
    "incomeTaxExpense": 100000,
    "netIncome": 200000,
    "netIncomeRatio": 0.0085470085,
    "eps": 0.01,
    "epsdiluted": 0.01,
    "weightedAverageShsOut": 34116000,
    "weightedAverageShsOutDil": 34116000,
    "link": "https://www.sec.gov/Archives/edgar/data/860731/000095013498004447/0000950134-98-004447-index.html",
    "finalLink": "https://www.sec.gov/Archives/edgar/data/860731/"
  },
  {
    "date": "1997-12-31",
    "symbol": "TYL",
    "reportedCurrency": "USD",
    "cik": "0000860731",
    "fillingDate": "1998-03-26",
    "acceptedDate": "1998-03-26 00:00:00",
    "calendarYear": "1997",
    "period": "Q4",
    "revenue": 18200000,
    "costOfRevenue": 10100000,
    "grossProfit": 8100000,
    "grossProfitRatio": 0.4450549451,
    "researchAndDevelopmentExpenses": 0,
    "generalAndAdministrativeExpenses": 0,
    "sellingAndMarketingExpenses": 0,
    "sellingGeneralAndAdministrativeExpenses": 7600000,
    "otherExpenses": 600000,
    "operatingExpenses": 8200000,
    "costAndExpenses": 18300000,
    "interestIncome": 0,
    "interestExpense": 0,
    "depreciationAndAmortization": 600000,
    "ebitda": 500000,
    "ebitdaratio": 0.0274725275,
    "operatingIncome": -100000,
    "operatingIncomeRatio": -0.0054945055,
    "totalOtherIncomeExpensesNet": 200000,
    "incomeBeforeTax": 100000,
    "incomeBeforeTaxRatio": 0.0054945055,
    "incomeTaxExpense": -300000,
    "netIncome": -500000,
    "netIncomeRatio": -0.0274725275,
    "eps": -0.0147,
    "epsdiluted": -0.0147,
    "weightedAverageShsOut": 34116000,
    "weightedAverageShsOutDil": 34116000,
    "link": "https://www.sec.gov/Archives/edgar/data/860731/000095013498002441/0000950134-98-002441-index.html",
    "finalLink": "https://www.sec.gov/Archives/edgar/data/860731/"
  },
  {
    "date": "1997-09-30",
    "symbol": "TYL",
    "reportedCurrency": "USD",
    "cik": "0000860731",
    "fillingDate": "1997-11-07",
    "acceptedDate": "1997-11-07 00:00:00",
    "calendarYear": "1997",
    "period": "Q3",
    "revenue": 20200000,
    "costOfRevenue": 11600000,
    "grossProfit": 8600000,
    "grossProfitRatio": 0.4257425743,
    "researchAndDevelopmentExpenses": 0,
    "generalAndAdministrativeExpenses": 0,
    "sellingAndMarketingExpenses": 0,
    "sellingGeneralAndAdministrativeExpenses": 8300000,
    "otherExpenses": 100000,
    "operatingExpenses": 8400000,
    "costAndExpenses": 20000000,
    "interestIncome": 0,
    "interestExpense": 0,
    "depreciationAndAmortization": 100000,
    "ebitda": 300000,
    "ebitdaratio": 0.0148514851,
    "operatingIncome": 200000,
    "operatingIncomeRatio": 0.0099009901,
    "totalOtherIncomeExpensesNet": 300000,
    "incomeBeforeTax": 500000,
    "incomeBeforeTaxRatio": 0.0247524752,
    "incomeTaxExpense": 200000,
    "netIncome": -2200000,
    "netIncomeRatio": -0.1089108911,
    "eps": -0.13,
    "epsdiluted": -0.13,
    "weightedAverageShsOut": 16923077,
    "weightedAverageShsOutDil": 16923077,
    "link": "https://www.sec.gov/Archives/edgar/data/860731/000095013497008047/0000950134-97-008047-index.html",
    "finalLink": "https://www.sec.gov/Archives/edgar/data/860731/"
  },
  {
    "date": "1997-06-30",
    "symbol": "TYL",
    "reportedCurrency": "USD",
    "cik": "0000860731",
    "fillingDate": "1997-08-14",
    "acceptedDate": "1997-08-14 00:00:00",
    "calendarYear": "1997",
    "period": "Q2",
    "revenue": 23000000,
    "costOfRevenue": 11600000,
    "grossProfit": 11400000,
    "grossProfitRatio": 0.4956521739,
    "researchAndDevelopmentExpenses": 0,
    "generalAndAdministrativeExpenses": 0,
    "sellingAndMarketingExpenses": 0,
    "sellingGeneralAndAdministrativeExpenses": 12600000,
    "otherExpenses": 700000,
    "operatingExpenses": 13300000,
    "costAndExpenses": 24900000,
    "interestIncome": 0,
    "interestExpense": 0,
    "depreciationAndAmortization": 700000,
    "ebitda": -1200000,
    "ebitdaratio": -0.052173913,
    "operatingIncome": -1900000,
    "operatingIncomeRatio": -0.0826086957,
    "totalOtherIncomeExpensesNet": 200000,
    "incomeBeforeTax": -1700000,
    "incomeBeforeTaxRatio": -0.0739130435,
    "incomeTaxExpense": -600000,
    "netIncome": -1100000,
    "netIncomeRatio": -0.047826087,
    "eps": -0.06,
    "epsdiluted": -0.06,
    "weightedAverageShsOut": 18333333,
    "weightedAverageShsOutDil": 18333333,
    "link": "https://www.sec.gov/Archives/edgar/data/860731/000095013497006177/0000950134-97-006177-index.html",
    "finalLink": "https://www.sec.gov/Archives/edgar/data/860731/"
  },
  {
    "date": "1997-03-31",
    "symbol": "TYL",
    "reportedCurrency": "USD",
    "cik": "0000860731",
    "fillingDate": "1997-05-12",
    "acceptedDate": "1997-05-12 00:00:00",
    "calendarYear": "1997",
    "period": "Q1",
    "revenue": 26500000,
    "costOfRevenue": 11500000,
    "grossProfit": 15000000,
    "grossProfitRatio": 0.5660377358,
    "researchAndDevelopmentExpenses": 0,
    "generalAndAdministrativeExpenses": 0,
    "sellingAndMarketingExpenses": 0,
    "sellingGeneralAndAdministrativeExpenses": 14200000,
    "otherExpenses": 700000,
    "operatingExpenses": 14900000,
    "costAndExpenses": 26400000,
    "interestIncome": 0,
    "interestExpense": 0,
    "depreciationAndAmortization": 700000,
    "ebitda": 800000,
    "ebitdaratio": 0.0301886792,
    "operatingIncome": 100000,
    "operatingIncomeRatio": 0.0037735849,
    "totalOtherIncomeExpensesNet": 100000,
    "incomeBeforeTax": 200000,
    "incomeBeforeTaxRatio": 0.0075471698,
    "incomeTaxExpense": 100000,
    "netIncome": 100000,
    "netIncomeRatio": 0.0037735849,
    "eps": 0.01,
    "epsdiluted": 0.01,
    "weightedAverageShsOut": 19883000,
    "weightedAverageShsOutDil": 19883000,
    "link": "https://www.sec.gov/Archives/edgar/data/860731/000095013497003666/0000950134-97-003666-index.html",
    "finalLink": "https://www.sec.gov/Archives/edgar/data/860731/"
  },
  {
    "date": "1996-12-31",
    "symbol": "TYL",
    "reportedCurrency": "USD",
    "cik": "0000860731",
    "fillingDate": "1997-03-10",
    "acceptedDate": "1997-03-10 00:00:00",
    "calendarYear": "1996",
    "period": "Q4",
    "revenue": 45200000,
    "costOfRevenue": 17700000,
    "grossProfit": 27500000,
    "grossProfitRatio": 0.6084070796,
    "researchAndDevelopmentExpenses": 0,
    "generalAndAdministrativeExpenses": 0,
    "sellingAndMarketingExpenses": 0,
    "sellingGeneralAndAdministrativeExpenses": 32100000,
    "otherExpenses": 1400000,
    "operatingExpenses": 33500000,
    "costAndExpenses": 51200000,
    "interestIncome": 0,
    "interestExpense": 0,
    "depreciationAndAmortization": 1400000,
    "ebitda": -4600000,
    "ebitdaratio": -0.1017699115,
    "operatingIncome": -6000000,
    "operatingIncomeRatio": -0.1327433628,
    "totalOtherIncomeExpensesNet": -52100000,
    "incomeBeforeTax": -58100000,
    "incomeBeforeTaxRatio": -1.2853982301,
    "incomeTaxExpense": -2800000,
    "netIncome": -56600000,
    "netIncomeRatio": -1.2522123894,
    "eps": -2.85,
    "epsdiluted": -2.85,
    "weightedAverageShsOut": 19883000,
    "weightedAverageShsOutDil": 19883000,
    "link": "https://www.sec.gov/Archives/edgar/data/860731/000095013497001663/0000950134-97-001663-index.html",
    "finalLink": "https://www.sec.gov/Archives/edgar/data/860731/"
  },
  {
    "date": "1996-09-30",
    "symbol": "TYL",
    "reportedCurrency": "USD",
    "cik": "0000860731",
    "fillingDate": "1996-11-14",
    "acceptedDate": "1996-11-14 00:00:00",
    "calendarYear": "1996",
    "period": "Q3",
    "revenue": 25900000,
    "costOfRevenue": 12800000,
    "grossProfit": 13100000,
    "grossProfitRatio": 0.5057915058,
    "researchAndDevelopmentExpenses": 0,
    "generalAndAdministrativeExpenses": 0,
    "sellingAndMarketingExpenses": 0,
    "sellingGeneralAndAdministrativeExpenses": 15600000,
    "otherExpenses": 1100000,
    "operatingExpenses": 16700000,
    "costAndExpenses": 29500000,
    "interestIncome": 0,
    "interestExpense": 0,
    "depreciationAndAmortization": 1100000,
    "ebitda": -2500000,
    "ebitdaratio": -0.0965250965,
    "operatingIncome": -3600000,
    "operatingIncomeRatio": -0.138996139,
    "totalOtherIncomeExpensesNet": 0,
    "incomeBeforeTax": -3600000,
    "incomeBeforeTaxRatio": -0.138996139,
    "incomeTaxExpense": -100000,
    "netIncome": -3500000,
    "netIncomeRatio": -0.1351351351,
    "eps": -0.18,
    "epsdiluted": -0.18,
    "weightedAverageShsOut": 19444444,
    "weightedAverageShsOutDil": 19444444,
    "link": "https://www.sec.gov/Archives/edgar/data/860731/000095013496006194/0000950134-96-006194-index.html",
    "finalLink": "https://www.sec.gov/Archives/edgar/data/860731/"
  },
  {
    "date": "1996-06-30",
    "symbol": "TYL",
    "reportedCurrency": "USD",
    "cik": "0000860731",
    "fillingDate": "1996-08-14",
    "acceptedDate": "1996-08-14 00:00:00",
    "calendarYear": "1996",
    "period": "Q2",
    "revenue": 26600000,
    "costOfRevenue": 13200000,
    "grossProfit": 13400000,
    "grossProfitRatio": 0.5037593985,
    "researchAndDevelopmentExpenses": 0,
    "generalAndAdministrativeExpenses": 0,
    "sellingAndMarketingExpenses": 0,
    "sellingGeneralAndAdministrativeExpenses": 14900000,
    "otherExpenses": 1000000,
    "operatingExpenses": 15900000,
    "costAndExpenses": 29100000,
    "interestIncome": 0,
    "interestExpense": 0,
    "depreciationAndAmortization": 1000000,
    "ebitda": -1500000,
    "ebitdaratio": -0.0563909774,
    "operatingIncome": -2500000,
    "operatingIncomeRatio": -0.0939849624,
    "totalOtherIncomeExpensesNet": 100000,
    "incomeBeforeTax": -2400000,
    "incomeBeforeTaxRatio": -0.0902255639,
    "incomeTaxExpense": -1300000,
    "netIncome": -1100000,
    "netIncomeRatio": -0.0413533835,
    "eps": -0.06,
    "epsdiluted": -0.06,
    "weightedAverageShsOut": 18333333,
    "weightedAverageShsOutDil": 18333333,
    "link": "https://www.sec.gov/Archives/edgar/data/860731/000095013496004282/0000950134-96-004282-index.html",
    "finalLink": "https://www.sec.gov/Archives/edgar/data/860731/"
  },
  {
    "date": "1996-03-31",
    "symbol": "TYL",
    "reportedCurrency": "USD",
    "cik": "0000860731",
    "fillingDate": "1996-05-14",
    "acceptedDate": "1996-05-14 00:00:00",
    "calendarYear": "1996",
    "period": "Q1",
    "revenue": 30800000,
    "costOfRevenue": 13200000,
    "grossProfit": 17600000,
    "grossProfitRatio": 0.5714285714,
    "researchAndDevelopmentExpenses": 0,
    "generalAndAdministrativeExpenses": 0,
    "sellingAndMarketingExpenses": 0,
    "sellingGeneralAndAdministrativeExpenses": 16800000,
    "otherExpenses": 1000000,
    "operatingExpenses": 17800000,
    "costAndExpenses": 31000000,
    "interestIncome": 0,
    "interestExpense": 0,
    "depreciationAndAmortization": 1000000,
    "ebitda": 800000,
    "ebitdaratio": 0.025974026,
    "operatingIncome": -200000,
    "operatingIncomeRatio": -0.0064935065,
    "totalOtherIncomeExpensesNet": 0,
    "incomeBeforeTax": -200000,
    "incomeBeforeTaxRatio": -0.0064935065,
    "incomeTaxExpense": -100000,
    "netIncome": -100000,
    "netIncomeRatio": -0.0032467532,
    "eps": -0.005,
    "epsdiluted": -0.005,
    "weightedAverageShsOut": 19875000,
    "weightedAverageShsOutDil": 19875000,
    "link": "https://www.sec.gov/Archives/edgar/data/860731/000095013496002017/0000950134-96-002017-index.html",
    "finalLink": "https://www.sec.gov/Archives/edgar/data/860731/"
  },
  {
    "date": "1995-12-31",
    "symbol": "TYL",
    "reportedCurrency": "USD",
    "cik": "0000860731",
    "fillingDate": "1995-12-31",
    "acceptedDate": "1995-12-31 00:00:00",
    "calendarYear": "1995",
    "period": "Q4",
    "revenue": -114000000,
    "costOfRevenue": -122000000,
    "grossProfit": 8000000,
    "grossProfitRatio": -0.0701754386,
    "researchAndDevelopmentExpenses": 0,
    "generalAndAdministrativeExpenses": 0,
    "sellingAndMarketingExpenses": 0,
    "sellingGeneralAndAdministrativeExpenses": 7700000,
    "otherExpenses": -5700000,
    "operatingExpenses": 2000000,
    "costAndExpenses": -120000000,
    "interestIncome": 0,
    "interestExpense": 0,
    "depreciationAndAmortization": -5700000,
    "ebitda": 300000,
    "ebitdaratio": -0.0026315789,
    "operatingIncome": 6000000,
    "operatingIncomeRatio": -0.0526315789,
    "totalOtherIncomeExpensesNet": 2000000,
    "incomeBeforeTax": 8000000,
    "incomeBeforeTaxRatio": -0.0701754386,
    "incomeTaxExpense": 4700000,
    "netIncome": -13000000,
    "netIncomeRatio": 0.1140350877,
    "eps": -0.67,
    "epsdiluted": -0.65,
    "weightedAverageShsOut": 19529412,
    "weightedAverageShsOutDil": 19875000,
    "link": null,
    "finalLink": null
  },
  {
    "date": "1995-09-30",
    "symbol": "TYL",
    "reportedCurrency": "USD",
    "cik": "0000860731",
    "fillingDate": "1995-09-30",
    "acceptedDate": "1995-09-30 00:00:00",
    "calendarYear": "1995",
    "period": "Q3",
    "revenue": 86400000,
    "costOfRevenue": 63200000,
    "grossProfit": 23200000,
    "grossProfitRatio": 0.2685185185,
    "researchAndDevelopmentExpenses": 0,
    "generalAndAdministrativeExpenses": 0,
    "sellingAndMarketingExpenses": 0,
    "sellingGeneralAndAdministrativeExpenses": 22000000,
    "otherExpenses": 3600000,
    "operatingExpenses": 25600000,
    "costAndExpenses": 88800000,
    "interestIncome": 0,
    "interestExpense": 0,
    "depreciationAndAmortization": 3600000,
    "ebitda": 1200000,
    "ebitdaratio": 0.0138888889,
    "operatingIncome": -2400000,
    "operatingIncomeRatio": -0.0277777778,
    "totalOtherIncomeExpensesNet": -1400000,
    "incomeBeforeTax": -3800000,
    "incomeBeforeTaxRatio": -0.0439814815,
    "incomeTaxExpense": -1500000,
    "netIncome": -2300000,
    "netIncomeRatio": -0.0266203704,
    "eps": -0.11,
    "epsdiluted": -0.11,
    "weightedAverageShsOut": 20909091,
    "weightedAverageShsOutDil": 20909091,
    "link": null,
    "finalLink": null
  }
]