[
  {
    "date": "2025-06-30",
    "symbol": "UAL",
    "reportedCurrency": "USD",
    "cik": "0000100517",
    "fillingDate": "2025-07-17",
    "acceptedDate": "2025-07-17 16:05:27",
    "calendarYear": "2025",
    "period": "Q2",
    "revenue": 15236000000,
    "costOfRevenue": 5345000000,
    "grossProfit": 9891000000,
    "grossProfitRatio": 0.6491861381,
    "researchAndDevelopmentExpenses": 0,
    "generalAndAdministrativeExpenses": 0,
    "sellingAndMarketingExpenses": 487000000,
    "sellingGeneralAndAdministrativeExpenses": 487000000,
    "otherExpenses": 8079000000,
    "operatingExpenses": 8566000000,
    "costAndExpenses": 13911000000,
    "interestIncome": 167000000,
    "interestExpense": 310000000,
    "depreciationAndAmortization": 733000000,
    "ebitda": 2291000000,
    "ebitdaratio": 0.1503675505,
    "operatingIncome": 1325000000,
    "operatingIncomeRatio": 0.0869650827,
    "totalOtherIncomeExpensesNet": -77000000,
    "incomeBeforeTax": 1248000000,
    "incomeBeforeTaxRatio": 0.0819112628,
    "incomeTaxExpense": 275000000,
    "netIncome": 973000000,
    "netIncomeRatio": 0.063861906,
    "eps": 2.97,
    "epsdiluted": 2.97,
    "weightedAverageShsOut": 327200000,
    "weightedAverageShsOutDil": 327200000,
    "link": "https://www.sec.gov/Archives/edgar/data/100517/000010051725000147/0000100517-25-000147-index.htm",
    "finalLink": "https://www.sec.gov/Archives/edgar/data/100517/000010051725000147/ual-20250630.htm"
  },
  {
    "date": "2025-03-31",
    "symbol": "UAL",
    "reportedCurrency": "USD",
    "cik": "0000100517",
    "fillingDate": "2025-04-16",
    "acceptedDate": "2025-04-16 16:07:48",
    "calendarYear": "2025",
    "period": "Q1",
    "revenue": 13212000000,
    "costOfRevenue": 4937000000,
    "grossProfit": 8275000000,
    "grossProfitRatio": 0.6263245534,
    "researchAndDevelopmentExpenses": 0,
    "generalAndAdministrativeExpenses": 0,
    "sellingAndMarketingExpenses": 496000000,
    "sellingGeneralAndAdministrativeExpenses": 496000000,
    "otherExpenses": 7172000000,
    "operatingExpenses": 7668000000,
    "costAndExpenses": 12605000000,
    "interestIncome": 164000000,
    "interestExpense": 308000000,
    "depreciationAndAmortization": 727000000,
    "ebitda": 849000000,
    "ebitdaratio": 0.0642597639,
    "operatingIncome": 607000000,
    "operatingIncomeRatio": 0.045943082,
    "totalOtherIncomeExpensesNet": -129000000,
    "incomeBeforeTax": 478000000,
    "incomeBeforeTaxRatio": 0.036179231,
    "incomeTaxExpense": 91000000,
    "netIncome": 387000000,
    "netIncomeRatio": 0.0292915531,
    "eps": 1.18,
    "epsdiluted": 1.16,
    "weightedAverageShsOut": 333000000,
    "weightedAverageShsOutDil": 333000000,
    "link": "https://www.sec.gov/Archives/edgar/data/100517/000010051725000091/0000100517-25-000091-index.htm",
    "finalLink": "https://www.sec.gov/Archives/edgar/data/100517/000010051725000091/ual-20250331.htm"
  },
  {
    "date": "2024-12-31",
    "symbol": "UAL",
    "reportedCurrency": "USD",
    "cik": "0000100517",
    "fillingDate": "2025-01-21",
    "acceptedDate": "2025-01-21 15:59:53",
    "calendarYear": "2024",
    "period": "Q4",
    "revenue": 14695000000,
    "costOfRevenue": 10183000000,
    "grossProfit": 4512000000,
    "grossProfitRatio": 0.307043212,
    "researchAndDevelopmentExpenses": 0,
    "generalAndAdministrativeExpenses": 0,
    "sellingAndMarketingExpenses": 551000000,
    "sellingGeneralAndAdministrativeExpenses": 551000000,
    "otherExpenses": 2459000000,
    "operatingExpenses": 3010000000,
    "costAndExpenses": 13193000000,
    "interestIncome": 172000000,
    "interestExpense": 316000000,
    "depreciationAndAmortization": 0,
    "ebitda": 1622000000,
    "ebitdaratio": 0.1103776795,
    "operatingIncome": 1502000000,
    "operatingIncomeRatio": 0.1022116366,
    "totalOtherIncomeExpensesNet": -196000000,
    "incomeBeforeTax": 1306000000,
    "incomeBeforeTaxRatio": 0.0888737666,
    "incomeTaxExpense": 322000000,
    "netIncome": 984000000,
    "netIncomeRatio": 0.0669615515,
    "eps": 3,
    "epsdiluted": 2.94,
    "weightedAverageShsOut": 327899771,
    "weightedAverageShsOutDil": 334500000,
    "link": "https://www.sec.gov/Archives/edgar/data/100517/000010051725000046/0000100517-25-000046-index.htm",
    "finalLink": "https://www.sec.gov/Archives/edgar/data/100517/000010051725000046/ual-20241231.htm"
  },
  {
    "date": "2024-09-30",
    "symbol": "UAL",
    "reportedCurrency": "USD",
    "cik": "0000100517",
    "fillingDate": "2024-10-16",
    "acceptedDate": "2024-10-16 16:09:22",
    "calendarYear": "2024",
    "period": "Q3",
    "revenue": 14843000000,
    "costOfRevenue": 10405000000,
    "grossProfit": 4438000000,
    "grossProfitRatio": 0.2989961598,
    "researchAndDevelopmentExpenses": 0,
    "generalAndAdministrativeExpenses": 0,
    "sellingAndMarketingExpenses": 574000000,
    "sellingGeneralAndAdministrativeExpenses": 574000000,
    "otherExpenses": 2299000000,
    "operatingExpenses": 2873000000,
    "costAndExpenses": 13278000000,
    "interestIncome": 187000000,
    "interestExpense": 326000000,
    "depreciationAndAmortization": 742000000,
    "ebitda": 2354000000,
    "ebitdaratio": 0.1585932763,
    "operatingIncome": 1565000000,
    "operatingIncomeRatio": 0.1054369063,
    "totalOtherIncomeExpensesNet": -279000000,
    "incomeBeforeTax": 1286000000,
    "incomeBeforeTaxRatio": 0.0866401671,
    "incomeTaxExpense": 321000000,
    "netIncome": 965000000,
    "netIncomeRatio": 0.0650138112,
    "eps": 2.93,
    "epsdiluted": 2.9,
    "weightedAverageShsOut": 329000000,
    "weightedAverageShsOutDil": 332700000,
    "link": "https://www.sec.gov/Archives/edgar/data/100517/000010051724000136/0000100517-24-000136-index.htm",
    "finalLink": "https://www.sec.gov/Archives/edgar/data/100517/000010051724000136/ual-20240930.htm"
  },
  {
    "date": "2024-06-30",
    "symbol": "UAL",
    "reportedCurrency": "USD",
    "cik": "0000100517",
    "fillingDate": "2024-07-18",
    "acceptedDate": "2024-07-18 16:02:43",
    "calendarYear": "2024",
    "period": "Q2",
    "revenue": 14986000000,
    "costOfRevenue": 10184000000,
    "grossProfit": 4802000000,
    "grossProfitRatio": 0.3204324036,
    "researchAndDevelopmentExpenses": 0,
    "generalAndAdministrativeExpenses": 0,
    "sellingAndMarketingExpenses": 626000000,
    "sellingGeneralAndAdministrativeExpenses": 626000000,
    "otherExpenses": 2247000000,
    "operatingExpenses": 2873000000,
    "costAndExpenses": 13057000000,
    "interestIncome": 190000000,
    "interestExpense": 367000000,
    "depreciationAndAmortization": 719000000,
    "ebitda": 2825000000,
    "ebitdaratio": 0.1885092753,
    "operatingIncome": 1929000000,
    "operatingIncomeRatio": 0.1287201388,
    "totalOtherIncomeExpensesNet": -190000000,
    "incomeBeforeTax": 1739000000,
    "incomeBeforeTaxRatio": 0.1160416389,
    "incomeTaxExpense": 416000000,
    "netIncome": 1323000000,
    "netIncomeRatio": 0.0882823969,
    "eps": 4.02,
    "epsdiluted": 3.96,
    "weightedAverageShsOut": 328800000,
    "weightedAverageShsOutDil": 333900000,
    "link": "https://www.sec.gov/Archives/edgar/data/100517/000010051724000121/0000100517-24-000121-index.htm",
    "finalLink": "https://www.sec.gov/Archives/edgar/data/100517/000010051724000121/ual-20240630.htm"
  },
  {
    "date": "2024-03-31",
    "symbol": "UAL",
    "reportedCurrency": "USD",
    "cik": "0000100517",
    "fillingDate": "2024-04-17",
    "acceptedDate": "2024-04-17 16:01:39",
    "calendarYear": "2024",
    "period": "Q1",
    "revenue": 12539000000,
    "costOfRevenue": 9799000000,
    "grossProfit": 2740000000,
    "grossProfitRatio": 0.2185182231,
    "researchAndDevelopmentExpenses": 0,
    "generalAndAdministrativeExpenses": 0,
    "sellingAndMarketingExpenses": 480000000,
    "sellingGeneralAndAdministrativeExpenses": 480000000,
    "otherExpenses": 2161000000,
    "operatingExpenses": 2641000000,
    "costAndExpenses": 12440000000,
    "interestIncome": 177000000,
    "interestExpense": 393000000,
    "depreciationAndAmortization": 708000000,
    "ebitda": 937000000,
    "ebitdaratio": 0.0747268522,
    "operatingIncome": 99000000,
    "operatingIncomeRatio": 0.0078953665,
    "totalOtherIncomeExpensesNet": -263000000,
    "incomeBeforeTax": -164000000,
    "incomeBeforeTaxRatio": -0.0130791929,
    "incomeTaxExpense": -40000000,
    "netIncome": -124000000,
    "netIncomeRatio": -0.0098891459,
    "eps": -0.38,
    "epsdiluted": -0.38,
    "weightedAverageShsOut": 328300000,
    "weightedAverageShsOutDil": 328300000,
    "link": "https://www.sec.gov/Archives/edgar/data/100517/000010051724000079/0000100517-24-000079-index.htm",
    "finalLink": "https://www.sec.gov/Archives/edgar/data/100517/000010051724000079/ual-20240331.htm"
  },
  {
    "date": "2023-12-31",
    "symbol": "UAL",
    "reportedCurrency": "USD",
    "cik": "0000100517",
    "fillingDate": "2024-02-29",
    "acceptedDate": "2024-02-29 16:30:18",
    "calendarYear": "2023",
    "period": "Q4",
    "revenue": 13626000000,
    "costOfRevenue": 9937000000,
    "grossProfit": 3689000000,
    "grossProfitRatio": 0.2707324233,
    "researchAndDevelopmentExpenses": 0,
    "generalAndAdministrativeExpenses": 0,
    "sellingAndMarketingExpenses": 571000000,
    "sellingGeneralAndAdministrativeExpenses": 571000000,
    "otherExpenses": 2121000000,
    "operatingExpenses": 2692000000,
    "costAndExpenses": 12629000000,
    "interestIncome": 207000000,
    "interestExpense": 430000000,
    "depreciationAndAmortization": 684000000,
    "ebitda": 1885000000,
    "ebitdaratio": 0.1383384706,
    "operatingIncome": 997000000,
    "operatingIncomeRatio": 0.0731689417,
    "totalOtherIncomeExpensesNet": -227000000,
    "incomeBeforeTax": 771000000,
    "incomeBeforeTaxRatio": 0.0565830031,
    "incomeTaxExpense": 172000000,
    "netIncome": 599000000,
    "netIncomeRatio": 0.0439600763,
    "eps": 1.83,
    "epsdiluted": 1.81,
    "weightedAverageShsOut": 328018739,
    "weightedAverageShsOutDil": 331300000,
    "link": "https://www.sec.gov/Archives/edgar/data/100517/000010051724000027/0000100517-24-000027-index.htm",
    "finalLink": "https://www.sec.gov/Archives/edgar/data/100517/000010051724000027/ual-20231231.htm"
  },
  {
    "date": "2023-09-30",
    "symbol": "UAL",
    "reportedCurrency": "USD",
    "cik": "0000100517",
    "fillingDate": "2023-10-18",
    "acceptedDate": "2023-10-18 16:07:57",
    "calendarYear": "2023",
    "period": "Q3",
    "revenue": 14484000000,
    "costOfRevenue": 10042000000,
    "grossProfit": 4442000000,
    "grossProfitRatio": 0.3066832367,
    "researchAndDevelopmentExpenses": 0,
    "generalAndAdministrativeExpenses": 0,
    "sellingAndMarketingExpenses": 516000000,
    "sellingGeneralAndAdministrativeExpenses": 516000000,
    "otherExpenses": 2187000000,
    "operatingExpenses": 2703000000,
    "costAndExpenses": 12745000000,
    "interestIncome": 234000000,
    "interestExpense": 445000000,
    "depreciationAndAmortization": 663000000,
    "ebitda": 2593000000,
    "ebitdaratio": 0.1790251312,
    "operatingIncome": 1739000000,
    "operatingIncomeRatio": 0.1200635184,
    "totalOtherIncomeExpensesNet": -254000000,
    "incomeBeforeTax": 1485000000,
    "incomeBeforeTaxRatio": 0.1025269263,
    "incomeTaxExpense": 348000000,
    "netIncome": 1137000000,
    "netIncomeRatio": 0.0785004143,
    "eps": 3.47,
    "epsdiluted": 3.42,
    "weightedAverageShsOut": 328000000,
    "weightedAverageShsOutDil": 332400000,
    "link": "https://www.sec.gov/Archives/edgar/data/100517/000010051723000186/0000100517-23-000186-index.htm",
    "finalLink": "https://www.sec.gov/Archives/edgar/data/100517/000010051723000186/ual-20230930.htm"
  },
  {
    "date": "2023-06-30",
    "symbol": "UAL",
    "reportedCurrency": "USD",
    "cik": "0000100517",
    "fillingDate": "2023-07-20",
    "acceptedDate": "2023-07-20 16:06:29",
    "calendarYear": "2023",
    "period": "Q2",
    "revenue": 14178000000,
    "costOfRevenue": 9298000000,
    "grossProfit": 4880000000,
    "grossProfitRatio": 0.344195232,
    "researchAndDevelopmentExpenses": 0,
    "generalAndAdministrativeExpenses": 0,
    "sellingAndMarketingExpenses": 487000000,
    "sellingGeneralAndAdministrativeExpenses": 487000000,
    "otherExpenses": 2876000000,
    "operatingExpenses": 3363000000,
    "costAndExpenses": 12661000000,
    "interestIncome": 216000000,
    "interestExpense": 451000000,
    "depreciationAndAmortization": 669000000,
    "ebitda": 2507000000,
    "ebitdaratio": 0.1768232473,
    "operatingIncome": 1517000000,
    "operatingIncomeRatio": 0.1069967555,
    "totalOtherIncomeExpensesNet": -130000000,
    "incomeBeforeTax": 1387000000,
    "incomeBeforeTaxRatio": 0.0978276203,
    "incomeTaxExpense": 312000000,
    "netIncome": 1075000000,
    "netIncomeRatio": 0.0758216956,
    "eps": 3.28,
    "epsdiluted": 3.24,
    "weightedAverageShsOut": 331500000,
    "weightedAverageShsOutDil": 331500000,
    "link": "https://www.sec.gov/Archives/edgar/data/100517/000010051723000153/0000100517-23-000153-index.htm",
    "finalLink": "https://www.sec.gov/Archives/edgar/data/100517/000010051723000153/ual-20230630.htm"
  },
  {
    "date": "2023-03-31",
    "symbol": "UAL",
    "reportedCurrency": "USD",
    "cik": "0000100517",
    "fillingDate": "2023-04-20",
    "acceptedDate": "2023-04-20 16:37:51",
    "calendarYear": "2023",
    "period": "Q1",
    "revenue": 11429000000,
    "costOfRevenue": 9241000000,
    "grossProfit": 2188000000,
    "grossProfitRatio": 0.1914428209,
    "researchAndDevelopmentExpenses": 0,
    "generalAndAdministrativeExpenses": 0,
    "sellingAndMarketingExpenses": 403000000,
    "sellingGeneralAndAdministrativeExpenses": 403000000,
    "otherExpenses": 1828000000,
    "operatingExpenses": 2231000000,
    "costAndExpenses": 11472000000,
    "interestIncome": 170000000,
    "interestExpense": 448000000,
    "depreciationAndAmortization": 655000000,
    "ebitda": 847000000,
    "ebitdaratio": 0.0741097209,
    "operatingIncome": -43000000,
    "operatingIncomeRatio": -0.0037623589,
    "totalOtherIncomeExpensesNet": -213000000,
    "incomeBeforeTax": -256000000,
    "incomeBeforeTaxRatio": -0.02239916,
    "incomeTaxExpense": -62000000,
    "netIncome": -194000000,
    "netIncomeRatio": -0.0169743635,
    "eps": -0.59,
    "epsdiluted": -0.59,
    "weightedAverageShsOut": 327400000,
    "weightedAverageShsOutDil": 327400000,
    "link": "https://www.sec.gov/Archives/edgar/data/100517/000010051723000116/0000100517-23-000116-index.htm",
    "finalLink": "https://www.sec.gov/Archives/edgar/data/100517/000010051723000116/ual-20230331.htm"
  },
  {
    "date": "2022-12-31",
    "symbol": "UAL",
    "reportedCurrency": "USD",
    "cik": "0000100517",
    "fillingDate": "2023-02-16",
    "acceptedDate": "2023-02-16 17:27:38",
    "calendarYear": "2022",
    "period": "Q4",
    "revenue": 12400000000,
    "costOfRevenue": 8828000000,
    "grossProfit": 3572000000,
    "grossProfitRatio": 0.2880645161,
    "researchAndDevelopmentExpenses": 0,
    "generalAndAdministrativeExpenses": 0,
    "sellingAndMarketingExpenses": 434000000,
    "sellingGeneralAndAdministrativeExpenses": 434000000,
    "otherExpenses": 1763000000,
    "operatingExpenses": 2197000000,
    "costAndExpenses": 11025000000,
    "interestIncome": 156000000,
    "interestExpense": 447000000,
    "depreciationAndAmortization": 0,
    "ebitda": 1575000000,
    "ebitdaratio": 0.127016129,
    "operatingIncome": 1375000000,
    "operatingIncomeRatio": 0.1108870968,
    "totalOtherIncomeExpensesNet": -245000000,
    "incomeBeforeTax": 1130000000,
    "incomeBeforeTaxRatio": 0.0911290323,
    "incomeTaxExpense": 287000000,
    "netIncome": 843000000,
    "netIncomeRatio": 0.067983871,
    "eps": 2.58,
    "epsdiluted": 2.55,
    "weightedAverageShsOut": 326930321,
    "weightedAverageShsOutDil": 330400000,
    "link": "https://www.sec.gov/Archives/edgar/data/100517/000010051723000048/0000100517-23-000048-index.htm",
    "finalLink": "https://www.sec.gov/Archives/edgar/data/100517/000010051723000048/ual-20221231.htm"
  },
  {
    "date": "2022-09-30",
    "symbol": "UAL",
    "reportedCurrency": "USD",
    "cik": "0000100517",
    "fillingDate": "2022-10-19",
    "acceptedDate": "2022-10-19 16:08:15",
    "calendarYear": "2022",
    "period": "Q3",
    "revenue": 12877000000,
    "costOfRevenue": 9127000000,
    "grossProfit": 3750000000,
    "grossProfitRatio": 0.2912168983,
    "researchAndDevelopmentExpenses": 0,
    "generalAndAdministrativeExpenses": 0,
    "sellingAndMarketingExpenses": 482000000,
    "sellingGeneralAndAdministrativeExpenses": 482000000,
    "otherExpenses": 1809000000,
    "operatingExpenses": 2291000000,
    "costAndExpenses": 11419000000,
    "interestIncome": 104000000,
    "interestExpense": 428000000,
    "depreciationAndAmortization": 610000000,
    "ebitda": 2191000000,
    "ebitdaratio": 0.1701483265,
    "operatingIncome": 1458000000,
    "operatingIncomeRatio": 0.1132251301,
    "totalOtherIncomeExpensesNet": -305000000,
    "incomeBeforeTax": 1153000000,
    "incomeBeforeTaxRatio": 0.089539489,
    "incomeTaxExpense": 211000000,
    "netIncome": 942000000,
    "netIncomeRatio": 0.0731536849,
    "eps": 2.88,
    "epsdiluted": 2.86,
    "weightedAverageShsOut": 329370629,
    "weightedAverageShsOutDil": 329500000,
    "link": "https://www.sec.gov/Archives/edgar/data/100517/000010051722000078/0000100517-22-000078-index.htm",
    "finalLink": "https://www.sec.gov/Archives/edgar/data/100517/000010051722000078/ual-20220930.htm"
  },
  {
    "date": "2022-06-30",
    "symbol": "UAL",
    "reportedCurrency": "USD",
    "cik": "0000100517",
    "fillingDate": "2022-07-21",
    "acceptedDate": "2022-07-21 16:09:11",
    "calendarYear": "2022",
    "period": "Q2",
    "revenue": 12112000000,
    "costOfRevenue": 9087000000,
    "grossProfit": 3025000000,
    "grossProfitRatio": 0.2497523118,
    "researchAndDevelopmentExpenses": 0,
    "generalAndAdministrativeExpenses": 0,
    "sellingAndMarketingExpenses": 393000000,
    "sellingGeneralAndAdministrativeExpenses": 393000000,
    "otherExpenses": 1754000000,
    "operatingExpenses": 2147000000,
    "costAndExpenses": 11234000000,
    "interestIncome": 33000000,
    "interestExpense": 398000000,
    "depreciationAndAmortization": 611000000,
    "ebitda": 1468000000,
    "ebitdaratio": 0.1212021136,
    "operatingIncome": 878000000,
    "operatingIncomeRatio": 0.0724900925,
    "totalOtherIncomeExpensesNet": -419000000,
    "incomeBeforeTax": 459000000,
    "incomeBeforeTaxRatio": 0.0378963012,
    "incomeTaxExpense": 130000000,
    "netIncome": 329000000,
    "netIncomeRatio": 0.027163144,
    "eps": 1.01,
    "epsdiluted": 1,
    "weightedAverageShsOut": 329000000,
    "weightedAverageShsOutDil": 330300000,
    "link": "https://www.sec.gov/Archives/edgar/data/100517/000010051722000047/0000100517-22-000047-index.htm",
    "finalLink": "https://www.sec.gov/Archives/edgar/data/100517/000010051722000047/ual-20220630.htm"
  },
  {
    "date": "2022-03-31",
    "symbol": "UAL",
    "reportedCurrency": "USD",
    "cik": "0000100517",
    "fillingDate": "2022-04-21",
    "acceptedDate": "2022-04-21 16:05:51",
    "calendarYear": "2022",
    "period": "Q1",
    "revenue": 7566000000,
    "costOfRevenue": 7273000000,
    "grossProfit": 293000000,
    "grossProfitRatio": 0.0387258789,
    "researchAndDevelopmentExpenses": 0,
    "generalAndAdministrativeExpenses": 0,
    "sellingAndMarketingExpenses": 226000000,
    "sellingGeneralAndAdministrativeExpenses": 226000000,
    "otherExpenses": 1451000000,
    "operatingExpenses": 1677000000,
    "costAndExpenses": 8942000000,
    "interestIncome": 5000000,
    "interestExpense": 400000000,
    "depreciationAndAmortization": 611000000,
    "ebitda": -741000000,
    "ebitdaratio": -0.0979381443,
    "operatingIncome": -1384000000,
    "operatingIncomeRatio": -0.1829236056,
    "totalOtherIncomeExpensesNet": -368000000,
    "incomeBeforeTax": -1752000000,
    "incomeBeforeTaxRatio": -0.2315622522,
    "incomeTaxExpense": -375000000,
    "netIncome": -1377000000,
    "netIncomeRatio": -0.181998414,
    "eps": -4.24,
    "epsdiluted": -4.24,
    "weightedAverageShsOut": 325000000,
    "weightedAverageShsOutDil": 325000000,
    "link": "https://www.sec.gov/Archives/edgar/data/100517/000010051722000024/0000100517-22-000024-index.htm",
    "finalLink": "https://www.sec.gov/Archives/edgar/data/100517/000010051722000024/ual-20220331.htm"
  },
  {
    "date": "2021-12-31",
    "symbol": "UAL",
    "reportedCurrency": "USD",
    "cik": "0000100517",
    "fillingDate": "2022-02-18",
    "acceptedDate": "2022-02-18 16:16:13",
    "calendarYear": "2021",
    "period": "Q4",
    "revenue": 8192000000,
    "costOfRevenue": 6904000000,
    "grossProfit": 1288000000,
    "grossProfitRatio": 0.1572265625,
    "researchAndDevelopmentExpenses": 0,
    "generalAndAdministrativeExpenses": 0,
    "sellingAndMarketingExpenses": 235000000,
    "sellingGeneralAndAdministrativeExpenses": 235000000,
    "otherExpenses": 1461000000,
    "operatingExpenses": 1696000000,
    "costAndExpenses": 8600000000,
    "interestIncome": 6000000,
    "interestExpense": 406000000,
    "depreciationAndAmortization": 619000000,
    "ebitda": 180000000,
    "ebitdaratio": 0.0219726563,
    "operatingIncome": -408000000,
    "operatingIncomeRatio": -0.0498046875,
    "totalOtherIncomeExpensesNet": -437000000,
    "incomeBeforeTax": -845000000,
    "incomeBeforeTaxRatio": -0.1031494141,
    "incomeTaxExpense": -199000000,
    "netIncome": -646000000,
    "netIncomeRatio": -0.0788574219,
    "eps": -1.99,
    "epsdiluted": -1.99,
    "weightedAverageShsOut": 323800000,
    "weightedAverageShsOutDil": 323800000,
    "link": "https://www.sec.gov/Archives/edgar/data/100517/000010051722000009/0000100517-22-000009-index.htm",
    "finalLink": "https://www.sec.gov/Archives/edgar/data/100517/000010051722000009/ual-20211231.htm"
  },
  {
    "date": "2021-09-30",
    "symbol": "UAL",
    "reportedCurrency": "USD",
    "cik": "0000100517",
    "fillingDate": "2021-10-20",
    "acceptedDate": "2021-10-20 16:17:20",
    "calendarYear": "2021",
    "period": "Q3",
    "revenue": 7750000000,
    "costOfRevenue": 6396000000,
    "grossProfit": 1354000000,
    "grossProfitRatio": 0.1747096774,
    "researchAndDevelopmentExpenses": 0,
    "generalAndAdministrativeExpenses": 0,
    "sellingAndMarketingExpenses": 218000000,
    "sellingGeneralAndAdministrativeExpenses": 218000000,
    "otherExpenses": 99000000,
    "operatingExpenses": 317000000,
    "costAndExpenses": 6713000000,
    "interestIncome": 11000000,
    "interestExpense": 431000000,
    "depreciationAndAmortization": 623000000,
    "ebitda": 1657000000,
    "ebitdaratio": 0.2138064516,
    "operatingIncome": 1037000000,
    "operatingIncomeRatio": 0.1338064516,
    "totalOtherIncomeExpensesNet": -434000000,
    "incomeBeforeTax": 603000000,
    "incomeBeforeTaxRatio": 0.0778064516,
    "incomeTaxExpense": 130000000,
    "netIncome": 473000000,
    "netIncomeRatio": 0.0610322581,
    "eps": 1.46,
    "epsdiluted": 1.44,
    "weightedAverageShsOut": 328472222,
    "weightedAverageShsOutDil": 329000000,
    "link": "https://www.sec.gov/Archives/edgar/data/100517/000010051721000072/0000100517-21-000072-index.htm",
    "finalLink": "https://www.sec.gov/Archives/edgar/data/100517/000010051721000072/ual-20210930.htm"
  },
  {
    "date": "2021-06-30",
    "symbol": "UAL",
    "reportedCurrency": "USD",
    "cik": "0000100517",
    "fillingDate": "2021-07-22",
    "acceptedDate": "2021-07-21 18:54:00",
    "calendarYear": "2021",
    "period": "Q2",
    "revenue": 5471000000,
    "costOfRevenue": 5593000000,
    "grossProfit": -122000000,
    "grossProfitRatio": -0.0222993968,
    "researchAndDevelopmentExpenses": 0,
    "generalAndAdministrativeExpenses": 0,
    "sellingAndMarketingExpenses": 139000000,
    "sellingGeneralAndAdministrativeExpenses": 139000000,
    "otherExpenses": 9000000,
    "operatingExpenses": 148000000,
    "costAndExpenses": 5741000000,
    "interestIncome": 12000000,
    "interestExpense": 404000000,
    "depreciationAndAmortization": 620000000,
    "ebitda": 460000000,
    "ebitdaratio": 0.0840796929,
    "operatingIncome": -270000000,
    "operatingIncomeRatio": -0.0493511241,
    "totalOtherIncomeExpensesNet": -294000000,
    "incomeBeforeTax": -564000000,
    "incomeBeforeTaxRatio": -0.1030890148,
    "incomeTaxExpense": -130000000,
    "netIncome": -434000000,
    "netIncomeRatio": -0.0793273625,
    "eps": -1.34,
    "epsdiluted": -1.34,
    "weightedAverageShsOut": 323600000,
    "weightedAverageShsOutDil": 323600000,
    "link": "https://www.sec.gov/Archives/edgar/data/100517/000010051721000055/0000100517-21-000055-index.htm",
    "finalLink": "https://www.sec.gov/Archives/edgar/data/100517/000010051721000055/ual-20210630.htm"
  },
  {
    "date": "2021-03-31",
    "symbol": "UAL",
    "reportedCurrency": "USD",
    "cik": "0000100517",
    "fillingDate": "2021-04-22",
    "acceptedDate": "2021-04-22 16:52:24",
    "calendarYear": "2021",
    "period": "Q1",
    "revenue": 3221000000,
    "costOfRevenue": 4623000000,
    "grossProfit": -1402000000,
    "grossProfitRatio": -0.4352685501,
    "researchAndDevelopmentExpenses": 0,
    "generalAndAdministrativeExpenses": 0,
    "sellingAndMarketingExpenses": 85000000,
    "sellingGeneralAndAdministrativeExpenses": 85000000,
    "otherExpenses": -106000000,
    "operatingExpenses": -21000000,
    "costAndExpenses": 4602000000,
    "interestIncome": 7000000,
    "interestExpense": 336000000,
    "depreciationAndAmortization": 623000000,
    "ebitda": -792000000,
    "ebitdaratio": -0.2458863707,
    "operatingIncome": -1381000000,
    "operatingIncomeRatio": -0.4287488358,
    "totalOtherIncomeExpensesNet": -370000000,
    "incomeBeforeTax": -1751000000,
    "incomeBeforeTaxRatio": -0.5436199938,
    "incomeTaxExpense": -394000000,
    "netIncome": -1357000000,
    "netIncomeRatio": -0.4212977336,
    "eps": -4.29,
    "epsdiluted": -4.29,
    "weightedAverageShsOut": 323577438,
    "weightedAverageShsOutDil": 316600000,
    "link": "https://www.sec.gov/Archives/edgar/data/100517/000010051721000026/0000100517-21-000026-index.htm",
    "finalLink": "https://www.sec.gov/Archives/edgar/data/100517/000010051721000026/ual-20210331.htm"
  },
  {
    "date": "2020-12-31",
    "symbol": "UAL",
    "reportedCurrency": "USD",
    "cik": "0000100517",
    "fillingDate": "2021-03-01",
    "acceptedDate": "2021-03-01 07:46:29",
    "calendarYear": "2020",
    "period": "Q4",
    "revenue": 3412000000,
    "costOfRevenue": 4790000000,
    "grossProfit": -1378000000,
    "grossProfitRatio": -0.4038686987,
    "researchAndDevelopmentExpenses": 0,
    "generalAndAdministrativeExpenses": 0,
    "sellingAndMarketingExpenses": 80000000,
    "sellingGeneralAndAdministrativeExpenses": 80000000,
    "otherExpenses": 677000000,
    "operatingExpenses": 757000000,
    "costAndExpenses": 5547000000,
    "interestIncome": 5000000,
    "interestExpense": 334000000,
    "depreciationAndAmortization": 0,
    "ebitda": -2039000000,
    "ebitdaratio": -0.5975967175,
    "operatingIncome": -2135000000,
    "operatingIncomeRatio": -0.6257327081,
    "totalOtherIncomeExpensesNet": -238000000,
    "incomeBeforeTax": -2373000000,
    "incomeBeforeTaxRatio": -0.6954865182,
    "incomeTaxExpense": -476000000,
    "netIncome": -1897000000,
    "netIncomeRatio": -0.555978898,
    "eps": -6.08,
    "epsdiluted": -6.08,
    "weightedAverageShsOut": 311845232,
    "weightedAverageShsOutDil": 311845232,
    "link": "https://www.sec.gov/Archives/edgar/data/100517/000010051721000016/0000100517-21-000016-index.htm",
    "finalLink": "https://www.sec.gov/Archives/edgar/data/100517/000010051721000016/ual-20201231.htm"
  },
  {
    "date": "2020-09-30",
    "symbol": "UAL",
    "reportedCurrency": "USD",
    "cik": "0000100517",
    "fillingDate": "2020-10-15",
    "acceptedDate": "2020-10-15 16:07:35",
    "calendarYear": "2020",
    "period": "Q3",
    "revenue": 2489000000,
    "costOfRevenue": 4453000000,
    "grossProfit": -1964000000,
    "grossProfitRatio": -0.7890719164,
    "researchAndDevelopmentExpenses": 0,
    "generalAndAdministrativeExpenses": 0,
    "sellingAndMarketingExpenses": 53000000,
    "sellingGeneralAndAdministrativeExpenses": 53000000,
    "otherExpenses": -402000000,
    "operatingExpenses": -349000000,
    "costAndExpenses": 4104000000,
    "interestIncome": 8000000,
    "interestExpense": 329000000,
    "depreciationAndAmortization": 626000000,
    "ebitda": -1377000000,
    "ebitdaratio": -0.5532342306,
    "operatingIncome": -1615000000,
    "operatingIncomeRatio": -0.6488549618,
    "totalOtherIncomeExpensesNet": -717000000,
    "incomeBeforeTax": -2332000000,
    "incomeBeforeTaxRatio": -0.9369224588,
    "incomeTaxExpense": -491000000,
    "netIncome": -1841000000,
    "netIncomeRatio": -0.7396544797,
    "eps": -6.33,
    "epsdiluted": -6.33,
    "weightedAverageShsOut": 291000000,
    "weightedAverageShsOutDil": 291000000,
    "link": "https://www.sec.gov/Archives/edgar/data/100517/000010051720000056/0000100517-20-000056-index.htm",
    "finalLink": "https://www.sec.gov/Archives/edgar/data/100517/000010051720000056/ual-20200930.htm"
  },
  {
    "date": "2020-06-30",
    "symbol": "UAL",
    "reportedCurrency": "USD",
    "cik": "0000100517",
    "fillingDate": "2020-07-22",
    "acceptedDate": "2020-07-22 17:26:08",
    "calendarYear": "2020",
    "period": "Q2",
    "revenue": 1475000000,
    "costOfRevenue": 4002000000,
    "grossProfit": -2527000000,
    "grossProfitRatio": -1.713220339,
    "researchAndDevelopmentExpenses": 0,
    "generalAndAdministrativeExpenses": 0,
    "sellingAndMarketingExpenses": 31000000,
    "sellingGeneralAndAdministrativeExpenses": 31000000,
    "otherExpenses": -921000000,
    "operatingExpenses": -890000000,
    "costAndExpenses": 3112000000,
    "interestIncome": 11000000,
    "interestExpense": 179000000,
    "depreciationAndAmortization": 618000000,
    "ebitda": -1206000000,
    "ebitdaratio": -0.8176271186,
    "operatingIncome": -1637000000,
    "operatingIncomeRatio": -1.1098305085,
    "totalOtherIncomeExpensesNet": -366000000,
    "incomeBeforeTax": -2003000000,
    "incomeBeforeTaxRatio": -1.3579661017,
    "incomeTaxExpense": -376000000,
    "netIncome": -1627000000,
    "netIncomeRatio": -1.1030508475,
    "eps": -5.8,
    "epsdiluted": -5.79,
    "weightedAverageShsOut": 280700000,
    "weightedAverageShsOutDil": 280700000,
    "link": "https://www.sec.gov/Archives/edgar/data/100517/000010051720000046/0000100517-20-000046-index.htm",
    "finalLink": "https://www.sec.gov/Archives/edgar/data/100517/000010051720000046/ual10q06302020.htm"
  },
  {
    "date": "2020-03-31",
    "symbol": "UAL",
    "reportedCurrency": "USD",
    "cik": "0000100517",
    "fillingDate": "2020-05-04",
    "acceptedDate": "2020-05-04 08:41:11",
    "calendarYear": "2020",
    "period": "Q1",
    "revenue": 7979000000,
    "costOfRevenue": 7140000000,
    "grossProfit": 839000000,
    "grossProfitRatio": 0.1051510214,
    "researchAndDevelopmentExpenses": 0,
    "generalAndAdministrativeExpenses": 0,
    "sellingAndMarketingExpenses": 295000000,
    "sellingGeneralAndAdministrativeExpenses": 295000000,
    "otherExpenses": 1516000000,
    "operatingExpenses": 1811000000,
    "costAndExpenses": 8951000000,
    "interestIncome": 26000000,
    "interestExpense": 150000000,
    "depreciationAndAmortization": 615000000,
    "ebitda": -1349000000,
    "ebitdaratio": -0.1690688056,
    "operatingIncome": -972000000,
    "operatingIncomeRatio": -0.1218197769,
    "totalOtherIncomeExpensesNet": -1142000000,
    "incomeBeforeTax": -2114000000,
    "incomeBeforeTaxRatio": -0.2649454819,
    "incomeTaxExpense": -410000000,
    "netIncome": -1704000000,
    "netIncomeRatio": -0.2135605966,
    "eps": -6.89,
    "epsdiluted": -6.86,
    "weightedAverageShsOut": 248500000,
    "weightedAverageShsOutDil": 248500000,
    "link": "https://www.sec.gov/Archives/edgar/data/100517/000010051720000037/0000100517-20-000037-index.htm",
    "finalLink": "https://www.sec.gov/Archives/edgar/data/100517/000010051720000037/ual10q03312020.htm"
  },
  {
    "date": "2019-12-31",
    "symbol": "UAL",
    "reportedCurrency": "USD",
    "cik": "0000100517",
    "fillingDate": "2020-02-25",
    "acceptedDate": "2020-02-24 21:53:59",
    "calendarYear": "2019",
    "period": "Q4",
    "revenue": 10888000000,
    "costOfRevenue": 7850000000,
    "grossProfit": 3038000000,
    "grossProfitRatio": 0.2790227774,
    "researchAndDevelopmentExpenses": 0,
    "generalAndAdministrativeExpenses": 0,
    "sellingAndMarketingExpenses": 417000000,
    "sellingGeneralAndAdministrativeExpenses": 417000000,
    "otherExpenses": 1760000000,
    "operatingExpenses": 2177000000,
    "costAndExpenses": 10027000000,
    "interestIncome": 30000000,
    "interestExpense": 141000000,
    "depreciationAndAmortization": 0,
    "ebitda": 985000000,
    "ebitdaratio": 0.0904665687,
    "operatingIncome": 861000000,
    "operatingIncomeRatio": 0.0790778839,
    "totalOtherIncomeExpensesNet": -17000000,
    "incomeBeforeTax": 844000000,
    "incomeBeforeTaxRatio": 0.077516532,
    "incomeTaxExpense": 203000000,
    "netIncome": 641000000,
    "netIncomeRatio": 0.0588721528,
    "eps": 2.55,
    "epsdiluted": 2.53,
    "weightedAverageShsOut": 253400000,
    "weightedAverageShsOutDil": 253400000,
    "link": "https://www.sec.gov/Archives/edgar/data/100517/000010051720000010/0000100517-20-000010-index.htm",
    "finalLink": "https://www.sec.gov/Archives/edgar/data/100517/000010051720000010/ual201910k.htm"
  },
  {
    "date": "2019-09-30",
    "symbol": "UAL",
    "reportedCurrency": "USD",
    "cik": "0000100517",
    "fillingDate": "2019-10-16",
    "acceptedDate": "2019-10-16 16:24:41",
    "calendarYear": "2019",
    "period": "Q3",
    "revenue": 11380000000,
    "costOfRevenue": 7857000000,
    "grossProfit": 3523000000,
    "grossProfitRatio": 0.3095782074,
    "researchAndDevelopmentExpenses": 0,
    "generalAndAdministrativeExpenses": 0,
    "sellingAndMarketingExpenses": 432000000,
    "sellingGeneralAndAdministrativeExpenses": 432000000,
    "otherExpenses": 1618000000,
    "operatingExpenses": 2050000000,
    "costAndExpenses": 9907000000,
    "interestIncome": 36000000,
    "interestExpense": 169000000,
    "depreciationAndAmortization": 575000000,
    "ebitda": 2093000000,
    "ebitdaratio": 0.1839191564,
    "operatingIncome": 1473000000,
    "operatingIncomeRatio": 0.1294376098,
    "totalOtherIncomeExpensesNet": -124000000,
    "incomeBeforeTax": 1349000000,
    "incomeBeforeTaxRatio": 0.1185413005,
    "incomeTaxExpense": 325000000,
    "netIncome": 1024000000,
    "netIncomeRatio": 0.0899824253,
    "eps": 4.01,
    "epsdiluted": 3.99,
    "weightedAverageShsOut": 253624406,
    "weightedAverageShsOutDil": 256399999,
    "link": "https://www.sec.gov/Archives/edgar/data/100517/000010051719000026/0000100517-19-000026-index.htm",
    "finalLink": "https://www.sec.gov/Archives/edgar/data/100517/000010051719000026/ual09301910q.htm"
  },
  {
    "date": "2019-06-30",
    "symbol": "UAL",
    "reportedCurrency": "USD",
    "cik": "0000100517",
    "fillingDate": "2019-07-17",
    "acceptedDate": "2019-07-17 16:46:41",
    "calendarYear": "2019",
    "period": "Q2",
    "revenue": 11402000000,
    "costOfRevenue": 7871000000,
    "grossProfit": 3531000000,
    "grossProfitRatio": 0.3096825118,
    "researchAndDevelopmentExpenses": 0,
    "generalAndAdministrativeExpenses": 0,
    "sellingAndMarketingExpenses": 442000000,
    "sellingGeneralAndAdministrativeExpenses": 442000000,
    "otherExpenses": 1617000000,
    "operatingExpenses": 2059000000,
    "costAndExpenses": 9930000000,
    "interestIncome": 38000000,
    "interestExpense": 170000000,
    "depreciationAndAmortization": 560000000,
    "ebitda": 2084000000,
    "ebitdaratio": 0.1827749518,
    "operatingIncome": 1472000000,
    "operatingIncomeRatio": 0.1291001579,
    "totalOtherIncomeExpensesNet": -118000000,
    "incomeBeforeTax": 1354000000,
    "incomeBeforeTaxRatio": 0.1187510963,
    "incomeTaxExpense": 302000000,
    "netIncome": 1052000000,
    "netIncomeRatio": 0.092264515,
    "eps": 4.03,
    "epsdiluted": 4.02,
    "weightedAverageShsOut": 257729166,
    "weightedAverageShsOutDil": 261600000,
    "link": "https://www.sec.gov/Archives/edgar/data/100517/000010051719000021/0000100517-19-000021-index.htm",
    "finalLink": "https://www.sec.gov/Archives/edgar/data/100517/000010051719000021/ual06301910q.htm"
  },
  {
    "date": "2019-03-31",
    "symbol": "UAL",
    "reportedCurrency": "USD",
    "cik": "0000100517",
    "fillingDate": "2019-04-17",
    "acceptedDate": "2019-04-17 17:03:52",
    "calendarYear": "2019",
    "period": "Q1",
    "revenue": 9589000000,
    "costOfRevenue": 7208000000,
    "grossProfit": 2381000000,
    "grossProfitRatio": 0.2483053499,
    "researchAndDevelopmentExpenses": 0,
    "generalAndAdministrativeExpenses": 0,
    "sellingAndMarketingExpenses": 360000000,
    "sellingGeneralAndAdministrativeExpenses": 360000000,
    "otherExpenses": 1526000000,
    "operatingExpenses": 1868000000,
    "costAndExpenses": 9094000000,
    "interestIncome": 29000000,
    "interestExpense": 166000000,
    "depreciationAndAmortization": 547000000,
    "ebitda": 1080000000,
    "ebitdaratio": 0.1126290541,
    "operatingIncome": 495000000,
    "operatingIncomeRatio": 0.0516216498,
    "totalOtherIncomeExpensesNet": -128000000,
    "incomeBeforeTax": 367000000,
    "incomeBeforeTaxRatio": 0.0382730212,
    "incomeTaxExpense": 75000000,
    "netIncome": 292000000,
    "netIncomeRatio": 0.0304515591,
    "eps": 1.09,
    "epsdiluted": 1.09,
    "weightedAverageShsOut": 264271125,
    "weightedAverageShsOutDil": 268300000,
    "link": "https://www.sec.gov/Archives/edgar/data/100517/000010051719000014/0000100517-19-000014-index.htm",
    "finalLink": "https://www.sec.gov/Archives/edgar/data/100517/000010051719000014/ual_03311910q.htm"
  },
  {
    "date": "2018-12-31",
    "symbol": "UAL",
    "reportedCurrency": "USD",
    "cik": "0000100517",
    "fillingDate": "2019-02-28",
    "acceptedDate": "2019-02-28 16:23:37",
    "calendarYear": "2018",
    "period": "Q4",
    "revenue": 10491000000,
    "costOfRevenue": 7634000000,
    "grossProfit": 2857000000,
    "grossProfitRatio": 0.2723286627,
    "researchAndDevelopmentExpenses": 0,
    "generalAndAdministrativeExpenses": 0,
    "sellingAndMarketingExpenses": 396000000,
    "sellingGeneralAndAdministrativeExpenses": 396000000,
    "otherExpenses": 1809000000,
    "operatingExpenses": 2205000000,
    "costAndExpenses": 9856000000,
    "interestIncome": 31000000,
    "interestExpense": 170000000,
    "depreciationAndAmortization": 301000000,
    "ebitda": 1027000000,
    "ebitdaratio": 0.0978934325,
    "operatingIncome": 652000000,
    "operatingIncomeRatio": 0.0621485082,
    "totalOtherIncomeExpensesNet": -96000000,
    "incomeBeforeTax": 556000000,
    "incomeBeforeTaxRatio": 0.0529978076,
    "incomeTaxExpense": 94000000,
    "netIncome": 462000000,
    "netIncomeRatio": 0.0440377466,
    "eps": 1.71,
    "epsdiluted": 1.7,
    "weightedAverageShsOut": 272700000,
    "weightedAverageShsOutDil": 272700000,
    "link": "https://www.sec.gov/Archives/edgar/data/100517/000010051719000009/0000100517-19-000009-index.htm",
    "finalLink": "https://www.sec.gov/Archives/edgar/data/100517/000010051719000009/ual_201810k.htm"
  },
  {
    "date": "2018-09-30",
    "symbol": "UAL",
    "reportedCurrency": "USD",
    "cik": "0000100517",
    "fillingDate": "2018-10-17",
    "acceptedDate": "2018-10-17 16:19:49",
    "calendarYear": "2018",
    "period": "Q3",
    "revenue": 11003000000,
    "costOfRevenue": 7905000000,
    "grossProfit": 3098000000,
    "grossProfitRatio": 0.2815595747,
    "researchAndDevelopmentExpenses": 0,
    "generalAndAdministrativeExpenses": 0,
    "sellingAndMarketingExpenses": 427000000,
    "sellingGeneralAndAdministrativeExpenses": 427000000,
    "otherExpenses": 1484000000,
    "operatingExpenses": 1894000000,
    "costAndExpenses": 9800000000,
    "interestIncome": 28000000,
    "interestExpense": 156000000,
    "depreciationAndAmortization": 564000000,
    "ebitda": 1794000000,
    "ebitdaratio": 0.1630464419,
    "operatingIncome": 1203000000,
    "operatingIncomeRatio": 0.109333818,
    "totalOtherIncomeExpensesNet": -142000000,
    "incomeBeforeTax": 1061000000,
    "incomeBeforeTaxRatio": 0.0964282468,
    "incomeTaxExpense": 225000000,
    "netIncome": 833000000,
    "netIncomeRatio": 0.0757066255,
    "eps": 3.07,
    "epsdiluted": 3.06,
    "weightedAverageShsOut": 273114754,
    "weightedAverageShsOutDil": 273600000,
    "link": "https://www.sec.gov/Archives/edgar/data/100517/000010051718000028/0000100517-18-000028-index.htm",
    "finalLink": "https://www.sec.gov/Archives/edgar/data/100517/000010051718000028/ual_09301810q.htm"
  },
  {
    "date": "2018-06-30",
    "symbol": "UAL",
    "reportedCurrency": "USD",
    "cik": "0000100517",
    "fillingDate": "2018-07-18",
    "acceptedDate": "2018-07-18 16:23:51",
    "calendarYear": "2018",
    "period": "Q2",
    "revenue": 10777000000,
    "costOfRevenue": 7681000000,
    "grossProfit": 3096000000,
    "grossProfitRatio": 0.2872784634,
    "researchAndDevelopmentExpenses": 0,
    "generalAndAdministrativeExpenses": 0,
    "sellingAndMarketingExpenses": 393000000,
    "sellingGeneralAndAdministrativeExpenses": 393000000,
    "otherExpenses": 1558000000,
    "operatingExpenses": 1760000000,
    "costAndExpenses": 9616000000,
    "interestIncome": 25000000,
    "interestExpense": 151000000,
    "depreciationAndAmortization": 557000000,
    "ebitda": 1577000000,
    "ebitdaratio": 0.1463301475,
    "operatingIncome": 1161000000,
    "operatingIncomeRatio": 0.1077294238,
    "totalOtherIncomeExpensesNet": -304000000,
    "incomeBeforeTax": 857000000,
    "incomeBeforeTaxRatio": 0.0795212026,
    "incomeTaxExpense": 173000000,
    "netIncome": 683000000,
    "netIncomeRatio": 0.0633757075,
    "eps": 2.51,
    "epsdiluted": 2.48,
    "weightedAverageShsOut": 273017840,
    "weightedAverageShsOutDil": 275600000,
    "link": "https://www.sec.gov/Archives/edgar/data/100517/000010051718000012/0000100517-18-000012-index.htm",
    "finalLink": "https://www.sec.gov/Archives/edgar/data/100517/000010051718000012/ual_06301810q.htm"
  },
  {
    "date": "2018-03-31",
    "symbol": "UAL",
    "reportedCurrency": "USD",
    "cik": "0000100517",
    "fillingDate": "2018-04-18",
    "acceptedDate": "2018-04-18 16:46:58",
    "calendarYear": "2018",
    "period": "Q1",
    "revenue": 9032000000,
    "costOfRevenue": 6991000000,
    "grossProfit": 2041000000,
    "grossProfitRatio": 0.2259743136,
    "researchAndDevelopmentExpenses": 0,
    "generalAndAdministrativeExpenses": 0,
    "sellingAndMarketingExpenses": 342000000,
    "sellingGeneralAndAdministrativeExpenses": 342000000,
    "otherExpenses": 1437000000,
    "operatingExpenses": 1740000000,
    "costAndExpenses": 8756000000,
    "interestIncome": 17000000,
    "interestExpense": 144000000,
    "depreciationAndAmortization": 541000000,
    "ebitda": 882000000,
    "ebitdaratio": 0.0976527901,
    "operatingIncome": 276000000,
    "operatingIncomeRatio": 0.0305580159,
    "totalOtherIncomeExpensesNet": -92000000,
    "incomeBeforeTax": 184000000,
    "incomeBeforeTaxRatio": 0.0203720106,
    "incomeTaxExpense": 37000000,
    "netIncome": 145000000,
    "netIncomeRatio": 0.0160540301,
    "eps": 0.53,
    "epsdiluted": 0.52,
    "weightedAverageShsOut": 284313725,
    "weightedAverageShsOutDil": 284900000,
    "link": "https://www.sec.gov/Archives/edgar/data/100517/000119312518121112/0001193125-18-121112-index.htm",
    "finalLink": "https://www.sec.gov/Archives/edgar/data/100517/000119312518121112/d558908d10q.htm"
  },
  {
    "date": "2017-12-31",
    "symbol": "UAL",
    "reportedCurrency": "USD",
    "cik": "0000100517",
    "fillingDate": "2018-02-22",
    "acceptedDate": "2018-02-22 16:59:42",
    "calendarYear": "2017",
    "period": "Q4",
    "revenue": 9438000000,
    "costOfRevenue": 6892000000,
    "grossProfit": 2546000000,
    "grossProfitRatio": 0.2697605425,
    "researchAndDevelopmentExpenses": 0,
    "generalAndAdministrativeExpenses": 0,
    "sellingAndMarketingExpenses": 328000000,
    "sellingGeneralAndAdministrativeExpenses": 328000000,
    "otherExpenses": 1489000000,
    "operatingExpenses": 2348000000,
    "costAndExpenses": 8675000000,
    "interestIncome": 16000000,
    "interestExpense": 151000000,
    "depreciationAndAmortization": 0,
    "ebitda": 751000000,
    "ebitdaratio": 0.0795719432,
    "operatingIncome": 729000000,
    "operatingIncomeRatio": 0.0772409409,
    "totalOtherIncomeExpensesNet": -129000000,
    "incomeBeforeTax": 600000000,
    "incomeBeforeTaxRatio": 0.0635727908,
    "incomeTaxExpense": 20000000,
    "netIncome": 580000000,
    "netIncomeRatio": 0.0614536978,
    "eps": 2.02,
    "epsdiluted": 1.99,
    "weightedAverageShsOut": 291800000,
    "weightedAverageShsOutDil": 291800000,
    "link": "https://www.sec.gov/Archives/edgar/data/100517/000119312518054235/0001193125-18-054235-index.htm",
    "finalLink": "https://www.sec.gov/Archives/edgar/data/100517/000119312518054235/d471340d10k.htm"
  },
  {
    "date": "2017-09-30",
    "symbol": "UAL",
    "reportedCurrency": "USD",
    "cik": "0000100517",
    "fillingDate": "2017-10-19",
    "acceptedDate": "2017-10-19 16:07:08",
    "calendarYear": "2017",
    "period": "Q3",
    "revenue": 9899000000,
    "costOfRevenue": 6898000000,
    "grossProfit": 3001000000,
    "grossProfitRatio": 0.3031619355,
    "researchAndDevelopmentExpenses": 0,
    "generalAndAdministrativeExpenses": 0,
    "sellingAndMarketingExpenses": 352000000,
    "sellingGeneralAndAdministrativeExpenses": 352000000,
    "otherExpenses": 1486000000,
    "operatingExpenses": 1811000000,
    "costAndExpenses": 8761000000,
    "interestIncome": 17000000,
    "interestExpense": 149000000,
    "depreciationAndAmortization": 556000000,
    "ebitda": 1680000000,
    "ebitdaratio": 0.1697141125,
    "operatingIncome": 1092000000,
    "operatingIncomeRatio": 0.1103141731,
    "totalOtherIncomeExpensesNet": -112000000,
    "incomeBeforeTax": 980000000,
    "incomeBeforeTaxRatio": 0.098999899,
    "incomeTaxExpense": 343000000,
    "netIncome": 645000000,
    "netIncomeRatio": 0.0651580968,
    "eps": 2.15,
    "epsdiluted": 2.12,
    "weightedAverageShsOut": 299800000,
    "weightedAverageShsOutDil": 301000000,
    "link": "https://www.sec.gov/Archives/edgar/data/100517/000119312517313831/0001193125-17-313831-index.htm",
    "finalLink": "https://www.sec.gov/Archives/edgar/data/100517/000119312517313831/d437791d10q.htm"
  },
  {
    "date": "2017-06-30",
    "symbol": "UAL",
    "reportedCurrency": "USD",
    "cik": "0000100517",
    "fillingDate": "2017-07-19",
    "acceptedDate": "2017-07-19 16:07:13",
    "calendarYear": "2017",
    "period": "Q2",
    "revenue": 10008000000,
    "costOfRevenue": 6761000000,
    "grossProfit": 3247000000,
    "grossProfitRatio": 0.3244404476,
    "researchAndDevelopmentExpenses": 0,
    "generalAndAdministrativeExpenses": 0,
    "sellingAndMarketingExpenses": 362000000,
    "sellingGeneralAndAdministrativeExpenses": 362000000,
    "otherExpenses": 1425000000,
    "operatingExpenses": 1770000000,
    "costAndExpenses": 8571000000,
    "interestIncome": 13000000,
    "interestExpense": 146000000,
    "depreciationAndAmortization": 536000000,
    "ebitda": 1947000000,
    "ebitdaratio": 0.1945443645,
    "operatingIncome": 1399000000,
    "operatingIncomeRatio": 0.1397881695,
    "totalOtherIncomeExpensesNet": -125000000,
    "incomeBeforeTax": 1274000000,
    "incomeBeforeTaxRatio": 0.1272981615,
    "incomeTaxExpense": 456000000,
    "netIncome": 821000000,
    "netIncomeRatio": 0.0820343725,
    "eps": 2.68,
    "epsdiluted": 2.66,
    "weightedAverageShsOut": 307490636,
    "weightedAverageShsOutDil": 308000000,
    "link": "https://www.sec.gov/Archives/edgar/data/100517/000119312517231250/0001193125-17-231250-index.htm",
    "finalLink": "https://www.sec.gov/Archives/edgar/data/100517/000119312517231250/d414345d10q.htm"
  },
  {
    "date": "2017-03-31",
    "symbol": "UAL",
    "reportedCurrency": "USD",
    "cik": "0000100517",
    "fillingDate": "2017-04-18",
    "acceptedDate": "2017-04-18 16:37:07",
    "calendarYear": "2017",
    "period": "Q1",
    "revenue": 8426000000,
    "costOfRevenue": 6427000000,
    "grossProfit": 1999000000,
    "grossProfitRatio": 0.2372418704,
    "researchAndDevelopmentExpenses": 0,
    "generalAndAdministrativeExpenses": 0,
    "sellingAndMarketingExpenses": 307000000,
    "sellingGeneralAndAdministrativeExpenses": 307000000,
    "otherExpenses": 1360000000,
    "operatingExpenses": 1639000000,
    "costAndExpenses": 8106000000,
    "interestIncome": 11000000,
    "interestExpense": 139000000,
    "depreciationAndAmortization": 518000000,
    "ebitda": 790000000,
    "ebitdaratio": 0.0937574175,
    "operatingIncome": 320000000,
    "operatingIncomeRatio": 0.0379776881,
    "totalOtherIncomeExpensesNet": -175000000,
    "incomeBeforeTax": 145000000,
    "incomeBeforeTaxRatio": 0.0172086399,
    "incomeTaxExpense": 49000000,
    "netIncome": 99000000,
    "netIncomeRatio": 0.0117493473,
    "eps": 0.31,
    "epsdiluted": 0.31,
    "weightedAverageShsOut": 313700140,
    "weightedAverageShsOutDil": 314600000,
    "link": "https://www.sec.gov/Archives/edgar/data/100517/000119312517127429/0001193125-17-127429-index.htm",
    "finalLink": "https://www.sec.gov/Archives/edgar/data/100517/000119312517127429/d334701d10q.htm"
  },
  {
    "date": "2016-12-31",
    "symbol": "UAL",
    "reportedCurrency": "USD",
    "cik": "0000100517",
    "fillingDate": "2017-02-23",
    "acceptedDate": "2017-02-23 16:58:35",
    "calendarYear": "2016",
    "period": "Q4",
    "revenue": 9052000000,
    "costOfRevenue": 6339000000,
    "grossProfit": 2713000000,
    "grossProfitRatio": 0.2997127707,
    "researchAndDevelopmentExpenses": 0,
    "generalAndAdministrativeExpenses": 0,
    "sellingAndMarketingExpenses": 316000000,
    "sellingGeneralAndAdministrativeExpenses": 316000000,
    "otherExpenses": 1392000000,
    "operatingExpenses": 1708000000,
    "costAndExpenses": 8047000000,
    "interestIncome": 11000000,
    "interestExpense": 124000000,
    "depreciationAndAmortization": 0,
    "ebitda": 1008000000,
    "ebitdaratio": 0.1113566063,
    "operatingIncome": 1005000000,
    "operatingIncomeRatio": 0.1110251878,
    "totalOtherIncomeExpensesNet": -121000000,
    "incomeBeforeTax": 884000000,
    "incomeBeforeTaxRatio": 0.0976579761,
    "incomeTaxExpense": 487000000,
    "netIncome": 397000000,
    "netIncomeRatio": 0.043857711,
    "eps": 1.26,
    "epsdiluted": 1.26,
    "weightedAverageShsOut": 316000000,
    "weightedAverageShsOutDil": 316000000,
    "link": "https://www.sec.gov/Archives/edgar/data/100517/000119312517054129/0001193125-17-054129-index.htm",
    "finalLink": "https://www.sec.gov/Archives/edgar/data/100517/000119312517054129/d300268d10k.htm"
  },
  {
    "date": "2016-09-30",
    "symbol": "UAL",
    "reportedCurrency": "USD",
    "cik": "0000100517",
    "fillingDate": "2016-10-17",
    "acceptedDate": "2016-10-17 17:18:08",
    "calendarYear": "2016",
    "period": "Q3",
    "revenue": 9913000000,
    "costOfRevenue": 6468000000,
    "grossProfit": 3445000000,
    "grossProfitRatio": 0.3475234541,
    "researchAndDevelopmentExpenses": 0,
    "generalAndAdministrativeExpenses": 0,
    "sellingAndMarketingExpenses": 345000000,
    "sellingGeneralAndAdministrativeExpenses": 345000000,
    "otherExpenses": 1476000000,
    "operatingExpenses": 1776000000,
    "costAndExpenses": 8289000000,
    "interestIncome": 14000000,
    "interestExpense": 130000000,
    "depreciationAndAmortization": 503000000,
    "ebitda": 2143000000,
    "ebitdaratio": 0.2161807727,
    "operatingIncome": 1624000000,
    "operatingIncomeRatio": 0.1638252799,
    "totalOtherIncomeExpensesNet": -114000000,
    "incomeBeforeTax": 1510000000,
    "incomeBeforeTaxRatio": 0.1523252295,
    "incomeTaxExpense": 545000000,
    "netIncome": 965000000,
    "netIncomeRatio": 0.0973469182,
    "eps": 3.02,
    "epsdiluted": 3.01,
    "weightedAverageShsOut": 320000000,
    "weightedAverageShsOutDil": 320400000,
    "link": "https://www.sec.gov/Archives/edgar/data/100517/000119312516739859/0001193125-16-739859-index.htm",
    "finalLink": "https://www.sec.gov/Archives/edgar/data/100517/000119312516739859/d259980d10q.htm"
  },
  {
    "date": "2016-06-30",
    "symbol": "UAL",
    "reportedCurrency": "USD",
    "cik": "0000100517",
    "fillingDate": "2016-07-19",
    "acceptedDate": "2016-07-19 16:33:18",
    "calendarYear": "2016",
    "period": "Q2",
    "revenue": 9396000000,
    "costOfRevenue": 6235000000,
    "grossProfit": 3161000000,
    "grossProfitRatio": 0.3364197531,
    "researchAndDevelopmentExpenses": 0,
    "generalAndAdministrativeExpenses": 0,
    "sellingAndMarketingExpenses": 339000000,
    "sellingGeneralAndAdministrativeExpenses": 339000000,
    "otherExpenses": 1762000000,
    "operatingExpenses": 2101000000,
    "costAndExpenses": 8336000000,
    "interestIncome": 9000000,
    "interestExpense": 143000000,
    "depreciationAndAmortization": 491000000,
    "ebitda": 1508000000,
    "ebitdaratio": 0.1604938272,
    "operatingIncome": 1060000000,
    "operatingIncomeRatio": 0.1128139634,
    "totalOtherIncomeExpensesNet": -129000000,
    "incomeBeforeTax": 931000000,
    "incomeBeforeTaxRatio": 0.0990847169,
    "incomeTaxExpense": 343000000,
    "netIncome": 588000000,
    "netIncomeRatio": 0.0625798212,
    "eps": 1.78,
    "epsdiluted": 1.78,
    "weightedAverageShsOut": 330500100,
    "weightedAverageShsOutDil": 330800000,
    "link": "https://www.sec.gov/Archives/edgar/data/100517/000119312516651221/0001193125-16-651221-index.htm",
    "finalLink": "https://www.sec.gov/Archives/edgar/data/100517/000119312516651221/d188420d10q.htm"
  },
  {
    "date": "2016-03-31",
    "symbol": "UAL",
    "reportedCurrency": "USD",
    "cik": "0000100517",
    "fillingDate": "2016-04-21",
    "acceptedDate": "2016-04-21 17:23:39",
    "calendarYear": "2016",
    "period": "Q1",
    "revenue": 8195000000,
    "costOfRevenue": 5814000000,
    "grossProfit": 2381000000,
    "grossProfitRatio": 0.290543014,
    "researchAndDevelopmentExpenses": 0,
    "generalAndAdministrativeExpenses": 0,
    "sellingAndMarketingExpenses": 303000000,
    "sellingGeneralAndAdministrativeExpenses": 303000000,
    "otherExpenses": 1429000000,
    "operatingExpenses": 1732000000,
    "costAndExpenses": 7546000000,
    "interestIncome": 8000000,
    "interestExpense": 145000000,
    "depreciationAndAmortization": 479000000,
    "ebitda": 829000000,
    "ebitdaratio": 0.1011592434,
    "operatingIncome": 649000000,
    "operatingIncomeRatio": 0.0791946309,
    "totalOtherIncomeExpensesNet": -155000000,
    "incomeBeforeTax": 494000000,
    "incomeBeforeTaxRatio": 0.0602806589,
    "incomeTaxExpense": 181000000,
    "netIncome": 313000000,
    "netIncomeRatio": 0.0381940207,
    "eps": 0.88,
    "epsdiluted": 0.88,
    "weightedAverageShsOut": 354000000,
    "weightedAverageShsOutDil": 354600000,
    "link": "https://www.sec.gov/Archives/edgar/data/100517/000119312516550432/0001193125-16-550432-index.htm",
    "finalLink": "https://www.sec.gov/Archives/edgar/data/100517/000119312516550432/d116267d10q.htm"
  },
  {
    "date": "2015-12-31",
    "symbol": "UAL",
    "reportedCurrency": "USD",
    "cik": "0000100517",
    "fillingDate": "2016-02-18",
    "acceptedDate": "2016-02-18 17:09:20",
    "calendarYear": "2015",
    "period": "Q4",
    "revenue": 9036000000,
    "costOfRevenue": 6212000000,
    "grossProfit": 2824000000,
    "grossProfitRatio": 0.3125276671,
    "researchAndDevelopmentExpenses": 0,
    "generalAndAdministrativeExpenses": 0,
    "sellingAndMarketingExpenses": 316000000,
    "sellingGeneralAndAdministrativeExpenses": 316000000,
    "otherExpenses": 1427000000,
    "operatingExpenses": 1612000000,
    "costAndExpenses": 7955000000,
    "interestIncome": 9000000,
    "interestExpense": 154000000,
    "depreciationAndAmortization": 0,
    "ebitda": 1059000000,
    "ebitdaratio": 0.1171978752,
    "operatingIncome": 1081000000,
    "operatingIncomeRatio": 0.1196325808,
    "totalOtherIncomeExpensesNet": -176000000,
    "incomeBeforeTax": 905000000,
    "incomeBeforeTaxRatio": 0.1001549358,
    "incomeTaxExpense": 82000000,
    "netIncome": 823000000,
    "netIncomeRatio": 0.0910801239,
    "eps": 2.24,
    "epsdiluted": 2.24,
    "weightedAverageShsOut": 367000000,
    "weightedAverageShsOutDil": 367000000,
    "link": "https://www.sec.gov/Archives/edgar/data/100517/000119312516468479/0001193125-16-468479-index.htm",
    "finalLink": "https://www.sec.gov/Archives/edgar/data/100517/000119312516468479/d13806d10k.htm"
  },
  {
    "date": "2015-09-30",
    "symbol": "UAL",
    "reportedCurrency": "USD",
    "cik": "0000100517",
    "fillingDate": "2015-10-22",
    "acceptedDate": "2015-10-22 09:01:19",
    "calendarYear": "2015",
    "period": "Q3",
    "revenue": 10306000000,
    "costOfRevenue": 6669000000,
    "grossProfit": 3637000000,
    "grossProfitRatio": 0.3529012226,
    "researchAndDevelopmentExpenses": 0,
    "generalAndAdministrativeExpenses": 0,
    "sellingAndMarketingExpenses": 366000000,
    "sellingGeneralAndAdministrativeExpenses": 366000000,
    "otherExpenses": 1372000000,
    "operatingExpenses": 1738000000,
    "costAndExpenses": 8407000000,
    "interestIncome": 5000000,
    "interestExpense": 151000000,
    "depreciationAndAmortization": 469000000,
    "ebitda": 1911000000,
    "ebitdaratio": 0.1854259655,
    "operatingIncome": 1899000000,
    "operatingIncomeRatio": 0.1842615952,
    "totalOtherIncomeExpensesNet": -293000000,
    "incomeBeforeTax": 1606000000,
    "incomeBeforeTaxRatio": 0.1558315544,
    "incomeTaxExpense": -3210000000,
    "netIncome": 4816000000,
    "netIncomeRatio": 0.4673006016,
    "eps": 12.83,
    "epsdiluted": 12.82,
    "weightedAverageShsOut": 375000000,
    "weightedAverageShsOutDil": 376000000,
    "link": "https://www.sec.gov/Archives/edgar/data/100517/000119312515350093/0001193125-15-350093-index.htm",
    "finalLink": "https://www.sec.gov/Archives/edgar/data/100517/000119312515350093/d63220d10q.htm"
  },
  {
    "date": "2015-06-30",
    "symbol": "UAL",
    "reportedCurrency": "USD",
    "cik": "0000100517",
    "fillingDate": "2015-07-23",
    "acceptedDate": "2015-07-23 16:45:06",
    "calendarYear": "2015",
    "period": "Q2",
    "revenue": 9914000000,
    "costOfRevenue": 6766000000,
    "grossProfit": 3148000000,
    "grossProfitRatio": 0.3175307646,
    "researchAndDevelopmentExpenses": 0,
    "generalAndAdministrativeExpenses": 0,
    "sellingAndMarketingExpenses": 348000000,
    "sellingGeneralAndAdministrativeExpenses": 348000000,
    "otherExpenses": 1355000000,
    "operatingExpenses": 1648000000,
    "costAndExpenses": 8469000000,
    "interestIncome": 6000000,
    "interestExpense": 154000000,
    "depreciationAndAmortization": 445000000,
    "ebitda": 1945000000,
    "ebitdaratio": 0.19618721,
    "operatingIncome": 1445000000,
    "operatingIncomeRatio": 0.1457534799,
    "totalOtherIncomeExpensesNet": -248000000,
    "incomeBeforeTax": 1197000000,
    "incomeBeforeTaxRatio": 0.1207383498,
    "incomeTaxExpense": 4000000,
    "netIncome": 1193000000,
    "netIncomeRatio": 0.12033488,
    "eps": 3.14,
    "epsdiluted": 3.14,
    "weightedAverageShsOut": 380000000,
    "weightedAverageShsOutDil": 380000000,
    "link": "https://www.sec.gov/Archives/edgar/data/100517/000119312515261239/0001193125-15-261239-index.htm",
    "finalLink": "https://www.sec.gov/Archives/edgar/data/100517/000119312515261239/d941677d10q.htm"
  },
  {
    "date": "2015-03-31",
    "symbol": "UAL",
    "reportedCurrency": "USD",
    "cik": "0000100517",
    "fillingDate": "2015-04-23",
    "acceptedDate": "2015-04-23 16:32:03",
    "calendarYear": "2015",
    "period": "Q1",
    "revenue": 8608000000,
    "costOfRevenue": 6305000000,
    "grossProfit": 2303000000,
    "grossProfitRatio": 0.2675418216,
    "researchAndDevelopmentExpenses": 0,
    "generalAndAdministrativeExpenses": 0,
    "sellingAndMarketingExpenses": 312000000,
    "sellingGeneralAndAdministrativeExpenses": 312000000,
    "otherExpenses": 1250000000,
    "operatingExpenses": 1562000000,
    "costAndExpenses": 7867000000,
    "interestIncome": 5000000,
    "interestExpense": 161000000,
    "depreciationAndAmortization": 429000000,
    "ebitda": 1234000000,
    "ebitdaratio": 0.1433550186,
    "operatingIncome": 741000000,
    "operatingIncomeRatio": 0.0860827138,
    "totalOtherIncomeExpensesNet": -230000000,
    "incomeBeforeTax": 511000000,
    "incomeBeforeTaxRatio": 0.0593633829,
    "incomeTaxExpense": 3000000,
    "netIncome": 508000000,
    "netIncomeRatio": 0.0590148699,
    "eps": 1.33,
    "epsdiluted": 1.32,
    "weightedAverageShsOut": 384000000,
    "weightedAverageShsOutDil": 384000000,
    "link": "https://www.sec.gov/Archives/edgar/data/100517/000119312515144255/0001193125-15-144255-index.htm",
    "finalLink": "https://www.sec.gov/Archives/edgar/data/100517/000119312515144255/d891332d10q.htm"
  },
  {
    "date": "2014-12-31",
    "symbol": "UAL",
    "reportedCurrency": "USD",
    "cik": "0000100517",
    "fillingDate": "2015-02-20",
    "acceptedDate": "2015-02-20 17:01:57",
    "calendarYear": "2014",
    "period": "Q4",
    "revenue": 9313000000,
    "costOfRevenue": 7007000000,
    "grossProfit": 2306000000,
    "grossProfitRatio": 0.2476108665,
    "researchAndDevelopmentExpenses": 0,
    "generalAndAdministrativeExpenses": 0,
    "sellingAndMarketingExpenses": 334000000,
    "sellingGeneralAndAdministrativeExpenses": 334000000,
    "otherExpenses": 1347000000,
    "operatingExpenses": 1502000000,
    "costAndExpenses": 8688000000,
    "interestIncome": 5000000,
    "interestExpense": 164000000,
    "depreciationAndAmortization": 0,
    "ebitda": 187000000,
    "ebitdaratio": 0.0200794588,
    "operatingIncome": 625000000,
    "operatingIncomeRatio": 0.0671104907,
    "totalOtherIncomeExpensesNet": -602000000,
    "incomeBeforeTax": 23000000,
    "incomeBeforeTaxRatio": 0.0024696661,
    "incomeTaxExpense": -5000000,
    "netIncome": 28000000,
    "netIncomeRatio": 0.00300655,
    "eps": 0.08,
    "epsdiluted": 0.0745,
    "weightedAverageShsOut": 376000000,
    "weightedAverageShsOutDil": 376000000,
    "link": "https://www.sec.gov/Archives/edgar/data/100517/000119312515056493/0001193125-15-056493-index.htm",
    "finalLink": "https://www.sec.gov/Archives/edgar/data/100517/000119312515056493/d820060d10k.htm"
  },
  {
    "date": "2014-09-30",
    "symbol": "UAL",
    "reportedCurrency": "USD",
    "cik": "0000100517",
    "fillingDate": "2014-10-23",
    "acceptedDate": "2014-10-23 16:06:10",
    "calendarYear": "2014",
    "period": "Q3",
    "revenue": 10563000000,
    "costOfRevenue": 7714000000,
    "grossProfit": 2849000000,
    "grossProfitRatio": 0.2697150431,
    "researchAndDevelopmentExpenses": 0,
    "generalAndAdministrativeExpenses": 0,
    "sellingAndMarketingExpenses": 375000000,
    "sellingGeneralAndAdministrativeExpenses": 375000000,
    "otherExpenses": 1283000000,
    "operatingExpenses": 1615000000,
    "costAndExpenses": 9372000000,
    "interestIncome": 8000000,
    "interestExpense": 173000000,
    "depreciationAndAmortization": 422000000,
    "ebitda": 1656000000,
    "ebitdaratio": 0.1567736439,
    "operatingIncome": 1191000000,
    "operatingIncomeRatio": 0.1127520591,
    "totalOtherIncomeExpensesNet": -271000000,
    "incomeBeforeTax": 920000000,
    "incomeBeforeTaxRatio": 0.0870964688,
    "incomeTaxExpense": -4000000,
    "netIncome": 924000000,
    "netIncomeRatio": 0.0874751491,
    "eps": 2.5,
    "epsdiluted": 2.37,
    "weightedAverageShsOut": 390045235,
    "weightedAverageShsOutDil": 393000000,
    "link": "https://www.sec.gov/Archives/edgar/data/100517/000119312514380216/0001193125-14-380216-index.htm",
    "finalLink": "https://www.sec.gov/Archives/edgar/data/100517/000119312514380216/d787177d10q.htm"
  },
  {
    "date": "2014-06-30",
    "symbol": "UAL",
    "reportedCurrency": "USD",
    "cik": "0000100517",
    "fillingDate": "2014-07-24",
    "acceptedDate": "2014-07-24 16:31:24",
    "calendarYear": "2014",
    "period": "Q2",
    "revenue": 10329000000,
    "costOfRevenue": 7556000000,
    "grossProfit": 2773000000,
    "grossProfitRatio": 0.2684674218,
    "researchAndDevelopmentExpenses": 0,
    "generalAndAdministrativeExpenses": 0,
    "sellingAndMarketingExpenses": 346000000,
    "sellingGeneralAndAdministrativeExpenses": 346000000,
    "otherExpenses": 1521000000,
    "operatingExpenses": 1867000000,
    "costAndExpenses": 9423000000,
    "interestIncome": 4000000,
    "interestExpense": 173000000,
    "depreciationAndAmortization": 417000000,
    "ebitda": 1492000000,
    "ebitdaratio": 0.1444476716,
    "operatingIncome": 906000000,
    "operatingIncomeRatio": 0.0877142027,
    "totalOtherIncomeExpensesNet": -115000000,
    "incomeBeforeTax": 791000000,
    "incomeBeforeTaxRatio": 0.0765805015,
    "incomeTaxExpense": 2000000,
    "netIncome": 789000000,
    "netIncomeRatio": 0.0763868719,
    "eps": 2.12,
    "epsdiluted": 2.01,
    "weightedAverageShsOut": 392517589,
    "weightedAverageShsOutDil": 396000000,
    "link": "https://www.sec.gov/Archives/edgar/data/100517/000119312514278970/0001193125-14-278970-index.htm",
    "finalLink": "https://www.sec.gov/Archives/edgar/data/100517/000119312514278970/d732259d10q.htm"
  },
  {
    "date": "2014-03-31",
    "symbol": "UAL",
    "reportedCurrency": "USD",
    "cik": "0000100517",
    "fillingDate": "2014-04-24",
    "acceptedDate": "2014-04-24 16:10:02",
    "calendarYear": "2014",
    "period": "Q1",
    "revenue": 8696000000,
    "costOfRevenue": 7292000000,
    "grossProfit": 1404000000,
    "grossProfitRatio": 0.1614535419,
    "researchAndDevelopmentExpenses": 0,
    "generalAndAdministrativeExpenses": 0,
    "sellingAndMarketingExpenses": 318000000,
    "sellingGeneralAndAdministrativeExpenses": 318000000,
    "otherExpenses": 1435000000,
    "operatingExpenses": 1701000000,
    "costAndExpenses": 9045000000,
    "interestIncome": 5000000,
    "interestExpense": 173000000,
    "depreciationAndAmortization": 409000000,
    "ebitda": 112000000,
    "ebitdaratio": 0.0128794848,
    "operatingIncome": -349000000,
    "operatingIncomeRatio": -0.0401333947,
    "totalOtherIncomeExpensesNet": -257000000,
    "incomeBeforeTax": -606000000,
    "incomeBeforeTaxRatio": -0.0696872125,
    "incomeTaxExpense": 3000000,
    "netIncome": -609000000,
    "netIncomeRatio": -0.0700321987,
    "eps": -1.66,
    "epsdiluted": -1.66,
    "weightedAverageShsOut": 368000000,
    "weightedAverageShsOutDil": 368000000,
    "link": "https://www.sec.gov/Archives/edgar/data/100517/000119312514157115/0001193125-14-157115-index.htm",
    "finalLink": "https://www.sec.gov/Archives/edgar/data/100517/000119312514157115/d695457d10q.htm"
  },
  {
    "date": "2013-12-31",
    "symbol": "UAL",
    "reportedCurrency": "USD",
    "cik": "0000100517",
    "fillingDate": "2014-02-20",
    "acceptedDate": "2014-02-20 16:12:24",
    "calendarYear": "2013",
    "period": "Q4",
    "revenue": 9329000000,
    "costOfRevenue": 7289000000,
    "grossProfit": 2040000000,
    "grossProfitRatio": 0.2186729553,
    "researchAndDevelopmentExpenses": 0,
    "generalAndAdministrativeExpenses": 0,
    "sellingAndMarketingExpenses": 338000000,
    "sellingGeneralAndAdministrativeExpenses": 338000000,
    "otherExpenses": 1467000000,
    "operatingExpenses": 1640000000,
    "costAndExpenses": 9043000000,
    "interestIncome": 5000000,
    "interestExpense": 179000000,
    "depreciationAndAmortization": 0,
    "ebitda": 291000000,
    "ebitdaratio": 0.0311930539,
    "operatingIncome": 235000000,
    "operatingIncomeRatio": 0.0251902669,
    "totalOtherIncomeExpensesNet": -123000000,
    "incomeBeforeTax": 112000000,
    "incomeBeforeTaxRatio": 0.012005574,
    "incomeTaxExpense": -28000000,
    "netIncome": 140000000,
    "netIncomeRatio": 0.0150069675,
    "eps": 0.39,
    "epsdiluted": 0.37,
    "weightedAverageShsOut": 361000000,
    "weightedAverageShsOutDil": 390000000,
    "link": "https://www.sec.gov/Archives/edgar/data/100517/000119312514060695/0001193125-14-060695-index.htm",
    "finalLink": "https://www.sec.gov/Archives/edgar/data/100517/000119312514060695/d624298d10k.htm"
  },
  {
    "date": "2013-09-30",
    "symbol": "UAL",
    "reportedCurrency": "USD",
    "cik": "0000100517",
    "fillingDate": "2013-10-24",
    "acceptedDate": "2013-10-24 16:26:08",
    "calendarYear": "2013",
    "period": "Q3",
    "revenue": 10228000000,
    "costOfRevenue": 7770000000,
    "grossProfit": 2458000000,
    "grossProfitRatio": 0.2403206883,
    "researchAndDevelopmentExpenses": 0,
    "generalAndAdministrativeExpenses": 0,
    "sellingAndMarketingExpenses": 377000000,
    "sellingGeneralAndAdministrativeExpenses": 377000000,
    "otherExpenses": 1573000000,
    "operatingExpenses": 1950000000,
    "costAndExpenses": 9763000000,
    "interestIncome": 5000000,
    "interestExpense": 183000000,
    "depreciationAndAmortization": 435000000,
    "ebitda": 776000000,
    "ebitdaratio": 0.0758701603,
    "operatingIncome": 508000000,
    "operatingIncomeRatio": 0.0496675792,
    "totalOtherIncomeExpensesNet": -126000000,
    "incomeBeforeTax": 382000000,
    "incomeBeforeTaxRatio": 0.0373484552,
    "incomeTaxExpense": 3000000,
    "netIncome": 379000000,
    "netIncomeRatio": 0.0370551427,
    "eps": 1.06,
    "epsdiluted": 0.98,
    "weightedAverageShsOut": 385814282,
    "weightedAverageShsOutDil": 395000000,
    "link": "https://www.sec.gov/Archives/edgar/data/100517/000119312513409916/0001193125-13-409916-index.htm",
    "finalLink": "https://www.sec.gov/Archives/edgar/data/100517/000119312513409916/d578285d10q.htm"
  },
  {
    "date": "2013-06-30",
    "symbol": "UAL",
    "reportedCurrency": "USD",
    "cik": "0000100517",
    "fillingDate": "2013-07-25",
    "acceptedDate": "2013-07-25 16:12:21",
    "calendarYear": "2013",
    "period": "Q2",
    "revenue": 10001000000,
    "costOfRevenue": 7518000000,
    "grossProfit": 2483000000,
    "grossProfitRatio": 0.2482751725,
    "researchAndDevelopmentExpenses": 0,
    "generalAndAdministrativeExpenses": 0,
    "sellingAndMarketingExpenses": 347000000,
    "sellingGeneralAndAdministrativeExpenses": 347000000,
    "otherExpenses": 1366000000,
    "operatingExpenses": 1661000000,
    "costAndExpenses": 9231000000,
    "interestIncome": 6000000,
    "interestExpense": 182000000,
    "depreciationAndAmortization": 425000000,
    "ebitda": 1247000000,
    "ebitdaratio": 0.1246875312,
    "operatingIncome": 770000000,
    "operatingIncomeRatio": 0.0769923008,
    "totalOtherIncomeExpensesNet": -299000000,
    "incomeBeforeTax": 471000000,
    "incomeBeforeTaxRatio": 0.0470952905,
    "incomeTaxExpense": 2000000,
    "netIncome": 469000000,
    "netIncomeRatio": 0.0468953105,
    "eps": 1.37,
    "epsdiluted": 1.21,
    "weightedAverageShsOut": 384951996,
    "weightedAverageShsOutDil": 394000000,
    "link": "https://www.sec.gov/Archives/edgar/data/100517/000119312513302696/0001193125-13-302696-index.htm",
    "finalLink": "https://www.sec.gov/Archives/edgar/data/100517/000119312513302696/d552832d10q.htm"
  },
  {
    "date": "2013-03-31",
    "symbol": "UAL",
    "reportedCurrency": "USD",
    "cik": "0000100517",
    "fillingDate": "2013-04-25",
    "acceptedDate": "2013-04-25 16:10:17",
    "calendarYear": "2013",
    "period": "Q1",
    "revenue": 8721000000,
    "costOfRevenue": 7348000000,
    "grossProfit": 1373000000,
    "grossProfitRatio": 0.1574360738,
    "researchAndDevelopmentExpenses": 0,
    "generalAndAdministrativeExpenses": 0,
    "sellingAndMarketingExpenses": 328000000,
    "sellingGeneralAndAdministrativeExpenses": 328000000,
    "otherExpenses": 1309000000,
    "operatingExpenses": 1637000000,
    "costAndExpenses": 8962000000,
    "interestIncome": 5000000,
    "interestExpense": 190000000,
    "depreciationAndAmortization": 408000000,
    "ebitda": 236000000,
    "ebitdaratio": 0.0270611168,
    "operatingIncome": -264000000,
    "operatingIncomeRatio": -0.0302717578,
    "totalOtherIncomeExpensesNet": -162000000,
    "incomeBeforeTax": -426000000,
    "incomeBeforeTaxRatio": -0.0488476092,
    "incomeTaxExpense": -9000000,
    "netIncome": -417000000,
    "netIncomeRatio": -0.0478156175,
    "eps": -1.26,
    "epsdiluted": -1.26,
    "weightedAverageShsOut": 332000000,
    "weightedAverageShsOutDil": 332000000,
    "link": "https://www.sec.gov/Archives/edgar/data/100517/000119312513173707/0001193125-13-173707-index.htm",
    "finalLink": "https://www.sec.gov/Archives/edgar/data/100517/000119312513173707/d507587d10q.htm"
  },
  {
    "date": "2012-12-31",
    "symbol": "UAL",
    "reportedCurrency": "USD",
    "cik": "0000100517",
    "fillingDate": "2013-02-25",
    "acceptedDate": "2013-02-25 17:26:52",
    "calendarYear": "2012",
    "period": "Q4",
    "revenue": 8702000000,
    "costOfRevenue": 6815000000,
    "grossProfit": 1887000000,
    "grossProfitRatio": 0.2168467019,
    "researchAndDevelopmentExpenses": 0,
    "generalAndAdministrativeExpenses": 6511000000,
    "sellingAndMarketingExpenses": 314000000,
    "sellingGeneralAndAdministrativeExpenses": 6825000000,
    "otherExpenses": 516000000,
    "operatingExpenses": 2333000000,
    "costAndExpenses": 9148000000,
    "interestIncome": 7000000,
    "interestExpense": 193000000,
    "depreciationAndAmortization": 385000000,
    "ebitda": -54000000,
    "ebitdaratio": -0.00620547,
    "operatingIncome": -465000000,
    "operatingIncomeRatio": -0.0534359917,
    "totalOtherIncomeExpensesNet": -167000000,
    "incomeBeforeTax": -632000000,
    "incomeBeforeTaxRatio": -0.0726269823,
    "incomeTaxExpense": -12000000,
    "netIncome": -620000000,
    "netIncomeRatio": -0.071247989,
    "eps": -1.87,
    "epsdiluted": -1.87,
    "weightedAverageShsOut": 331000000,
    "weightedAverageShsOutDil": 331000000,
    "link": "https://www.sec.gov/Archives/edgar/data/100517/000119312513074391/0001193125-13-074391-index.htm",
    "finalLink": "https://www.sec.gov/Archives/edgar/data/100517/000119312513074391/d436512d10k.htm"
  },
  {
    "date": "2012-09-30",
    "symbol": "UAL",
    "reportedCurrency": "USD",
    "cik": "0000100517",
    "fillingDate": "2012-10-25",
    "acceptedDate": "2012-10-25 17:04:22",
    "calendarYear": "2012",
    "period": "Q3",
    "revenue": 9909000000,
    "costOfRevenue": 7669000000,
    "grossProfit": 2240000000,
    "grossProfitRatio": 0.2260571198,
    "researchAndDevelopmentExpenses": 0,
    "generalAndAdministrativeExpenses": 2283000000,
    "sellingAndMarketingExpenses": 356000000,
    "sellingGeneralAndAdministrativeExpenses": 2639000000,
    "otherExpenses": -599000000,
    "operatingExpenses": 2040000000,
    "costAndExpenses": 9709000000,
    "interestIncome": 4000000,
    "interestExpense": 193000000,
    "depreciationAndAmortization": 379000000,
    "ebitda": 208000000,
    "ebitdaratio": 0.0209910183,
    "operatingIncome": 200000000,
    "operatingIncomeRatio": 0.0201836714,
    "totalOtherIncomeExpensesNet": -185000000,
    "incomeBeforeTax": 15000000,
    "incomeBeforeTaxRatio": 0.0015137754,
    "incomeTaxExpense": 9000000,
    "netIncome": 6000000,
    "netIncomeRatio": 0.0006055101,
    "eps": 0.02,
    "epsdiluted": 0.02,
    "weightedAverageShsOut": 331000000,
    "weightedAverageShsOutDil": 332000000,
    "link": "https://www.sec.gov/Archives/edgar/data/100517/000119312512435658/0001193125-12-435658-index.htm",
    "finalLink": "https://www.sec.gov/Archives/edgar/data/100517/000119312512435658/d408868d10q.htm"
  },
  {
    "date": "2012-06-30",
    "symbol": "UAL",
    "reportedCurrency": "USD",
    "cik": "0000100517",
    "fillingDate": "2012-07-26",
    "acceptedDate": "2012-07-26 16:53:16",
    "calendarYear": "2012",
    "period": "Q2",
    "revenue": 9939000000,
    "costOfRevenue": 7639000000,
    "grossProfit": 2300000000,
    "grossProfitRatio": 0.2314116108,
    "researchAndDevelopmentExpenses": 0,
    "generalAndAdministrativeExpenses": 0,
    "sellingAndMarketingExpenses": 345000000,
    "sellingGeneralAndAdministrativeExpenses": 345000000,
    "otherExpenses": 1380000000,
    "operatingExpenses": 1725000000,
    "costAndExpenses": 9364000000,
    "interestIncome": 7000000,
    "interestExpense": 204000000,
    "depreciationAndAmortization": 378000000,
    "ebitda": 1166000000,
    "ebitdaratio": 0.1173156253,
    "operatingIncome": 575000000,
    "operatingIncomeRatio": 0.0578529027,
    "totalOtherIncomeExpensesNet": -235000000,
    "incomeBeforeTax": 340000000,
    "incomeBeforeTaxRatio": 0.0342086729,
    "incomeTaxExpense": 1000000,
    "netIncome": 339000000,
    "netIncomeRatio": 0.0341080592,
    "eps": 1.02,
    "epsdiluted": 0.89,
    "weightedAverageShsOut": 331000000,
    "weightedAverageShsOutDil": 393000000,
    "link": "https://www.sec.gov/Archives/edgar/data/100517/000119312512316988/0001193125-12-316988-index.htm",
    "finalLink": "https://www.sec.gov/Archives/edgar/data/100517/000119312512316988/d362561d10q.htm"
  },
  {
    "date": "2012-03-31",
    "symbol": "UAL",
    "reportedCurrency": "USD",
    "cik": "0000100517",
    "fillingDate": "2012-04-27",
    "acceptedDate": "2012-04-26 18:00:30",
    "calendarYear": "2012",
    "period": "Q1",
    "revenue": 8602000000,
    "costOfRevenue": 7249000000,
    "grossProfit": 1353000000,
    "grossProfitRatio": 0.1572890026,
    "researchAndDevelopmentExpenses": 0,
    "generalAndAdministrativeExpenses": 0,
    "sellingAndMarketingExpenses": 337000000,
    "sellingGeneralAndAdministrativeExpenses": 337000000,
    "otherExpenses": 1287000000,
    "operatingExpenses": 1624000000,
    "costAndExpenses": 8873000000,
    "interestIncome": 13000000,
    "interestExpense": 208000000,
    "depreciationAndAmortization": 380000000,
    "ebitda": 286000000,
    "ebitdaratio": 0.0332480818,
    "operatingIncome": -271000000,
    "operatingIncomeRatio": -0.0315043013,
    "totalOtherIncomeExpensesNet": -176000000,
    "incomeBeforeTax": -447000000,
    "incomeBeforeTaxRatio": -0.0519646594,
    "incomeTaxExpense": 1000000,
    "netIncome": -448000000,
    "netIncomeRatio": -0.0520809114,
    "eps": -1.36,
    "epsdiluted": -1.36,
    "weightedAverageShsOut": 330000000,
    "weightedAverageShsOutDil": 330000000,
    "link": "https://www.sec.gov/Archives/edgar/data/100517/000119312512186734/0001193125-12-186734-index.htm",
    "finalLink": "https://www.sec.gov/Archives/edgar/data/100517/000119312512186734/d316621d10q.htm"
  },
  {
    "date": "2011-12-31",
    "symbol": "UAL",
    "reportedCurrency": "USD",
    "cik": "0000100517",
    "fillingDate": "2012-02-22",
    "acceptedDate": "2012-02-22 17:19:36",
    "calendarYear": "2011",
    "period": "Q4",
    "revenue": 8928000000,
    "costOfRevenue": 4841000000,
    "grossProfit": 4087000000,
    "grossProfitRatio": 0.4577732975,
    "researchAndDevelopmentExpenses": 0,
    "generalAndAdministrativeExpenses": 1910000000,
    "sellingAndMarketingExpenses": 333000000,
    "sellingGeneralAndAdministrativeExpenses": 2243000000,
    "otherExpenses": 1550000000,
    "operatingExpenses": 3793000000,
    "costAndExpenses": 8883000000,
    "interestIncome": -19000000,
    "interestExpense": 186000000,
    "depreciationAndAmortization": 390000000,
    "ebitda": 430000000,
    "ebitdaratio": 0.0481630824,
    "operatingIncome": 45000000,
    "operatingIncomeRatio": 0.0050403226,
    "totalOtherIncomeExpensesNet": -191000000,
    "incomeBeforeTax": -146000000,
    "incomeBeforeTaxRatio": -0.0163530466,
    "incomeTaxExpense": -8000000,
    "netIncome": -138000000,
    "netIncomeRatio": -0.0154569892,
    "eps": -0.42,
    "epsdiluted": -0.42,
    "weightedAverageShsOut": 329000000,
    "weightedAverageShsOutDil": 330000000,
    "link": "https://www.sec.gov/Archives/edgar/data/100517/000119312512073010/0001193125-12-073010-index.htm",
    "finalLink": "https://www.sec.gov/Archives/edgar/data/100517/000119312512073010/d260625d10k.htm"
  },
  {
    "date": "2011-09-30",
    "symbol": "UAL",
    "reportedCurrency": "USD",
    "cik": "0000100517",
    "fillingDate": "2011-10-27",
    "acceptedDate": "2011-10-27 16:40:51",
    "calendarYear": "2011",
    "period": "Q3",
    "revenue": 10171000000,
    "costOfRevenue": 5168000000,
    "grossProfit": 5003000000,
    "grossProfitRatio": 0.4918887032,
    "researchAndDevelopmentExpenses": 0,
    "generalAndAdministrativeExpenses": 2020000000,
    "sellingAndMarketingExpenses": 377000000,
    "sellingGeneralAndAdministrativeExpenses": 2652000000,
    "otherExpenses": 1551000000,
    "operatingExpenses": 3948000000,
    "costAndExpenses": 9236000000,
    "interestIncome": 16000000,
    "interestExpense": 217000000,
    "depreciationAndAmortization": 384000000,
    "ebitda": 1261000000,
    "ebitdaratio": 0.123979943,
    "operatingIncome": 935000000,
    "operatingIncomeRatio": 0.0919280307,
    "totalOtherIncomeExpensesNet": -275000000,
    "incomeBeforeTax": 660000000,
    "incomeBeforeTaxRatio": 0.0648903746,
    "incomeTaxExpense": 7000000,
    "netIncome": 653000000,
    "netIncomeRatio": 0.0642021433,
    "eps": 1.97,
    "epsdiluted": 1.69,
    "weightedAverageShsOut": 330000000,
    "weightedAverageShsOutDil": 392000000,
    "link": "https://www.sec.gov/Archives/edgar/data/100517/000119312511284246/0001193125-11-284246-index.htm",
    "finalLink": "https://www.sec.gov/Archives/edgar/data/100517/000119312511284246/d238585d10q.htm"
  },
  {
    "date": "2011-06-30",
    "symbol": "UAL",
    "reportedCurrency": "USD",
    "cik": "0000100517",
    "fillingDate": "2011-07-26",
    "acceptedDate": "2011-07-25 21:43:05",
    "calendarYear": "2011",
    "period": "Q2",
    "revenue": 9809000000,
    "costOfRevenue": 4788000000,
    "grossProfit": 5021000000,
    "grossProfitRatio": 0.5118768478,
    "researchAndDevelopmentExpenses": 0,
    "generalAndAdministrativeExpenses": 2168000000,
    "sellingAndMarketingExpenses": 375000000,
    "sellingGeneralAndAdministrativeExpenses": 2543000000,
    "otherExpenses": 1670000000,
    "operatingExpenses": 4213000000,
    "costAndExpenses": 9001000000,
    "interestIncome": 5000000,
    "interestExpense": 242000000,
    "depreciationAndAmortization": 385000000,
    "ebitda": 1169000000,
    "ebitdaratio": 0.1191762667,
    "operatingIncome": 808000000,
    "operatingIncomeRatio": 0.0823733306,
    "totalOtherIncomeExpensesNet": -266000000,
    "incomeBeforeTax": 542000000,
    "incomeBeforeTaxRatio": 0.0552553777,
    "incomeTaxExpense": 4000000,
    "netIncome": 538000000,
    "netIncomeRatio": 0.0548475889,
    "eps": 1.63,
    "epsdiluted": 1.39,
    "weightedAverageShsOut": 330000000,
    "weightedAverageShsOutDil": 400000000,
    "link": "https://www.sec.gov/Archives/edgar/data/100517/000119312511196459/0001193125-11-196459-index.htm",
    "finalLink": "https://www.sec.gov/Archives/edgar/data/100517/000119312511196459/d10q.htm"
  },
  {
    "date": "2011-03-31",
    "symbol": "UAL",
    "reportedCurrency": "USD",
    "cik": "0000100517",
    "fillingDate": "2011-04-21",
    "acceptedDate": "2011-04-21 17:02:48",
    "calendarYear": "2011",
    "period": "Q1",
    "revenue": 8202000000,
    "costOfRevenue": 4410000000,
    "grossProfit": 3792000000,
    "grossProfitRatio": 0.4623262619,
    "researchAndDevelopmentExpenses": 0,
    "generalAndAdministrativeExpenses": 1806000000,
    "sellingAndMarketingExpenses": 350000000,
    "sellingGeneralAndAdministrativeExpenses": 2156000000,
    "otherExpenses": 1525000000,
    "operatingExpenses": 3681000000,
    "costAndExpenses": 8168000000,
    "interestIncome": 4000000,
    "interestExpense": 248000000,
    "depreciationAndAmortization": 388000000,
    "ebitda": 431000000,
    "ebitdaratio": 0.052548159,
    "operatingIncome": 34000000,
    "operatingIncomeRatio": 0.0041453304,
    "totalOtherIncomeExpensesNet": -245000000,
    "incomeBeforeTax": -211000000,
    "incomeBeforeTaxRatio": -0.0257254328,
    "incomeTaxExpense": 2000000,
    "netIncome": -213000000,
    "netIncomeRatio": -0.0259692758,
    "eps": -0.65,
    "epsdiluted": -0.65,
    "weightedAverageShsOut": 328000000,
    "weightedAverageShsOutDil": 328000000,
    "link": "https://www.sec.gov/Archives/edgar/data/100517/000119312511105320/0001193125-11-105320-index.htm",
    "finalLink": "https://www.sec.gov/Archives/edgar/data/100517/000119312511105320/d10q.htm"
  },
  {
    "date": "2010-12-31",
    "symbol": "UAL",
    "reportedCurrency": "USD",
    "cik": "0000100517",
    "fillingDate": "2011-02-22",
    "acceptedDate": "2011-02-22 17:26:02",
    "calendarYear": "2010",
    "period": "Q4",
    "revenue": 8433000000,
    "costOfRevenue": 990000000,
    "grossProfit": 7443000000,
    "grossProfitRatio": 0.8826040555,
    "researchAndDevelopmentExpenses": 0,
    "generalAndAdministrativeExpenses": 1949000000,
    "sellingAndMarketingExpenses": 460000000,
    "sellingGeneralAndAdministrativeExpenses": 2409000000,
    "otherExpenses": 2906000000,
    "operatingExpenses": 5315000000,
    "costAndExpenses": 8495000000,
    "interestIncome": 22000000,
    "interestExpense": 285000000,
    "depreciationAndAmortization": 427000000,
    "ebitda": 387000000,
    "ebitdaratio": 0.0458911419,
    "operatingIncome": -62000000,
    "operatingIncomeRatio": -0.0073520693,
    "totalOtherIncomeExpensesNet": -263000000,
    "incomeBeforeTax": -325000000,
    "incomeBeforeTaxRatio": -0.0385390727,
    "incomeTaxExpense": -1000000,
    "netIncome": -325000000,
    "netIncomeRatio": -0.0385390727,
    "eps": -0.99,
    "epsdiluted": -0.99,
    "weightedAverageShsOut": 327922565,
    "weightedAverageShsOutDil": 328000000,
    "link": "https://www.sec.gov/Archives/edgar/data/100517/000119312511042335/0001193125-11-042335-index.htm",
    "finalLink": "https://www.sec.gov/Archives/edgar/data/100517/000119312511042335/d10k.htm"
  },
  {
    "date": "2010-09-30",
    "symbol": "UAL",
    "reportedCurrency": "USD",
    "cik": "0000100517",
    "fillingDate": "2010-10-21",
    "acceptedDate": "2010-10-21 16:57:48",
    "calendarYear": "2010",
    "period": "Q3",
    "revenue": 5394000000,
    "costOfRevenue": 2563000000,
    "grossProfit": 2831000000,
    "grossProfitRatio": 0.5248424175,
    "researchAndDevelopmentExpenses": 0,
    "generalAndAdministrativeExpenses": 1129000000,
    "sellingAndMarketingExpenses": 161000000,
    "sellingGeneralAndAdministrativeExpenses": 1333000000,
    "otherExpenses": 980000000,
    "operatingExpenses": 1714000000,
    "costAndExpenses": 4876000000,
    "interestIncome": 7000000,
    "interestExpense": 177000000,
    "depreciationAndAmortization": 232000000,
    "ebitda": 439000000,
    "ebitdaratio": 0.081386726,
    "operatingIncome": 541000000,
    "operatingIncomeRatio": 0.1002966259,
    "totalOtherIncomeExpensesNet": -155000000,
    "incomeBeforeTax": 386000000,
    "incomeBeforeTaxRatio": 0.0715609937,
    "incomeTaxExpense": -1000000,
    "netIncome": 387000000,
    "netIncomeRatio": 0.0717463849,
    "eps": 2.3,
    "epsdiluted": 1.75,
    "weightedAverageShsOut": 168000000,
    "weightedAverageShsOutDil": 235000000,
    "link": "https://www.sec.gov/Archives/edgar/data/100517/000119312510233734/0001193125-10-233734-index.htm",
    "finalLink": "https://www.sec.gov/Archives/edgar/data/100517/000119312510233734/d10q.htm"
  },
  {
    "date": "2010-06-30",
    "symbol": "UAL",
    "reportedCurrency": "USD",
    "cik": "0000100517",
    "fillingDate": "2010-07-20",
    "acceptedDate": "2010-07-20 16:35:09",
    "calendarYear": "2010",
    "period": "Q2",
    "revenue": 5161000000,
    "costOfRevenue": 2407000000,
    "grossProfit": 2754000000,
    "grossProfitRatio": 0.533617516,
    "researchAndDevelopmentExpenses": 0,
    "generalAndAdministrativeExpenses": 1142000000,
    "sellingAndMarketingExpenses": 198000000,
    "sellingGeneralAndAdministrativeExpenses": 1340000000,
    "otherExpenses": 973000000,
    "operatingExpenses": 2313000000,
    "costAndExpenses": 4720000000,
    "interestIncome": 5000000,
    "interestExpense": 178000000,
    "depreciationAndAmortization": 223000000,
    "ebitda": 672000000,
    "ebitdaratio": 0.1302073242,
    "operatingIncome": 441000000,
    "operatingIncomeRatio": 0.0854485565,
    "totalOtherIncomeExpensesNet": -170000000,
    "incomeBeforeTax": 271000000,
    "incomeBeforeTaxRatio": 0.0525092036,
    "incomeTaxExpense": -2000000,
    "netIncome": 273000000,
    "netIncomeRatio": 0.0528967254,
    "eps": 1.62,
    "epsdiluted": 1.29,
    "weightedAverageShsOut": 168000000,
    "weightedAverageShsOutDil": 235000000,
    "link": "https://www.sec.gov/Archives/edgar/data/100517/000119312510161812/0001193125-10-161812-index.htm",
    "finalLink": "https://www.sec.gov/Archives/edgar/data/100517/000119312510161812/d10q.htm"
  },
  {
    "date": "2010-03-31",
    "symbol": "UAL",
    "reportedCurrency": "USD",
    "cik": "0000100517",
    "fillingDate": "2010-04-27",
    "acceptedDate": "2010-04-27 16:47:43",
    "calendarYear": "2010",
    "period": "Q1",
    "revenue": 4241000000,
    "costOfRevenue": 2155000000,
    "grossProfit": 2086000000,
    "grossProfitRatio": 0.4918651261,
    "researchAndDevelopmentExpenses": 0,
    "generalAndAdministrativeExpenses": 990000000,
    "sellingAndMarketingExpenses": 172000000,
    "sellingGeneralAndAdministrativeExpenses": 1162000000,
    "otherExpenses": 848000000,
    "operatingExpenses": 2010000000,
    "costAndExpenses": 4165000000,
    "interestIncome": 1000000,
    "interestExpense": 183000000,
    "depreciationAndAmortization": 221000000,
    "ebitda": 322000000,
    "ebitdaratio": 0.0759254893,
    "operatingIncome": 76000000,
    "operatingIncomeRatio": 0.0179203018,
    "totalOtherIncomeExpensesNet": -158000000,
    "incomeBeforeTax": -82000000,
    "incomeBeforeTaxRatio": -0.0193350625,
    "incomeTaxExpense": 0,
    "netIncome": -82000000,
    "netIncomeRatio": -0.0193350625,
    "eps": -0.49,
    "epsdiluted": -0.49,
    "weightedAverageShsOut": 167400000,
    "weightedAverageShsOutDil": 167400000,
    "link": "https://www.sec.gov/Archives/edgar/data/100517/000119312510094960/0001193125-10-094960-index.htm",
    "finalLink": "https://www.sec.gov/Archives/edgar/data/100517/000119312510094960/d10q.htm"
  },
  {
    "date": "2009-12-31",
    "symbol": "UAL",
    "reportedCurrency": "USD",
    "cik": "0000100517",
    "fillingDate": "2010-02-26",
    "acceptedDate": "2010-02-26 06:09:09",
    "calendarYear": "2009",
    "period": "Q4",
    "revenue": 4193000000,
    "costOfRevenue": 4126000000,
    "grossProfit": 67000000,
    "grossProfitRatio": 0.0159790126,
    "researchAndDevelopmentExpenses": 0,
    "generalAndAdministrativeExpenses": -1219000000,
    "sellingAndMarketingExpenses": 132000000,
    "sellingGeneralAndAdministrativeExpenses": -1087000000,
    "otherExpenses": 1228000000,
    "operatingExpenses": -603000000,
    "costAndExpenses": 4267000000,
    "interestIncome": 6000000,
    "interestExpense": 162000000,
    "depreciationAndAmortization": 227000000,
    "ebitda": 177000000,
    "ebitdaratio": 0.0422132125,
    "operatingIncome": -74000000,
    "operatingIncomeRatio": -0.0176484617,
    "totalOtherIncomeExpensesNet": -138000000,
    "incomeBeforeTax": -212000000,
    "incomeBeforeTaxRatio": -0.0505604579,
    "incomeTaxExpense": 29000000,
    "netIncome": -240000000,
    "netIncomeRatio": -0.0572382542,
    "eps": -1.43,
    "epsdiluted": -1.43,
    "weightedAverageShsOut": 167400000,
    "weightedAverageShsOutDil": 167400000,
    "link": "https://www.sec.gov/Archives/edgar/data/100517/000119312510041523/0001193125-10-041523-index.htm",
    "finalLink": "https://www.sec.gov/Archives/edgar/data/100517/000119312510041523/d10k.htm"
  },
  {
    "date": "2009-09-30",
    "symbol": "UAL",
    "reportedCurrency": "USD",
    "cik": "0000100517",
    "fillingDate": "2009-10-21",
    "acceptedDate": "2009-10-21 17:14:03",
    "calendarYear": "2009",
    "period": "Q3",
    "revenue": 4433000000,
    "costOfRevenue": 2116000000,
    "grossProfit": 2317000000,
    "grossProfitRatio": 0.5226708775,
    "researchAndDevelopmentExpenses": 0,
    "generalAndAdministrativeExpenses": 954000000,
    "sellingAndMarketingExpenses": 145000000,
    "sellingGeneralAndAdministrativeExpenses": 1099000000,
    "otherExpenses": 1130000000,
    "operatingExpenses": 2229000000,
    "costAndExpenses": 4345000000,
    "interestIncome": 6000000,
    "interestExpense": 143000000,
    "depreciationAndAmortization": 220000000,
    "ebitda": 301000000,
    "ebitdaratio": 0.0678998421,
    "operatingIncome": 88000000,
    "operatingIncomeRatio": 0.0198511166,
    "totalOtherIncomeExpensesNet": -150000000,
    "incomeBeforeTax": -62000000,
    "incomeBeforeTaxRatio": -0.013986014,
    "incomeTaxExpense": -4000000,
    "netIncome": -57000000,
    "netIncomeRatio": -0.0128581096,
    "eps": -0.39,
    "epsdiluted": -0.39,
    "weightedAverageShsOut": 145600000,
    "weightedAverageShsOutDil": 145600000,
    "link": "https://www.sec.gov/Archives/edgar/data/100517/000114036109023635/0001140361-09-023635-index.htm",
    "finalLink": "https://www.sec.gov/Archives/edgar/data/100517/000114036109023635/form10q.htm"
  },
  {
    "date": "2009-06-30",
    "symbol": "UAL",
    "reportedCurrency": "USD",
    "cik": "0000100517",
    "fillingDate": "2009-07-23",
    "acceptedDate": "2009-07-22 18:31:21",
    "calendarYear": "2009",
    "period": "Q2",
    "revenue": 4018000000,
    "costOfRevenue": 933000000,
    "grossProfit": 3085000000,
    "grossProfitRatio": 0.7677949228,
    "researchAndDevelopmentExpenses": 0,
    "generalAndAdministrativeExpenses": 1671000000,
    "sellingAndMarketingExpenses": 139000000,
    "sellingGeneralAndAdministrativeExpenses": 1810000000,
    "otherExpenses": 1168000000,
    "operatingExpenses": 2254000000,
    "costAndExpenses": 3187000000,
    "interestIncome": 7000000,
    "interestExpense": 135000000,
    "depreciationAndAmortization": 222000000,
    "ebitda": 371000000,
    "ebitdaratio": 0.0923344948,
    "operatingIncome": 107000000,
    "operatingIncomeRatio": 0.0266301643,
    "totalOtherIncomeExpensesNet": -93000000,
    "incomeBeforeTax": 14000000,
    "incomeBeforeTaxRatio": 0.0034843206,
    "incomeTaxExpense": -14000000,
    "netIncome": 28000000,
    "netIncomeRatio": 0.0069686411,
    "eps": 0.19,
    "epsdiluted": 0.19,
    "weightedAverageShsOut": 145100000,
    "weightedAverageShsOutDil": 145100000,
    "link": "https://www.sec.gov/Archives/edgar/data/100517/000095012309024435/0000950123-09-024435-index.htm",
    "finalLink": "https://www.sec.gov/Archives/edgar/data/100517/000095012309024435/c88119e10vq.htm"
  },
  {
    "date": "2009-03-31",
    "symbol": "UAL",
    "reportedCurrency": "USD",
    "cik": "0000100517",
    "fillingDate": "2009-04-27",
    "acceptedDate": "2009-04-24 18:00:32",
    "calendarYear": "2009",
    "period": "Q1",
    "revenue": 3691000000,
    "costOfRevenue": 1055000000,
    "grossProfit": 2636000000,
    "grossProfitRatio": 0.7141696017,
    "researchAndDevelopmentExpenses": 0,
    "generalAndAdministrativeExpenses": 1592000000,
    "sellingAndMarketingExpenses": 118000000,
    "sellingGeneralAndAdministrativeExpenses": 1710000000,
    "otherExpenses": 1208000000,
    "operatingExpenses": 2181000000,
    "costAndExpenses": 3236000000,
    "interestIncome": 10000000,
    "interestExpense": 134000000,
    "depreciationAndAmortization": 233000000,
    "ebitda": -45000000,
    "ebitdaratio": -0.0121918179,
    "operatingIncome": -282000000,
    "operatingIncomeRatio": -0.0764020591,
    "totalOtherIncomeExpensesNet": -130000000,
    "incomeBeforeTax": -412000000,
    "incomeBeforeTaxRatio": -0.1116228664,
    "incomeTaxExpense": -30000000,
    "netIncome": -382000000,
    "netIncomeRatio": -0.1034949878,
    "eps": -2.64,
    "epsdiluted": -2.64,
    "weightedAverageShsOut": 144700000,
    "weightedAverageShsOutDil": 144700000,
    "link": "https://www.sec.gov/Archives/edgar/data/100517/000136231009005843/0001362310-09-005843-index.htm",
    "finalLink": "https://www.sec.gov/Archives/edgar/data/100517/000136231009005843/c84219e10vq.htm"
  },
  {
    "date": "2008-12-31",
    "symbol": "UAL",
    "reportedCurrency": "USD",
    "cik": "0000100517",
    "fillingDate": "2009-03-02",
    "acceptedDate": "2009-03-02 17:13:27",
    "calendarYear": "2008",
    "period": "Q4",
    "revenue": 4547000000,
    "costOfRevenue": 2156000000,
    "grossProfit": 2391000000,
    "grossProfitRatio": 0.525841214,
    "researchAndDevelopmentExpenses": 0,
    "generalAndAdministrativeExpenses": 1789000000,
    "sellingAndMarketingExpenses": 152000000,
    "sellingGeneralAndAdministrativeExpenses": 1941000000,
    "otherExpenses": 1262000000,
    "operatingExpenses": 3203000000,
    "costAndExpenses": 5359000000,
    "interestIncome": -4000000,
    "interestExpense": 111000000,
    "depreciationAndAmortization": 262000000,
    "ebitda": -927000000,
    "ebitdaratio": -0.203870684,
    "operatingIncome": -812000000,
    "operatingIncomeRatio": -0.178579283,
    "totalOtherIncomeExpensesNet": -488000000,
    "incomeBeforeTax": -1300000000,
    "incomeBeforeTaxRatio": -0.2859027931,
    "incomeTaxExpense": 5000000,
    "netIncome": -1303000000,
    "netIncomeRatio": -0.2865625687,
    "eps": -9,
    "epsdiluted": -9,
    "weightedAverageShsOut": 144700000,
    "weightedAverageShsOutDil": 144700000,
    "link": "https://www.sec.gov/Archives/edgar/data/100517/000095013709001460/0000950137-09-001460-index.htm",
    "finalLink": "https://www.sec.gov/Archives/edgar/data/100517/000095013709001460/c49215e10vk.htm"
  },
  {
    "date": "2008-09-30",
    "symbol": "UAL",
    "reportedCurrency": "USD",
    "cik": "0000100517",
    "fillingDate": "2008-10-24",
    "acceptedDate": "2008-10-24 17:07:47",
    "calendarYear": "2008",
    "period": "Q3",
    "revenue": 5565000000,
    "costOfRevenue": 2782000000,
    "grossProfit": 2783000000,
    "grossProfitRatio": 0.5000898473,
    "researchAndDevelopmentExpenses": 0,
    "generalAndAdministrativeExpenses": 1919000000,
    "sellingAndMarketingExpenses": 181000000,
    "sellingGeneralAndAdministrativeExpenses": 2100000000,
    "otherExpenses": 1174000000,
    "operatingExpenses": 2609000000,
    "costAndExpenses": 6056000000,
    "interestIncome": 30000000,
    "interestExpense": 144000000,
    "depreciationAndAmortization": 234000000,
    "ebitda": -413000000,
    "ebitdaratio": -0.0742138365,
    "operatingIncome": -491000000,
    "operatingIncomeRatio": -0.088230009,
    "totalOtherIncomeExpensesNet": -300000000,
    "incomeBeforeTax": -791000000,
    "incomeBeforeTaxRatio": -0.1421383648,
    "incomeTaxExpense": 2000000,
    "netIncome": -792000000,
    "netIncomeRatio": -0.1423180593,
    "eps": -6.12,
    "epsdiluted": -6.12,
    "weightedAverageShsOut": 127300000,
    "weightedAverageShsOutDil": 127300000,
    "link": "https://www.sec.gov/Archives/edgar/data/100517/000136231008006184/0001362310-08-006184-index.htm",
    "finalLink": "https://www.sec.gov/Archives/edgar/data/100517/000136231008006184/c76278e10vq.htm"
  },
  {
    "date": "2008-06-30",
    "symbol": "UAL",
    "reportedCurrency": "USD",
    "cik": "0000100517",
    "fillingDate": "2008-07-24",
    "acceptedDate": "2008-07-23 18:57:14",
    "calendarYear": "2008",
    "period": "Q2",
    "revenue": 5371000000,
    "costOfRevenue": 2280000000,
    "grossProfit": 3091000000,
    "grossProfitRatio": 0.5754980451,
    "researchAndDevelopmentExpenses": 0,
    "generalAndAdministrativeExpenses": 2026000000,
    "sellingAndMarketingExpenses": 193000000,
    "sellingGeneralAndAdministrativeExpenses": 2219000000,
    "otherExpenses": 3566000000,
    "operatingExpenses": 2910000000,
    "costAndExpenses": 5190000000,
    "interestIncome": 33000000,
    "interestExpense": 137000000,
    "depreciationAndAmortization": 216000000,
    "ebitda": -2417000000,
    "ebitdaratio": -0.4500093093,
    "operatingIncome": -2694000000,
    "operatingIncomeRatio": -0.5015825731,
    "totalOtherIncomeExpensesNet": -76000000,
    "incomeBeforeTax": -2770000000,
    "incomeBeforeTaxRatio": -0.5157326382,
    "incomeTaxExpense": -29000000,
    "netIncome": -2740000000,
    "netIncomeRatio": -0.5101470862,
    "eps": -21.47,
    "epsdiluted": -21.47,
    "weightedAverageShsOut": 127100000,
    "weightedAverageShsOutDil": 127100000,
    "link": "https://www.sec.gov/Archives/edgar/data/100517/000104746908008342/0001047469-08-008342-index.htm",
    "finalLink": "https://www.sec.gov/Archives/edgar/data/100517/000104746908008342/a2186941z10-q.htm"
  },
  {
    "date": "2008-03-31",
    "symbol": "UAL",
    "reportedCurrency": "USD",
    "cik": "0000100517",
    "fillingDate": "2008-05-09",
    "acceptedDate": "2008-05-09 16:45:35",
    "calendarYear": "2008",
    "period": "Q1",
    "revenue": 4711000000,
    "costOfRevenue": 1976000000,
    "grossProfit": 2735000000,
    "grossProfitRatio": 0.5805561452,
    "researchAndDevelopmentExpenses": 0,
    "generalAndAdministrativeExpenses": 1825000000,
    "sellingAndMarketingExpenses": 184000000,
    "sellingGeneralAndAdministrativeExpenses": 2009000000,
    "otherExpenses": 1167000000,
    "operatingExpenses": 2518000000,
    "costAndExpenses": 5152000000,
    "interestIncome": 53000000,
    "interestExpense": 147000000,
    "depreciationAndAmortization": 220000000,
    "ebitda": -187000000,
    "ebitdaratio": -0.0396943324,
    "operatingIncome": -441000000,
    "operatingIncomeRatio": -0.0936106984,
    "totalOtherIncomeExpensesNet": -113000000,
    "incomeBeforeTax": -554000000,
    "incomeBeforeTaxRatio": -0.1175971131,
    "incomeTaxExpense": -5000000,
    "netIncome": -549000000,
    "netIncomeRatio": -0.1165357674,
    "eps": -4.43,
    "epsdiluted": -4.43,
    "weightedAverageShsOut": 121100000,
    "weightedAverageShsOutDil": 121100000,
    "link": "https://www.sec.gov/Archives/edgar/data/100517/000104746908006315/0001047469-08-006315-index.htm",
    "finalLink": "https://www.sec.gov/Archives/edgar/data/100517/000104746908006315/a2185598z10-q.htm"
  },
  {
    "date": "2007-12-31",
    "symbol": "UAL",
    "reportedCurrency": "USD",
    "cik": "0000100517",
    "fillingDate": "2008-02-29",
    "acceptedDate": "2008-02-28 19:00:19",
    "calendarYear": "2007",
    "period": "Q4",
    "revenue": 5030000000,
    "costOfRevenue": 78000000,
    "grossProfit": 4952000000,
    "grossProfitRatio": 0.9844930417,
    "researchAndDevelopmentExpenses": 0,
    "generalAndAdministrativeExpenses": 1433000000,
    "sellingAndMarketingExpenses": 0,
    "sellingGeneralAndAdministrativeExpenses": 1433000000,
    "otherExpenses": 3583000000,
    "operatingExpenses": 5016000000,
    "costAndExpenses": 5415000000,
    "interestIncome": 0,
    "interestExpense": 0,
    "depreciationAndAmortization": 231000000,
    "ebitda": -209000000,
    "ebitdaratio": -0.0415506958,
    "operatingIncome": -64000000,
    "operatingIncomeRatio": -0.0127236581,
    "totalOtherIncomeExpensesNet": -34000000,
    "incomeBeforeTax": -98000000,
    "incomeBeforeTaxRatio": -0.0194831014,
    "incomeTaxExpense": -43000000,
    "netIncome": -53000000,
    "netIncomeRatio": -0.0105367793,
    "eps": -0.45,
    "epsdiluted": -0.44,
    "weightedAverageShsOut": 117700000,
    "weightedAverageShsOutDil": 121100000,
    "link": "https://www.sec.gov/Archives/edgar/data/100517/000104746908001951/0001047469-08-001951-index.htm",
    "finalLink": "https://www.sec.gov/Archives/edgar/data/100517/000104746908001951/a2182991z10-k.htm"
  },
  {
    "date": "2007-10-08",
    "symbol": "UAL",
    "reportedCurrency": "USD",
    "cik": "0000100517",
    "fillingDate": "2007-10-31",
    "acceptedDate": "2007-10-31 16:32:03",
    "calendarYear": "2007",
    "period": "Q3",
    "revenue": 5527000000,
    "costOfRevenue": 1728000000,
    "grossProfit": 3799000000,
    "grossProfitRatio": 0.6873529944,
    "researchAndDevelopmentExpenses": 0,
    "generalAndAdministrativeExpenses": 1813000000,
    "sellingAndMarketingExpenses": 211000000,
    "sellingGeneralAndAdministrativeExpenses": 2024000000,
    "otherExpenses": 1119000000,
    "operatingExpenses": 3143000000,
    "costAndExpenses": 4871000000,
    "interestIncome": 71000000,
    "interestExpense": 156000000,
    "depreciationAndAmortization": 245000000,
    "ebitda": 966000000,
    "ebitdaratio": 0.1747783608,
    "operatingIncome": 656000000,
    "operatingIncomeRatio": 0.1186900669,
    "totalOtherIncomeExpensesNet": -90000000,
    "incomeBeforeTax": 566000000,
    "incomeBeforeTaxRatio": 0.1024063687,
    "incomeTaxExpense": 232000000,
    "netIncome": 334000000,
    "netIncomeRatio": 0.0604306134,
    "eps": 2.82,
    "epsdiluted": 2.21,
    "weightedAverageShsOut": 117500000,
    "weightedAverageShsOutDil": 154100000,
    "link": "https://www.sec.gov/Archives/edgar/data/100517/000010051707000030/0000100517-07-000030-index.htm",
    "finalLink": "https://www.sec.gov/Archives/edgar/data/100517/000010051707000030/body.htm"
  },
  {
    "date": "2007-06-30",
    "symbol": "UAL",
    "reportedCurrency": "USD",
    "cik": "0000100517",
    "fillingDate": "2007-07-31",
    "acceptedDate": "2007-07-30 18:27:01",
    "calendarYear": "2007",
    "period": "Q2",
    "revenue": 5213000000,
    "costOfRevenue": 1582000000,
    "grossProfit": 3631000000,
    "grossProfitRatio": 0.696527911,
    "researchAndDevelopmentExpenses": 0,
    "generalAndAdministrativeExpenses": 320000000,
    "sellingAndMarketingExpenses": 197000000,
    "sellingGeneralAndAdministrativeExpenses": 517000000,
    "otherExpenses": 2577000000,
    "operatingExpenses": 3094000000,
    "costAndExpenses": 4676000000,
    "interestIncome": 66000000,
    "interestExpense": 139000000,
    "depreciationAndAmortization": 229000000,
    "ebitda": 833000000,
    "ebitdaratio": 0.1597928256,
    "operatingIncome": 537000000,
    "operatingIncomeRatio": 0.1030117015,
    "totalOtherIncomeExpensesNet": -71000000,
    "incomeBeforeTax": 466000000,
    "incomeBeforeTaxRatio": 0.0893919049,
    "incomeTaxExpense": 192000000,
    "netIncome": 274000000,
    "netIncomeRatio": 0.0525609054,
    "eps": 2.31,
    "epsdiluted": 1.83,
    "weightedAverageShsOut": 117400000,
    "weightedAverageShsOutDil": 153400000,
    "link": "https://www.sec.gov/Archives/edgar/data/100517/000010051707000027/0000100517-07-000027-index.htm",
    "finalLink": "https://www.sec.gov/Archives/edgar/data/100517/000010051707000027/body.htm"
  },
  {
    "date": "2007-03-31",
    "symbol": "UAL",
    "reportedCurrency": "USD",
    "cik": "0000100517",
    "fillingDate": "2007-05-09",
    "acceptedDate": "2007-05-09 17:17:48",
    "calendarYear": "2007",
    "period": "Q1",
    "revenue": 4373000000,
    "costOfRevenue": 1378000000,
    "grossProfit": 2995000000,
    "grossProfitRatio": 0.6848845186,
    "researchAndDevelopmentExpenses": 0,
    "generalAndAdministrativeExpenses": 338000000,
    "sellingAndMarketingExpenses": 188000000,
    "sellingGeneralAndAdministrativeExpenses": 1948000000,
    "otherExpenses": 1139000000,
    "operatingExpenses": 3087000000,
    "costAndExpenses": 4465000000,
    "interestIncome": 63000000,
    "interestExpense": 206000000,
    "depreciationAndAmortization": 220000000,
    "ebitda": 189000000,
    "ebitdaratio": 0.0432197576,
    "operatingIncome": -92000000,
    "operatingIncomeRatio": -0.0210381889,
    "totalOtherIncomeExpensesNet": -145000000,
    "incomeBeforeTax": -237000000,
    "incomeBeforeTaxRatio": -0.054196204,
    "incomeTaxExpense": -85000000,
    "netIncome": -152000000,
    "netIncomeRatio": -0.0347587469,
    "eps": -1.32,
    "epsdiluted": -1.32,
    "weightedAverageShsOut": 117000000,
    "weightedAverageShsOutDil": 117000000,
    "link": "https://www.sec.gov/Archives/edgar/data/100517/000110465907037655/0001104659-07-037655-index.htm",
    "finalLink": "https://www.sec.gov/Archives/edgar/data/100517/000110465907037655/a07-11218_110q.htm"
  },
  {
    "date": "2006-12-31",
    "symbol": "UAL",
    "reportedCurrency": "USD",
    "cik": "0000100517",
    "fillingDate": "2007-03-16",
    "acceptedDate": "2007-03-16 14:40:24",
    "calendarYear": "2006",
    "period": "Q4",
    "revenue": 6044000000,
    "costOfRevenue": -4115000000,
    "grossProfit": 10159000000,
    "grossProfitRatio": 1.680840503,
    "researchAndDevelopmentExpenses": 0,
    "generalAndAdministrativeExpenses": -500000000,
    "sellingAndMarketingExpenses": -210000000,
    "sellingGeneralAndAdministrativeExpenses": -710000000,
    "otherExpenses": 10898000000,
    "operatingExpenses": 10188000000,
    "costAndExpenses": 6073000000,
    "interestIncome": 0,
    "interestExpense": 0,
    "depreciationAndAmortization": 196000000,
    "ebitda": 85000000,
    "ebitdaratio": 0.0140635341,
    "operatingIncome": -29000000,
    "operatingIncomeRatio": -0.0047981469,
    "totalOtherIncomeExpensesNet": 22776000000,
    "incomeBeforeTax": 22747000000,
    "incomeBeforeTaxRatio": 3.7635671741,
    "incomeTaxExpense": -39000000,
    "netIncome": 22790000000,
    "netIncomeRatio": 3.7706816678,
    "eps": 197.91,
    "epsdiluted": 197.91,
    "weightedAverageShsOut": 115151515,
    "weightedAverageShsOutDil": 115151515,
    "link": "https://www.sec.gov/Archives/edgar/data/100517/000110465907019919/0001104659-07-019919-index.htm",
    "finalLink": "https://www.sec.gov/Archives/edgar/data/100517/000110465907019919/a06-25698_210k.htm"
  },
  {
    "date": "2006-09-30",
    "symbol": "UAL",
    "reportedCurrency": "USD",
    "cik": "0000100517",
    "fillingDate": "2006-11-08",
    "acceptedDate": "2006-11-07 20:37:19",
    "calendarYear": "2006",
    "period": "Q3",
    "revenue": 5176000000,
    "costOfRevenue": 153000000,
    "grossProfit": 5023000000,
    "grossProfitRatio": 0.9704404946,
    "researchAndDevelopmentExpenses": 0,
    "generalAndAdministrativeExpenses": 1773000000,
    "sellingAndMarketingExpenses": 91000000,
    "sellingGeneralAndAdministrativeExpenses": 1864000000,
    "otherExpenses": 475000000,
    "operatingExpenses": 2339000000,
    "costAndExpenses": 4841000000,
    "interestIncome": 75000000,
    "interestExpense": 164000000,
    "depreciationAndAmortization": 226000000,
    "ebitda": 561000000,
    "ebitdaratio": 0.1083848532,
    "operatingIncome": 335000000,
    "operatingIncomeRatio": 0.0647217929,
    "totalOtherIncomeExpensesNet": -86000000,
    "incomeBeforeTax": 249000000,
    "incomeBeforeTaxRatio": 0.0481066461,
    "incomeTaxExpense": 59000000,
    "netIncome": 190000000,
    "netIncomeRatio": 0.0367078825,
    "eps": 1.62,
    "epsdiluted": 1.3,
    "weightedAverageShsOut": 117283951,
    "weightedAverageShsOutDil": 117283951,
    "link": "https://www.sec.gov/Archives/edgar/data/100517/000110465906072339/0001104659-06-072339-index.htm",
    "finalLink": "https://www.sec.gov/Archives/edgar/data/100517/000110465906072339/a06-22144_110q.htm"
  },
  {
    "date": "2006-06-30",
    "symbol": "UAL",
    "reportedCurrency": "USD",
    "cik": "0000100517",
    "fillingDate": "2006-08-02",
    "acceptedDate": "2006-08-01 21:28:42",
    "calendarYear": "2006",
    "period": "Q2",
    "revenue": 5113000000,
    "costOfRevenue": 190000000,
    "grossProfit": 4923000000,
    "grossProfitRatio": 0.9628398201,
    "researchAndDevelopmentExpenses": 0,
    "generalAndAdministrativeExpenses": 1131000000,
    "sellingAndMarketingExpenses": -82000000,
    "sellingGeneralAndAdministrativeExpenses": 1049000000,
    "otherExpenses": 3614000000,
    "operatingExpenses": 4663000000,
    "costAndExpenses": 4853000000,
    "interestIncome": 0,
    "interestExpense": 0,
    "depreciationAndAmortization": 218000000,
    "ebitda": 478000000,
    "ebitdaratio": 0.0934871895,
    "operatingIncome": 260000000,
    "operatingIncomeRatio": 0.0508507725,
    "totalOtherIncomeExpensesNet": -144000000,
    "incomeBeforeTax": 116000000,
    "incomeBeforeTaxRatio": 0.0226872677,
    "incomeTaxExpense": -3000000,
    "netIncome": 119000000,
    "netIncomeRatio": 0.0232740074,
    "eps": 1.01,
    "epsdiluted": 0.93,
    "weightedAverageShsOut": 117821782,
    "weightedAverageShsOutDil": 127956989,
    "link": "https://www.sec.gov/Archives/edgar/data/100517/000110465906050400/0001104659-06-050400-index.htm",
    "finalLink": "https://www.sec.gov/Archives/edgar/data/100517/000110465906050400/a06-17108_110q.htm"
  },
  {
    "date": "2006-03-31",
    "symbol": "UAL",
    "reportedCurrency": "USD",
    "cik": "0000100517",
    "fillingDate": "2006-05-10",
    "acceptedDate": "2006-05-10 17:08:54",
    "calendarYear": "2006",
    "period": "Q1",
    "revenue": 4465000000,
    "costOfRevenue": 193000000,
    "grossProfit": 4272000000,
    "grossProfitRatio": 0.956774916,
    "researchAndDevelopmentExpenses": 0,
    "generalAndAdministrativeExpenses": 0,
    "sellingAndMarketingExpenses": 201000000,
    "sellingGeneralAndAdministrativeExpenses": 201000000,
    "otherExpenses": 4242000000,
    "operatingExpenses": 4443000000,
    "costAndExpenses": 4636000000,
    "interestIncome": 0,
    "interestExpense": 0,
    "depreciationAndAmortization": 216000000,
    "ebitda": 45000000,
    "ebitdaratio": 0.0100783875,
    "operatingIncome": -171000000,
    "operatingIncomeRatio": -0.0382978723,
    "totalOtherIncomeExpensesNet": 22794000000,
    "incomeBeforeTax": 22623000000,
    "incomeBeforeTaxRatio": 5.0667413214,
    "incomeTaxExpense": -5000000,
    "netIncome": 22628000000,
    "netIncomeRatio": 5.0678611422,
    "eps": 194.66,
    "epsdiluted": 194.66,
    "weightedAverageShsOut": 116243707,
    "weightedAverageShsOutDil": 116243707,
    "link": "https://www.sec.gov/Archives/edgar/data/100517/000010051706000031/0000100517-06-000031-index.htm",
    "finalLink": "https://www.sec.gov/Archives/edgar/data/100517/000010051706000031/tenq.htm"
  },
  {
    "date": "2005-12-31",
    "symbol": "UAL",
    "reportedCurrency": "USD",
    "cik": "0000100517",
    "fillingDate": "2006-03-31",
    "acceptedDate": "2006-03-31 08:22:56",
    "calendarYear": "2005",
    "period": "Q4",
    "revenue": 4386000000,
    "costOfRevenue": 205000000,
    "grossProfit": 4181000000,
    "grossProfitRatio": 0.9532603739,
    "researchAndDevelopmentExpenses": 0,
    "generalAndAdministrativeExpenses": 0,
    "sellingAndMarketingExpenses": 0,
    "sellingGeneralAndAdministrativeExpenses": 0,
    "otherExpenses": 4363000000,
    "operatingExpenses": 4363000000,
    "costAndExpenses": 4568000000,
    "interestIncome": 0,
    "interestExpense": 0,
    "depreciationAndAmortization": 236000000,
    "ebitda": 54000000,
    "ebitdaratio": 0.0123119015,
    "operatingIncome": -182000000,
    "operatingIncomeRatio": -0.041495668,
    "totalOtherIncomeExpensesNet": -16718000000,
    "incomeBeforeTax": -16900000000,
    "incomeBeforeTaxRatio": -3.8531691746,
    "incomeTaxExpense": 4000000,
    "netIncome": -16904000000,
    "netIncomeRatio": -3.8540811674,
    "eps": -145.47,
    "epsdiluted": -145.42,
    "weightedAverageShsOut": 116200000,
    "weightedAverageShsOutDil": 116243707,
    "link": "https://www.sec.gov/Archives/edgar/data/100517/000010051706000021/0000100517-06-000021-index.htm",
    "finalLink": "https://www.sec.gov/Archives/edgar/data/100517/000010051706000021/ualtenk.htm"
  },
  {
    "date": "2005-09-30",
    "symbol": "UAL",
    "reportedCurrency": "USD",
    "cik": "0000100517",
    "fillingDate": "2005-09-30",
    "acceptedDate": "2005-09-29 20:00:00",
    "calendarYear": "2005",
    "period": "Q3",
    "revenue": 4655000000,
    "costOfRevenue": 1548000000,
    "grossProfit": 3107000000,
    "grossProfitRatio": 0.6674543502,
    "researchAndDevelopmentExpenses": 0,
    "generalAndAdministrativeExpenses": 1730000000,
    "sellingAndMarketingExpenses": 74000000,
    "sellingGeneralAndAdministrativeExpenses": 1804000000,
    "otherExpenses": 1138000000,
    "operatingExpenses": 2942000000,
    "costAndExpenses": 4490000000,
    "interestIncome": 9000000,
    "interestExpense": 129000000,
    "depreciationAndAmortization": 206000000,
    "ebitda": -1437000000,
    "ebitdaratio": -0.3087003222,
    "operatingIncome": 165000000,
    "operatingIncomeRatio": 0.0354457573,
    "totalOtherIncomeExpensesNet": -1937000000,
    "incomeBeforeTax": -1772000000,
    "incomeBeforeTaxRatio": -0.3806659506,
    "incomeTaxExpense": 0,
    "netIncome": -1772000000,
    "netIncomeRatio": -0.3806659506,
    "eps": -15.25,
    "epsdiluted": -15.25,
    "weightedAverageShsOut": 116200000,
    "weightedAverageShsOutDil": 116200000,
    "link": "",
    "finalLink": ""
  },
  {
    "date": "2005-06-30",
    "symbol": "UAL",
    "reportedCurrency": "USD",
    "cik": "0000100517",
    "fillingDate": "2005-08-09",
    "acceptedDate": "2005-08-09 17:06:23",
    "calendarYear": "2005",
    "period": "Q2",
    "revenue": 4423000000,
    "costOfRevenue": 147000000,
    "grossProfit": 4276000000,
    "grossProfitRatio": 0.9667646394,
    "researchAndDevelopmentExpenses": 0,
    "generalAndAdministrativeExpenses": 0,
    "sellingAndMarketingExpenses": 0,
    "sellingGeneralAndAdministrativeExpenses": 0,
    "otherExpenses": 4228000000,
    "operatingExpenses": 4228000000,
    "costAndExpenses": 4375000000,
    "interestIncome": 0,
    "interestExpense": 0,
    "depreciationAndAmortization": 205000000,
    "ebitda": 253000000,
    "ebitdaratio": 0.0572009948,
    "operatingIncome": 48000000,
    "operatingIncomeRatio": 0.0108523626,
    "totalOtherIncomeExpensesNet": -1482000000,
    "incomeBeforeTax": -1434000000,
    "incomeBeforeTaxRatio": -0.3242143342,
    "incomeTaxExpense": -4000000,
    "netIncome": -1430000000,
    "netIncomeRatio": -0.3233099706,
    "eps": -12.33,
    "epsdiluted": -12.33,
    "weightedAverageShsOut": 115977291,
    "weightedAverageShsOutDil": 115977291,
    "link": "https://www.sec.gov/Archives/edgar/data/100517/000010051705000042/0000100517-05-000042-index.htm",
    "finalLink": "https://www.sec.gov/Archives/edgar/data/100517/000010051705000042/ualtenq.htm"
  },
  {
    "date": "2005-03-31",
    "symbol": "UAL",
    "reportedCurrency": "USD",
    "cik": "0000100517",
    "fillingDate": "2005-05-11",
    "acceptedDate": "2005-05-11 14:35:08",
    "calendarYear": "2005",
    "period": "Q1",
    "revenue": 3915000000,
    "costOfRevenue": 2334000000,
    "grossProfit": 1581000000,
    "grossProfitRatio": 0.4038314176,
    "researchAndDevelopmentExpenses": 0,
    "generalAndAdministrativeExpenses": 1153000000,
    "sellingAndMarketingExpenses": 77000000,
    "sellingGeneralAndAdministrativeExpenses": 1230000000,
    "otherExpenses": 529000000,
    "operatingExpenses": 1759000000,
    "costAndExpenses": 4165000000,
    "interestIncome": 4000000,
    "interestExpense": 114000000,
    "depreciationAndAmortization": 213000000,
    "ebitda": -37000000,
    "ebitdaratio": -0.0094508301,
    "operatingIncome": -250000000,
    "operatingIncomeRatio": -0.0638569604,
    "totalOtherIncomeExpensesNet": -820000000,
    "incomeBeforeTax": -1070000000,
    "incomeBeforeTaxRatio": -0.2733077905,
    "incomeTaxExpense": 0,
    "netIncome": -1070000000,
    "netIncomeRatio": -0.2733077905,
    "eps": -9.21,
    "epsdiluted": -9.21,
    "weightedAverageShsOut": 116200000,
    "weightedAverageShsOutDil": 116200000,
    "link": "https://www.sec.gov/Archives/edgar/data/100517/000010051705000019/0000100517-05-000019-index.htm",
    "finalLink": "https://www.sec.gov/Archives/edgar/data/100517/000010051705000019/ualtenq.htm"
  },
  {
    "date": "2004-12-31",
    "symbol": "UAL",
    "reportedCurrency": "USD",
    "cik": "0000100517",
    "fillingDate": "2005-03-16",
    "acceptedDate": "2005-03-16 15:54:04",
    "calendarYear": "2004",
    "period": "Q4",
    "revenue": 3988000000,
    "costOfRevenue": 156000000,
    "grossProfit": 3832000000,
    "grossProfitRatio": 0.9608826479,
    "researchAndDevelopmentExpenses": 0,
    "generalAndAdministrativeExpenses": 0,
    "sellingAndMarketingExpenses": 0,
    "sellingGeneralAndAdministrativeExpenses": 0,
    "otherExpenses": 4402000000,
    "operatingExpenses": 4402000000,
    "costAndExpenses": 4558000000,
    "interestIncome": 0,
    "interestExpense": 0,
    "depreciationAndAmortization": 213000000,
    "ebitda": -357000000,
    "ebitdaratio": -0.0895185557,
    "operatingIncome": -570000000,
    "operatingIncomeRatio": -0.1429287864,
    "totalOtherIncomeExpensesNet": -176000000,
    "incomeBeforeTax": -746000000,
    "incomeBeforeTaxRatio": -0.1870611836,
    "incomeTaxExpense": -5000000,
    "netIncome": -741000000,
    "netIncomeRatio": -0.1858074223,
    "eps": -6.39,
    "epsdiluted": -6.39,
    "weightedAverageShsOut": 115926327,
    "weightedAverageShsOutDil": 115926327,
    "link": "https://www.sec.gov/Archives/edgar/data/100517/000010051705000007/0000100517-05-000007-index.htm",
    "finalLink": "https://www.sec.gov/Archives/edgar/data/100517/000010051705000007/ambody.htm"
  },
  {
    "date": "2004-09-30",
    "symbol": "UAL",
    "reportedCurrency": "USD",
    "cik": "0000100517",
    "fillingDate": "2004-11-09",
    "acceptedDate": "2004-11-08 18:09:04",
    "calendarYear": "2004",
    "period": "Q3",
    "revenue": 4305000000,
    "costOfRevenue": 212000000,
    "grossProfit": 4093000000,
    "grossProfitRatio": 0.9507549361,
    "researchAndDevelopmentExpenses": 0,
    "generalAndAdministrativeExpenses": 0,
    "sellingAndMarketingExpenses": 0,
    "sellingGeneralAndAdministrativeExpenses": 0,
    "otherExpenses": 4173000000,
    "operatingExpenses": 4173000000,
    "costAndExpenses": 4385000000,
    "interestIncome": 0,
    "interestExpense": 0,
    "depreciationAndAmortization": 213000000,
    "ebitda": 133000000,
    "ebitdaratio": 0.0308943089,
    "operatingIncome": -80000000,
    "operatingIncomeRatio": -0.018583043,
    "totalOtherIncomeExpensesNet": -194000000,
    "incomeBeforeTax": -274000000,
    "incomeBeforeTaxRatio": -0.0636469222,
    "incomeTaxExpense": 0,
    "netIncome": -274000000,
    "netIncomeRatio": -0.0636469222,
    "eps": -2.38,
    "epsdiluted": -2.38,
    "weightedAverageShsOut": 115126050,
    "weightedAverageShsOutDil": 115126050,
    "link": "https://www.sec.gov/Archives/edgar/data/100517/000010051704000038/0000100517-04-000038-index.htm",
    "finalLink": "https://www.sec.gov/Archives/edgar/data/100517/000010051704000038/body.htm"
  },
  {
    "date": "2004-06-30",
    "symbol": "UAL",
    "reportedCurrency": "USD",
    "cik": "0000100517",
    "fillingDate": "2004-08-02",
    "acceptedDate": "2004-07-30 17:58:08",
    "calendarYear": "2004",
    "period": "Q2",
    "revenue": 4189000000,
    "costOfRevenue": 145000000,
    "grossProfit": 4044000000,
    "grossProfitRatio": 0.9653855335,
    "researchAndDevelopmentExpenses": 0,
    "generalAndAdministrativeExpenses": 0,
    "sellingAndMarketingExpenses": 0,
    "sellingGeneralAndAdministrativeExpenses": 0,
    "otherExpenses": 4037000000,
    "operatingExpenses": 4037000000,
    "costAndExpenses": 4182000000,
    "interestIncome": 0,
    "interestExpense": 0,
    "depreciationAndAmortization": 218000000,
    "ebitda": 225000000,
    "ebitdaratio": 0.0537121031,
    "operatingIncome": 7000000,
    "operatingIncomeRatio": 0.0016710432,
    "totalOtherIncomeExpensesNet": -254000000,
    "incomeBeforeTax": -247000000,
    "incomeBeforeTaxRatio": -0.0589639532,
    "incomeTaxExpense": 0,
    "netIncome": -247000000,
    "netIncomeRatio": -0.0589639532,
    "eps": -2.25,
    "epsdiluted": -2.25,
    "weightedAverageShsOut": 109777778,
    "weightedAverageShsOutDil": 109777778,
    "link": "https://www.sec.gov/Archives/edgar/data/100517/000010051704000028/0000100517-04-000028-index.htm",
    "finalLink": "https://www.sec.gov/Archives/edgar/data/100517/000010051704000028/finalbod.htm"
  },
  {
    "date": "2004-03-31",
    "symbol": "UAL",
    "reportedCurrency": "USD",
    "cik": "0000100517",
    "fillingDate": "2004-04-30",
    "acceptedDate": "2004-04-30 17:30:48",
    "calendarYear": "2004",
    "period": "Q1",
    "revenue": 3909000000,
    "costOfRevenue": 196000000,
    "grossProfit": 3713000000,
    "grossProfitRatio": 0.9498592991,
    "researchAndDevelopmentExpenses": 0,
    "generalAndAdministrativeExpenses": 0,
    "sellingAndMarketingExpenses": 0,
    "sellingGeneralAndAdministrativeExpenses": 0,
    "otherExpenses": 3924000000,
    "operatingExpenses": 3924000000,
    "costAndExpenses": 4120000000,
    "interestIncome": 0,
    "interestExpense": 0,
    "depreciationAndAmortization": 230000000,
    "ebitda": 19000000,
    "ebitdaratio": 0.0048605782,
    "operatingIncome": -211000000,
    "operatingIncomeRatio": -0.0539779995,
    "totalOtherIncomeExpensesNet": -245000000,
    "incomeBeforeTax": -456000000,
    "incomeBeforeTaxRatio": -0.1166538757,
    "incomeTaxExpense": 3000000,
    "netIncome": -459000000,
    "netIncomeRatio": -0.1174213354,
    "eps": -4.17,
    "epsdiluted": -4.17,
    "weightedAverageShsOut": 110071942,
    "weightedAverageShsOutDil": 110071942,
    "link": "https://www.sec.gov/Archives/edgar/data/100517/000010051704000015/0000100517-04-000015-index.htm",
    "finalLink": "https://www.sec.gov/Archives/edgar/data/100517/000010051704000015/body.htm"
  },
  {
    "date": "2003-12-31",
    "symbol": "UAL",
    "reportedCurrency": "USD",
    "cik": "0000100517",
    "fillingDate": "2004-03-02",
    "acceptedDate": "2004-03-01 17:35:24",
    "calendarYear": "2003",
    "period": "Q4",
    "revenue": 3614000000,
    "costOfRevenue": 181000000,
    "grossProfit": 3433000000,
    "grossProfitRatio": 0.9499169895,
    "researchAndDevelopmentExpenses": 0,
    "generalAndAdministrativeExpenses": 0,
    "sellingAndMarketingExpenses": 0,
    "sellingGeneralAndAdministrativeExpenses": -775000000,
    "otherExpenses": 3567000000,
    "operatingExpenses": 2792000000,
    "costAndExpenses": 3748000000,
    "interestIncome": 0,
    "interestExpense": 0,
    "depreciationAndAmortization": 193000000,
    "ebitda": 834000000,
    "ebitdaratio": 0.2307692308,
    "operatingIncome": -134000000,
    "operatingIncomeRatio": -0.0370780299,
    "totalOtherIncomeExpensesNet": -342000000,
    "incomeBeforeTax": -476000000,
    "incomeBeforeTaxRatio": -0.1317100166,
    "incomeTaxExpense": 0,
    "netIncome": -476000000,
    "netIncomeRatio": -0.1317100166,
    "eps": -4.33,
    "epsdiluted": -4.32,
    "weightedAverageShsOut": 110010852,
    "weightedAverageShsOutDil": 110071942,
    "link": "https://www.sec.gov/Archives/edgar/data/100517/000010051704000007/0000100517-04-000007-index.htm",
    "finalLink": "https://www.sec.gov/Archives/edgar/data/100517/000010051704000007/ualtenk.htm"
  },
  {
    "date": "2003-09-30",
    "symbol": "UAL",
    "reportedCurrency": "USD",
    "cik": "0000100517",
    "fillingDate": "2003-10-30",
    "acceptedDate": "2003-10-30 16:43:44",
    "calendarYear": "2003",
    "period": "Q3",
    "revenue": 4024000000,
    "costOfRevenue": 198000000,
    "grossProfit": 3826000000,
    "grossProfitRatio": 0.9507952286,
    "researchAndDevelopmentExpenses": 0,
    "generalAndAdministrativeExpenses": 0,
    "sellingAndMarketingExpenses": 0,
    "sellingGeneralAndAdministrativeExpenses": 0,
    "otherExpenses": 3807000000,
    "operatingExpenses": 3807000000,
    "costAndExpenses": 4005000000,
    "interestIncome": 0,
    "interestExpense": 0,
    "depreciationAndAmortization": 265000000,
    "ebitda": 284000000,
    "ebitdaratio": 0.0705765408,
    "operatingIncome": 19000000,
    "operatingIncomeRatio": 0.00472167,
    "totalOtherIncomeExpensesNet": -386000000,
    "incomeBeforeTax": -367000000,
    "incomeBeforeTaxRatio": -0.0912027833,
    "incomeTaxExpense": 0,
    "netIncome": -367000000,
    "netIncomeRatio": -0.0912027833,
    "eps": -3.47,
    "epsdiluted": -3.47,
    "weightedAverageShsOut": 105763689,
    "weightedAverageShsOutDil": 105763689,
    "link": "https://www.sec.gov/Archives/edgar/data/100517/000010051703000075/0000100517-03-000075-index.htm",
    "finalLink": "https://www.sec.gov/Archives/edgar/data/100517/000010051703000075/body.htm"
  },
  {
    "date": "2003-06-30",
    "symbol": "UAL",
    "reportedCurrency": "USD",
    "cik": "0000100517",
    "fillingDate": "2003-08-01",
    "acceptedDate": "2003-08-01 17:19:10",
    "calendarYear": "2003",
    "period": "Q2",
    "revenue": 3109000000,
    "costOfRevenue": 252000000,
    "grossProfit": 2857000000,
    "grossProfitRatio": 0.9189449984,
    "researchAndDevelopmentExpenses": 0,
    "generalAndAdministrativeExpenses": 0,
    "sellingAndMarketingExpenses": 0,
    "sellingGeneralAndAdministrativeExpenses": 0,
    "otherExpenses": 3288000000,
    "operatingExpenses": 3288000000,
    "costAndExpenses": 3540000000,
    "interestIncome": 0,
    "interestExpense": 0,
    "depreciationAndAmortization": 275000000,
    "ebitda": -431000000,
    "ebitdaratio": -0.1386297845,
    "operatingIncome": -431000000,
    "operatingIncomeRatio": -0.1386297845,
    "totalOtherIncomeExpensesNet": -192000000,
    "incomeBeforeTax": -623000000,
    "incomeBeforeTaxRatio": -0.2003859762,
    "incomeTaxExpense": 0,
    "netIncome": -623000000,
    "netIncomeRatio": -0.2003859762,
    "eps": -6.26,
    "epsdiluted": -6.26,
    "weightedAverageShsOut": 99520767,
    "weightedAverageShsOutDil": 99520767,
    "link": "https://www.sec.gov/Archives/edgar/data/100517/000010051703000041/0000100517-03-000041-index.htm",
    "finalLink": "https://www.sec.gov/Archives/edgar/data/100517/000010051703000041/body.htm"
  },
  {
    "date": "2003-03-31",
    "symbol": "UAL",
    "reportedCurrency": "USD",
    "cik": "0000100517",
    "fillingDate": "2003-05-02",
    "acceptedDate": "2003-05-02 17:19:45",
    "calendarYear": "2003",
    "period": "Q1",
    "revenue": 3184000000,
    "costOfRevenue": 373000000,
    "grossProfit": 2811000000,
    "grossProfitRatio": 0.8828517588,
    "researchAndDevelopmentExpenses": 0,
    "generalAndAdministrativeExpenses": 0,
    "sellingAndMarketingExpenses": 0,
    "sellingGeneralAndAdministrativeExpenses": 0,
    "otherExpenses": 3624000000,
    "operatingExpenses": 3624000000,
    "costAndExpenses": 3997000000,
    "interestIncome": 0,
    "interestExpense": 0,
    "depreciationAndAmortization": 234000000,
    "ebitda": -813000000,
    "ebitdaratio": -0.255339196,
    "operatingIncome": -813000000,
    "operatingIncomeRatio": -0.255339196,
    "totalOtherIncomeExpensesNet": -530000000,
    "incomeBeforeTax": -1343000000,
    "incomeBeforeTaxRatio": -0.4217964824,
    "incomeTaxExpense": 0,
    "netIncome": -1343000000,
    "netIncomeRatio": -0.4217964824,
    "eps": -14.16,
    "epsdiluted": -14.16,
    "weightedAverageShsOut": 94844633,
    "weightedAverageShsOutDil": 94844633,
    "link": "https://www.sec.gov/Archives/edgar/data/100517/000010051703000015/0000100517-03-000015-index.htm",
    "finalLink": "https://www.sec.gov/Archives/edgar/data/100517/000010051703000015/body.htm"
  },
  {
    "date": "2002-12-31",
    "symbol": "UAL",
    "reportedCurrency": "USD",
    "cik": "0000100517",
    "fillingDate": "2003-07-15",
    "acceptedDate": "2003-07-15 15:34:41",
    "calendarYear": "2002",
    "period": "Q4",
    "revenue": 3467000000,
    "costOfRevenue": 354000000,
    "grossProfit": 3113000000,
    "grossProfitRatio": 0.8978944332,
    "researchAndDevelopmentExpenses": 0,
    "generalAndAdministrativeExpenses": 0,
    "sellingAndMarketingExpenses": 0,
    "sellingGeneralAndAdministrativeExpenses": -731000000,
    "otherExpenses": 4108000000,
    "operatingExpenses": 3377000000,
    "costAndExpenses": 4462000000,
    "interestIncome": 0,
    "interestExpense": 0,
    "depreciationAndAmortization": 229000000,
    "ebitda": -35000000,
    "ebitdaratio": -0.0100951832,
    "operatingIncome": -995000000,
    "operatingIncomeRatio": -0.2869916354,
    "totalOtherIncomeExpensesNet": -149000000,
    "incomeBeforeTax": -1144000000,
    "incomeBeforeTaxRatio": -0.3299682723,
    "incomeTaxExpense": 326000000,
    "netIncome": -1473000000,
    "netIncomeRatio": -0.4248629939,
    "eps": -15.53,
    "epsdiluted": -15.53,
    "weightedAverageShsOut": 94844633,
    "weightedAverageShsOutDil": 109533043,
    "link": "https://www.sec.gov/Archives/edgar/data/100517/000010051703000036/0000100517-03-000036-index.htm",
    "finalLink": "https://www.sec.gov/Archives/edgar/data/100517/000010051703000036/body.htm"
  },
  {
    "date": "2002-09-30",
    "symbol": "UAL",
    "reportedCurrency": "USD",
    "cik": "0000100517",
    "fillingDate": "2002-09-30",
    "acceptedDate": "2002-09-30 00:00:00",
    "calendarYear": "2002",
    "period": "Q3",
    "revenue": 3737000000,
    "costOfRevenue": 302000000,
    "grossProfit": 3435000000,
    "grossProfitRatio": 0.9191865132,
    "researchAndDevelopmentExpenses": 0,
    "generalAndAdministrativeExpenses": 0,
    "sellingAndMarketingExpenses": 0,
    "sellingGeneralAndAdministrativeExpenses": 243000000,
    "otherExpenses": 4081000000,
    "operatingExpenses": 4324000000,
    "costAndExpenses": 4383000000,
    "interestIncome": 0,
    "interestExpense": 0,
    "depreciationAndAmortization": 243000000,
    "ebitda": -646000000,
    "ebitdaratio": -0.1728659352,
    "operatingIncome": -646000000,
    "operatingIncomeRatio": -0.1728659352,
    "totalOtherIncomeExpensesNet": -89000000,
    "incomeBeforeTax": -735000000,
    "incomeBeforeTaxRatio": -0.1966818303,
    "incomeTaxExpense": 153000000,
    "netIncome": -889000000,
    "netIncomeRatio": -0.2378913567,
    "eps": -15.57,
    "epsdiluted": -8.12,
    "weightedAverageShsOut": 57096981,
    "weightedAverageShsOutDil": 109533043,
    "link": null,
    "finalLink": null
  },
  {
    "date": "2002-06-30",
    "symbol": "UAL",
    "reportedCurrency": "USD",
    "cik": "0000100517",
    "fillingDate": "2002-06-30",
    "acceptedDate": "2002-06-30 00:00:00",
    "calendarYear": "2002",
    "period": "Q2",
    "revenue": 3793000000,
    "costOfRevenue": 306000000,
    "grossProfit": 3487000000,
    "grossProfitRatio": 0.9193250725,
    "researchAndDevelopmentExpenses": 0,
    "generalAndAdministrativeExpenses": 0,
    "sellingAndMarketingExpenses": 0,
    "sellingGeneralAndAdministrativeExpenses": 0,
    "otherExpenses": 3972000000,
    "operatingExpenses": 3972000000,
    "costAndExpenses": 4278000000,
    "interestIncome": 0,
    "interestExpense": 0,
    "depreciationAndAmortization": 249000000,
    "ebitda": -485000000,
    "ebitdaratio": -0.1278671236,
    "operatingIncome": -485000000,
    "operatingIncomeRatio": -0.1278671236,
    "totalOtherIncomeExpensesNet": -46000000,
    "incomeBeforeTax": -531000000,
    "incomeBeforeTaxRatio": -0.1399947271,
    "incomeTaxExpense": -191000000,
    "netIncome": -341000000,
    "netIncomeRatio": -0.0899024519,
    "eps": -6.08,
    "epsdiluted": -3.11,
    "weightedAverageShsOut": 56085526,
    "weightedAverageShsOutDil": 109533043,
    "link": null,
    "finalLink": null
  },
  {
    "date": "2002-03-31",
    "symbol": "UAL",
    "reportedCurrency": "USD",
    "cik": "0000100517",
    "fillingDate": "2002-04-29",
    "acceptedDate": "2002-04-29 12:35:07",
    "calendarYear": "2002",
    "period": "Q1",
    "revenue": 3288000000,
    "costOfRevenue": 279000000,
    "grossProfit": 3009000000,
    "grossProfitRatio": 0.9151459854,
    "researchAndDevelopmentExpenses": 0,
    "generalAndAdministrativeExpenses": 0,
    "sellingAndMarketingExpenses": 0,
    "sellingGeneralAndAdministrativeExpenses": 0,
    "otherExpenses": 3720000000,
    "operatingExpenses": 3720000000,
    "costAndExpenses": 3999000000,
    "interestIncome": 0,
    "interestExpense": 0,
    "depreciationAndAmortization": 239000000,
    "ebitda": -711000000,
    "ebitdaratio": -0.2162408759,
    "operatingIncome": -711000000,
    "operatingIncomeRatio": -0.2162408759,
    "totalOtherIncomeExpensesNet": -84000000,
    "incomeBeforeTax": -795000000,
    "incomeBeforeTaxRatio": -0.2417883212,
    "incomeTaxExpense": -286000000,
    "netIncome": -510000000,
    "netIncomeRatio": -0.1551094891,
    "eps": -9.22,
    "epsdiluted": -4.66,
    "weightedAverageShsOut": 55314534,
    "weightedAverageShsOutDil": 109533043,
    "link": "https://www.sec.gov/Archives/edgar/data/100517/000010051702000017/0000100517-02-000017-index.htm",
    "finalLink": "https://www.sec.gov/Archives/edgar/data/100517/000010051702000017/bodyual.htm"
  },
  {
    "date": "2001-12-31",
    "symbol": "UAL",
    "reportedCurrency": "USD",
    "cik": "0000100517",
    "fillingDate": "2001-12-31",
    "acceptedDate": "2001-12-31 00:00:00",
    "calendarYear": "2001",
    "period": "Q4",
    "revenue": 2949000000,
    "costOfRevenue": 3212000000,
    "grossProfit": -263000000,
    "grossProfitRatio": -0.0891827738,
    "researchAndDevelopmentExpenses": 0,
    "generalAndAdministrativeExpenses": 0,
    "sellingAndMarketingExpenses": 0,
    "sellingGeneralAndAdministrativeExpenses": -5880000000,
    "otherExpenses": 623000000,
    "operatingExpenses": -5257000000,
    "costAndExpenses": 3835000000,
    "interestIncome": 0,
    "interestExpense": 0,
    "depreciationAndAmortization": 246000000,
    "ebitda": 1079000000,
    "ebitdaratio": 0.3658867413,
    "operatingIncome": -886000000,
    "operatingIncomeRatio": -0.3004408274,
    "totalOtherIncomeExpensesNet": 403000000,
    "incomeBeforeTax": -483000000,
    "incomeBeforeTaxRatio": -0.1637843337,
    "incomeTaxExpense": -177000000,
    "netIncome": -302000000,
    "netIncomeRatio": -0.1024075958,
    "eps": -5.67,
    "epsdiluted": -2.76,
    "weightedAverageShsOut": 53308183,
    "weightedAverageShsOutDil": 109533043,
    "link": null,
    "finalLink": null
  },
  {
    "date": "2001-09-30",
    "symbol": "UAL",
    "reportedCurrency": "USD",
    "cik": "0000100517",
    "fillingDate": "2001-09-30",
    "acceptedDate": "2001-09-30 00:00:00",
    "calendarYear": "2001",
    "period": "Q3",
    "revenue": 4107000000,
    "costOfRevenue": 395000000,
    "grossProfit": 3712000000,
    "grossProfitRatio": 0.9038227417,
    "researchAndDevelopmentExpenses": 0,
    "generalAndAdministrativeExpenses": 0,
    "sellingAndMarketingExpenses": 0,
    "sellingGeneralAndAdministrativeExpenses": 260000000,
    "otherExpenses": 5737000000,
    "operatingExpenses": 5997000000,
    "costAndExpenses": 6132000000,
    "interestIncome": 0,
    "interestExpense": 0,
    "depreciationAndAmortization": 260000000,
    "ebitda": -2025000000,
    "ebitdaratio": -0.4930606282,
    "operatingIncome": -2025000000,
    "operatingIncomeRatio": -0.4930606282,
    "totalOtherIncomeExpensesNet": 202000000,
    "incomeBeforeTax": -1823000000,
    "incomeBeforeTaxRatio": -0.4438763087,
    "incomeTaxExpense": -665000000,
    "netIncome": -1159000000,
    "netIncomeRatio": -0.28220112,
    "eps": -21.43,
    "epsdiluted": -10.58,
    "weightedAverageShsOut": 54083061,
    "weightedAverageShsOutDil": 109533043,
    "link": null,
    "finalLink": null
  },
  {
    "date": "2001-06-30",
    "symbol": "UAL",
    "reportedCurrency": "USD",
    "cik": "0000100517",
    "fillingDate": "2001-08-09",
    "acceptedDate": "2001-08-09 00:00:00",
    "calendarYear": "2001",
    "period": "Q2",
    "revenue": 4658000000,
    "costOfRevenue": 352000000,
    "grossProfit": 4306000000,
    "grossProfitRatio": 0.9244310863,
    "researchAndDevelopmentExpenses": 0,
    "generalAndAdministrativeExpenses": 0,
    "sellingAndMarketingExpenses": 0,
    "sellingGeneralAndAdministrativeExpenses": 268000000,
    "otherExpenses": 4775000000,
    "operatingExpenses": 5043000000,
    "costAndExpenses": 5127000000,
    "interestIncome": 0,
    "interestExpense": 0,
    "depreciationAndAmortization": 268000000,
    "ebitda": -201000000,
    "ebitdaratio": -0.0431515672,
    "operatingIncome": -469000000,
    "operatingIncomeRatio": -0.1006869901,
    "totalOtherIncomeExpensesNet": -93000000,
    "incomeBeforeTax": -562000000,
    "incomeBeforeTaxRatio": -0.1206526406,
    "incomeTaxExpense": -198000000,
    "netIncome": -365000000,
    "netIncomeRatio": -0.0783598111,
    "eps": -6.87,
    "epsdiluted": -3.33,
    "weightedAverageShsOut": 53129549,
    "weightedAverageShsOutDil": 109533043,
    "link": "https://www.sec.gov/Archives/edgar/data/100517/000010051701500078/0000100517-01-500078-index.htm",
    "finalLink": "https://www.sec.gov/Archives/edgar/data/100517/000010051701500078/body.htm"
  },
  {
    "date": "2001-03-31",
    "symbol": "UAL",
    "reportedCurrency": "USD",
    "cik": "0000100517",
    "fillingDate": "2001-03-31",
    "acceptedDate": "2001-03-31 00:00:00",
    "calendarYear": "2001",
    "period": "Q1",
    "revenue": 4424000000,
    "costOfRevenue": 313000000,
    "grossProfit": 4111000000,
    "grossProfitRatio": 0.9292495479,
    "researchAndDevelopmentExpenses": 0,
    "generalAndAdministrativeExpenses": 0,
    "sellingAndMarketingExpenses": 0,
    "sellingGeneralAndAdministrativeExpenses": 0,
    "otherExpenses": 4502000000,
    "operatingExpenses": 4502000000,
    "costAndExpenses": 4815000000,
    "interestIncome": 0,
    "interestExpense": 0,
    "depreciationAndAmortization": 252000000,
    "ebitda": -391000000,
    "ebitdaratio": -0.0883815552,
    "operatingIncome": -391000000,
    "operatingIncomeRatio": -0.0883815552,
    "totalOtherIncomeExpensesNet": -98000000,
    "incomeBeforeTax": -489000000,
    "incomeBeforeTaxRatio": -0.1105334539,
    "incomeTaxExpense": -185000000,
    "netIncome": -313000000,
    "netIncomeRatio": -0.0707504521,
    "eps": -5.97,
    "epsdiluted": -2.86,
    "weightedAverageShsOut": 52428811,
    "weightedAverageShsOutDil": 109533043,
    "link": null,
    "finalLink": null
  },
  {
    "date": "2000-12-31",
    "symbol": "UAL",
    "reportedCurrency": "USD",
    "cik": "0000100517",
    "fillingDate": "2000-12-31",
    "acceptedDate": "2000-12-30 19:00:00",
    "calendarYear": "2000",
    "period": "Q4",
    "revenue": 4793000000,
    "costOfRevenue": 0,
    "grossProfit": 4793000000,
    "grossProfitRatio": 1,
    "researchAndDevelopmentExpenses": 0,
    "generalAndAdministrativeExpenses": 0,
    "sellingAndMarketingExpenses": 0,
    "sellingGeneralAndAdministrativeExpenses": 0,
    "otherExpenses": 4956000000,
    "operatingExpenses": 4956000000,
    "costAndExpenses": 4956000000,
    "interestIncome": 0,
    "interestExpense": 0,
    "depreciationAndAmortization": 327000000,
    "ebitda": 895000000,
    "ebitdaratio": 0.1867306489,
    "operatingIncome": -163000000,
    "operatingIncomeRatio": -0.0340079282,
    "totalOtherIncomeExpensesNet": 53000000,
    "incomeBeforeTax": -110000000,
    "incomeBeforeTaxRatio": -0.0229501356,
    "incomeTaxExpense": -41000000,
    "netIncome": -71000000,
    "netIncomeRatio": -0.0148132694,
    "eps": -1.35,
    "epsdiluted": -0.65,
    "weightedAverageShsOut": 52428811,
    "weightedAverageShsOutDil": 109533043,
    "link": "",
    "finalLink": ""
  },
  {
    "date": "2000-09-30",
    "symbol": "UAL",
    "reportedCurrency": "USD",
    "cik": "0000100517",
    "fillingDate": "2000-11-13",
    "acceptedDate": "2000-11-13 00:00:00",
    "calendarYear": "2000",
    "period": "Q3",
    "revenue": 4905000000,
    "costOfRevenue": 283000000,
    "grossProfit": 4622000000,
    "grossProfitRatio": 0.9423037717,
    "researchAndDevelopmentExpenses": 0,
    "generalAndAdministrativeExpenses": 0,
    "sellingAndMarketingExpenses": 0,
    "sellingGeneralAndAdministrativeExpenses": 0,
    "otherExpenses": 4663000000,
    "operatingExpenses": 4663000000,
    "costAndExpenses": 4946000000,
    "interestIncome": 0,
    "interestExpense": 0,
    "depreciationAndAmortization": 253000000,
    "ebitda": -41000000,
    "ebitdaratio": -0.0083588175,
    "operatingIncome": -41000000,
    "operatingIncomeRatio": -0.0083588175,
    "totalOtherIncomeExpensesNet": -131000000,
    "incomeBeforeTax": -172000000,
    "incomeBeforeTaxRatio": -0.0350662589,
    "incomeTaxExpense": -63000000,
    "netIncome": -116000000,
    "netIncomeRatio": -0.0236493374,
    "eps": -2.3,
    "epsdiluted": -1.06,
    "weightedAverageShsOut": 50434783,
    "weightedAverageShsOutDil": 109533043,
    "link": "https://www.sec.gov/Archives/edgar/data/100517/000010051700500025/0000100517-00-500025-index.htm",
    "finalLink": "https://www.sec.gov/Archives/edgar/data/100517/000010051700500025/three.htm"
  },
  {
    "date": "2000-06-30",
    "symbol": "UAL",
    "reportedCurrency": "USD",
    "cik": "0000100517",
    "fillingDate": "2000-08-09",
    "acceptedDate": "2000-08-09 00:00:00",
    "calendarYear": "2000",
    "period": "Q2",
    "revenue": 5109000000,
    "costOfRevenue": 202000000,
    "grossProfit": 4907000000,
    "grossProfitRatio": 0.9604619299,
    "researchAndDevelopmentExpenses": 0,
    "generalAndAdministrativeExpenses": 0,
    "sellingAndMarketingExpenses": 0,
    "sellingGeneralAndAdministrativeExpenses": 0,
    "otherExpenses": 4302000000,
    "operatingExpenses": 4302000000,
    "costAndExpenses": 4504000000,
    "interestIncome": 0,
    "interestExpense": 0,
    "depreciationAndAmortization": 247000000,
    "ebitda": 605000000,
    "ebitdaratio": 0.1184184772,
    "operatingIncome": 605000000,
    "operatingIncomeRatio": 0.1184184772,
    "totalOtherIncomeExpensesNet": -69000000,
    "incomeBeforeTax": 536000000,
    "incomeBeforeTaxRatio": 0.1049128988,
    "incomeTaxExpense": 199000000,
    "netIncome": 336000000,
    "netIncomeRatio": 0.0657662948,
    "eps": 3.08,
    "epsdiluted": 3.07,
    "weightedAverageShsOut": 53118369,
    "weightedAverageShsOutDil": 109533043,
    "link": "https://www.sec.gov/Archives/edgar/data/100517/000010051700000020/0000100517-00-000020-index.htm",
    "finalLink": "https://www.sec.gov/Archives/edgar/data/100517/000010051700000020/0000100517-00-000020-0001.txt"
  },
  {
    "date": "2000-03-31",
    "symbol": "UAL",
    "reportedCurrency": "USD",
    "cik": "0000100517",
    "fillingDate": "2000-05-05",
    "acceptedDate": "2000-05-05 00:00:00",
    "calendarYear": "2000",
    "period": "Q1",
    "revenue": 4546000000,
    "costOfRevenue": 260000000,
    "grossProfit": 4286000000,
    "grossProfitRatio": 0.9428068632,
    "researchAndDevelopmentExpenses": 0,
    "generalAndAdministrativeExpenses": 0,
    "sellingAndMarketingExpenses": 0,
    "sellingGeneralAndAdministrativeExpenses": 0,
    "otherExpenses": 4034000000,
    "operatingExpenses": 4034000000,
    "costAndExpenses": 4294000000,
    "interestIncome": 0,
    "interestExpense": 0,
    "depreciationAndAmortization": 232000000,
    "ebitda": 252000000,
    "ebitdaratio": 0.055433348,
    "operatingIncome": 252000000,
    "operatingIncomeRatio": 0.055433348,
    "totalOtherIncomeExpensesNet": -75000000,
    "incomeBeforeTax": 177000000,
    "incomeBeforeTaxRatio": 0.0389353278,
    "incomeTaxExpense": 66000000,
    "netIncome": -99000000,
    "netIncomeRatio": -0.0217773867,
    "eps": -1.86,
    "epsdiluted": -0.9,
    "weightedAverageShsOut": 53118369,
    "weightedAverageShsOutDil": 109533043,
    "link": "https://www.sec.gov/Archives/edgar/data/100517/000010051700000009/0000100517-00-000009-index.htm",
    "finalLink": "https://www.sec.gov/Archives/edgar/data/100517/000010051700000009/"
  },
  {
    "date": "1999-12-31",
    "symbol": "UAL",
    "reportedCurrency": "USD",
    "cik": "0000100517",
    "fillingDate": "2000-03-14",
    "acceptedDate": "2000-03-14 00:00:00",
    "calendarYear": "1999",
    "period": "Q4",
    "revenue": 4481000000,
    "costOfRevenue": 0,
    "grossProfit": 4481000000,
    "grossProfitRatio": 1,
    "researchAndDevelopmentExpenses": 0,
    "generalAndAdministrativeExpenses": 0,
    "sellingAndMarketingExpenses": 0,
    "sellingGeneralAndAdministrativeExpenses": 0,
    "otherExpenses": 13850000000,
    "operatingExpenses": 13850000000,
    "costAndExpenses": 13850000000,
    "interestIncome": 0,
    "interestExpense": 0,
    "depreciationAndAmortization": 1504000000,
    "ebitda": -7865000000,
    "ebitdaratio": -1.755188574,
    "operatingIncome": -9369000000,
    "operatingIncomeRatio": -2.0908279402,
    "totalOtherIncomeExpensesNet": 9576000000,
    "incomeBeforeTax": 207000000,
    "incomeBeforeTaxRatio": 0.0461950457,
    "incomeTaxExpense": 73000000,
    "netIncome": 129000000,
    "netIncomeRatio": 0.0287882169,
    "eps": 2.43,
    "epsdiluted": 1.18,
    "weightedAverageShsOut": 53118369,
    "weightedAverageShsOutDil": 109533043,
    "link": "https://www.sec.gov/Archives/edgar/data/100517/000010051700000003/0000100517-00-000003-index.htm",
    "finalLink": "https://www.sec.gov/Archives/edgar/data/100517/000010051700000003/"
  },
  {
    "date": "1999-09-30",
    "symbol": "UAL",
    "reportedCurrency": "USD",
    "cik": "0000100517",
    "fillingDate": "1999-11-12",
    "acceptedDate": "1999-11-12 00:00:00",
    "calendarYear": "1999",
    "period": "Q3",
    "revenue": 4845000000,
    "costOfRevenue": 1649000000,
    "grossProfit": 3196000000,
    "grossProfitRatio": 0.6596491228,
    "researchAndDevelopmentExpenses": 0,
    "generalAndAdministrativeExpenses": -593000000,
    "sellingAndMarketingExpenses": 316000000,
    "sellingGeneralAndAdministrativeExpenses": -277000000,
    "otherExpenses": 2854000000,
    "operatingExpenses": -671000000,
    "costAndExpenses": 4226000000,
    "interestIncome": 0,
    "interestExpense": 0,
    "depreciationAndAmortization": 214000000,
    "ebitda": 619000000,
    "ebitdaratio": 0.1277605779,
    "operatingIncome": 619000000,
    "operatingIncomeRatio": 0.1277605779,
    "totalOtherIncomeExpensesNet": -56000000,
    "incomeBeforeTax": 563000000,
    "incomeBeforeTaxRatio": 0.1162022704,
    "incomeTaxExpense": 203000000,
    "netIncome": 359000000,
    "netIncomeRatio": 0.0740970072,
    "eps": 6.18,
    "epsdiluted": 2.89,
    "weightedAverageShsOut": 58090615,
    "weightedAverageShsOutDil": 124221453,
    "link": "https://www.sec.gov/Archives/edgar/data/100517/000010051799000034/0000100517-99-000034-index.htm",
    "finalLink": "https://www.sec.gov/Archives/edgar/data/100517/000010051799000034/"
  },
  {
    "date": "1999-06-30",
    "symbol": "UAL",
    "reportedCurrency": "USD",
    "cik": "0000100517",
    "fillingDate": "1999-08-16",
    "acceptedDate": "1999-08-16 00:00:00",
    "calendarYear": "1999",
    "period": "Q2",
    "revenue": 4541000000,
    "costOfRevenue": 1539000000,
    "grossProfit": 3002000000,
    "grossProfitRatio": 0.6610878661,
    "researchAndDevelopmentExpenses": 0,
    "generalAndAdministrativeExpenses": -572000000,
    "sellingAndMarketingExpenses": 291000000,
    "sellingGeneralAndAdministrativeExpenses": -281000000,
    "otherExpenses": 2850000000,
    "operatingExpenses": -632000000,
    "costAndExpenses": 4108000000,
    "interestIncome": 0,
    "interestExpense": 0,
    "depreciationAndAmortization": 213000000,
    "ebitda": 433000000,
    "ebitdaratio": 0.0953534464,
    "operatingIncome": 433000000,
    "operatingIncomeRatio": 0.0953534464,
    "totalOtherIncomeExpensesNet": 619000000,
    "incomeBeforeTax": 1052000000,
    "incomeBeforeTaxRatio": 0.2316670337,
    "incomeTaxExpense": 379000000,
    "netIncome": 669000000,
    "netIncomeRatio": 0.1473243779,
    "eps": 12.21,
    "epsdiluted": 5.78,
    "weightedAverageShsOut": 54791155,
    "weightedAverageShsOutDil": 115743945,
    "link": "https://www.sec.gov/Archives/edgar/data/100517/000095013799003056/0000950137-99-003056-index.htm",
    "finalLink": "https://www.sec.gov/Archives/edgar/data/100517/000095013799003056/"
  },
  {
    "date": "1999-03-31",
    "symbol": "UAL",
    "reportedCurrency": "USD",
    "cik": "0000100517",
    "fillingDate": "1999-05-07",
    "acceptedDate": "1999-05-07 00:00:00",
    "calendarYear": "1999",
    "period": "Q1",
    "revenue": 4160000000,
    "costOfRevenue": 1487000000,
    "grossProfit": 2673000000,
    "grossProfitRatio": 0.6425480769,
    "researchAndDevelopmentExpenses": 0,
    "generalAndAdministrativeExpenses": -543000000,
    "sellingAndMarketingExpenses": 283000000,
    "sellingGeneralAndAdministrativeExpenses": -260000000,
    "otherExpenses": 2787000000,
    "operatingExpenses": -584000000,
    "costAndExpenses": 4014000000,
    "interestIncome": 0,
    "interestExpense": 0,
    "depreciationAndAmortization": 211000000,
    "ebitda": 146000000,
    "ebitdaratio": 0.0350961538,
    "operatingIncome": 146000000,
    "operatingIncomeRatio": 0.0350961538,
    "totalOtherIncomeExpensesNet": -23000000,
    "incomeBeforeTax": 123000000,
    "incomeBeforeTaxRatio": 0.0295673077,
    "incomeTaxExpense": 44000000,
    "netIncome": 78000000,
    "netIncomeRatio": 0.01875,
    "eps": 1.52,
    "epsdiluted": 0.74,
    "weightedAverageShsOut": 51419567,
    "weightedAverageShsOutDil": 105371973,
    "link": "https://www.sec.gov/Archives/edgar/data/100517/000010051799000018/0000100517-99-000018-index.htm",
    "finalLink": "https://www.sec.gov/Archives/edgar/data/100517/000010051799000018/"
  },
  {
    "date": "1998-12-31",
    "symbol": "UAL",
    "reportedCurrency": "USD",
    "cik": "0000100517",
    "fillingDate": "1999-03-15",
    "acceptedDate": "1999-03-15 00:00:00",
    "calendarYear": "1998",
    "period": "Q4",
    "revenue": 4281000000,
    "costOfRevenue": 0,
    "grossProfit": 4281000000,
    "grossProfitRatio": 1,
    "researchAndDevelopmentExpenses": 0,
    "generalAndAdministrativeExpenses": 0,
    "sellingAndMarketingExpenses": 0,
    "sellingGeneralAndAdministrativeExpenses": 0,
    "otherExpenses": 13255000000,
    "operatingExpenses": 13255000000,
    "costAndExpenses": 13255000000,
    "interestIncome": 0,
    "interestExpense": 0,
    "depreciationAndAmortization": 1375000000,
    "ebitda": -7599000000,
    "ebitdaratio": -1.7750525578,
    "operatingIncome": -8974000000,
    "operatingIncomeRatio": -2.0962391964,
    "totalOtherIncomeExpensesNet": 9061000000,
    "incomeBeforeTax": 87000000,
    "incomeBeforeTaxRatio": 0.0203223546,
    "incomeTaxExpense": 28000000,
    "netIncome": 53000000,
    "netIncomeRatio": 0.012380285,
    "eps": 1.03,
    "epsdiluted": 0.5,
    "weightedAverageShsOut": 51419567,
    "weightedAverageShsOutDil": 105371973,
    "link": "https://www.sec.gov/Archives/edgar/data/100517/000010051799000005/0000100517-99-000005-index.htm",
    "finalLink": "https://www.sec.gov/Archives/edgar/data/100517/000010051799000005/"
  },
  {
    "date": "1998-09-30",
    "symbol": "UAL",
    "reportedCurrency": "USD",
    "cik": "0000100517",
    "fillingDate": "1998-11-16",
    "acceptedDate": "1998-11-16 00:00:00",
    "calendarYear": "1998",
    "period": "Q3",
    "revenue": 4783000000,
    "costOfRevenue": 1570000000,
    "grossProfit": 3213000000,
    "grossProfitRatio": 0.6717541292,
    "researchAndDevelopmentExpenses": 0,
    "generalAndAdministrativeExpenses": -623000000,
    "sellingAndMarketingExpenses": 354000000,
    "sellingGeneralAndAdministrativeExpenses": -269000000,
    "otherExpenses": -352000000,
    "operatingExpenses": -621000000,
    "costAndExpenses": 949000000,
    "interestIncome": 0,
    "interestExpense": 0,
    "depreciationAndAmortization": -199000000,
    "ebitda": 4029000000,
    "ebitdaratio": 0.8423583525,
    "operatingIncome": 3834000000,
    "operatingIncomeRatio": 0.8015889609,
    "totalOtherIncomeExpensesNet": -3187000000,
    "incomeBeforeTax": 647000000,
    "incomeBeforeTaxRatio": 0.1352707506,
    "incomeTaxExpense": 222000000,
    "netIncome": 425000000,
    "netIncomeRatio": 0.0888563663,
    "eps": 6.96,
    "epsdiluted": 4.03,
    "weightedAverageShsOut": 51419567,
    "weightedAverageShsOutDil": 105371973,
    "link": "https://www.sec.gov/Archives/edgar/data/100517/000010051798000047/0000100517-98-000047-index.htm",
    "finalLink": "https://www.sec.gov/Archives/edgar/data/100517/000010051798000047/"
  },
  {
    "date": "1998-06-30",
    "symbol": "UAL",
    "reportedCurrency": "USD",
    "cik": "0000100517",
    "fillingDate": "1998-08-12",
    "acceptedDate": "1998-08-12 00:00:00",
    "calendarYear": "1998",
    "period": "Q2",
    "revenue": 4442000000,
    "costOfRevenue": 1473000000,
    "grossProfit": 2969000000,
    "grossProfitRatio": 0.6683926159,
    "researchAndDevelopmentExpenses": 0,
    "generalAndAdministrativeExpenses": -543000000,
    "sellingAndMarketingExpenses": 328000000,
    "sellingGeneralAndAdministrativeExpenses": -215000000,
    "otherExpenses": -329000000,
    "operatingExpenses": -544000000,
    "costAndExpenses": 929000000,
    "interestIncome": 0,
    "interestExpense": 0,
    "depreciationAndAmortization": -192000000,
    "ebitda": 3697000000,
    "ebitdaratio": 0.8322827555,
    "operatingIncome": 3513000000,
    "operatingIncomeRatio": 0.790859973,
    "totalOtherIncomeExpensesNet": -3085000000,
    "incomeBeforeTax": 428000000,
    "incomeBeforeTaxRatio": 0.0963529941,
    "incomeTaxExpense": 146000000,
    "netIncome": 282000000,
    "netIncomeRatio": 0.0634849167,
    "eps": 4.47,
    "epsdiluted": 2.68,
    "weightedAverageShsOut": 51419567,
    "weightedAverageShsOutDil": 105371973,
    "link": "https://www.sec.gov/Archives/edgar/data/100517/000010051798000036/0000100517-98-000036-index.htm",
    "finalLink": "https://www.sec.gov/Archives/edgar/data/100517/000010051798000036/"
  },
  {
    "date": "1998-03-31",
    "symbol": "UAL",
    "reportedCurrency": "USD",
    "cik": "0000100517",
    "fillingDate": "1998-05-12",
    "acceptedDate": "1998-05-12 00:00:00",
    "calendarYear": "1998",
    "period": "Q1",
    "revenue": 4055000000,
    "costOfRevenue": 1421000000,
    "grossProfit": 2634000000,
    "grossProfitRatio": 0.649568434,
    "researchAndDevelopmentExpenses": 0,
    "generalAndAdministrativeExpenses": -495000000,
    "sellingAndMarketingExpenses": 317000000,
    "sellingGeneralAndAdministrativeExpenses": -178000000,
    "otherExpenses": -296000000,
    "operatingExpenses": -474000000,
    "costAndExpenses": 947000000,
    "interestIncome": 0,
    "interestExpense": 0,
    "depreciationAndAmortization": -191000000,
    "ebitda": 3288000000,
    "ebitdaratio": 0.8108508015,
    "operatingIncome": 3108000000,
    "operatingIncomeRatio": 0.7664611591,
    "totalOtherIncomeExpensesNet": -3013000000,
    "incomeBeforeTax": 95000000,
    "incomeBeforeTaxRatio": 0.0234278668,
    "incomeTaxExpense": 34000000,
    "netIncome": 61000000,
    "netIncomeRatio": 0.0150431566,
    "eps": 0.61,
    "epsdiluted": 0.58,
    "weightedAverageShsOut": 57507227,
    "weightedAverageShsOutDil": 105371973,
    "link": "https://www.sec.gov/Archives/edgar/data/100517/000010051798000024/0000100517-98-000024-index.htm",
    "finalLink": "https://www.sec.gov/Archives/edgar/data/100517/000010051798000024/"
  },
  {
    "date": "1997-12-31",
    "symbol": "UAL",
    "reportedCurrency": "USD",
    "cik": "0000100517",
    "fillingDate": "1998-03-06",
    "acceptedDate": "1998-03-06 00:00:00",
    "calendarYear": "1997",
    "period": "Q4",
    "revenue": 4235000000,
    "costOfRevenue": 0,
    "grossProfit": 4235000000,
    "grossProfitRatio": 1,
    "researchAndDevelopmentExpenses": 0,
    "generalAndAdministrativeExpenses": 0,
    "sellingAndMarketingExpenses": 0,
    "sellingGeneralAndAdministrativeExpenses": 0,
    "otherExpenses": 13319000000,
    "operatingExpenses": 13319000000,
    "costAndExpenses": 13319000000,
    "interestIncome": 0,
    "interestExpense": 0,
    "depreciationAndAmortization": 1257000000,
    "ebitda": -7827000000,
    "ebitdaratio": -1.8481700118,
    "operatingIncome": -9084000000,
    "operatingIncomeRatio": -2.1449822904,
    "totalOtherIncomeExpensesNet": 9140000000,
    "incomeBeforeTax": 56000000,
    "incomeBeforeTaxRatio": 0.0132231405,
    "incomeTaxExpense": 19000000,
    "netIncome": 23000000,
    "netIncomeRatio": 0.0054309327,
    "eps": 0.4,
    "epsdiluted": 0.22,
    "weightedAverageShsOut": 57507227,
    "weightedAverageShsOutDil": 105371973,
    "link": "https://www.sec.gov/Archives/edgar/data/100517/000010051798000010/0000100517-98-000010-index.htm",
    "finalLink": "https://www.sec.gov/Archives/edgar/data/100517/000010051798000010/"
  },
  {
    "date": "1997-09-30",
    "symbol": "UAL",
    "reportedCurrency": "USD",
    "cik": "0000100517",
    "fillingDate": "1998-02-12",
    "acceptedDate": "1998-02-12 00:00:00",
    "calendarYear": "1997",
    "period": "Q3",
    "revenue": 4640000000,
    "costOfRevenue": 1529000000,
    "grossProfit": 3111000000,
    "grossProfitRatio": 0.6704741379,
    "researchAndDevelopmentExpenses": 0,
    "generalAndAdministrativeExpenses": -590000000,
    "sellingAndMarketingExpenses": 409000000,
    "sellingGeneralAndAdministrativeExpenses": -181000000,
    "otherExpenses": 182000000,
    "operatingExpenses": -536000000,
    "costAndExpenses": 4077000000,
    "interestIncome": 0,
    "interestExpense": 0,
    "depreciationAndAmortization": -183000000,
    "ebitda": 745000000,
    "ebitdaratio": 0.1605603448,
    "operatingIncome": 563000000,
    "operatingIncomeRatio": 0.1213362069,
    "totalOtherIncomeExpensesNet": 349000000,
    "incomeBeforeTax": 912000000,
    "incomeBeforeTaxRatio": 0.1965517241,
    "incomeTaxExpense": 333000000,
    "netIncome": 579000000,
    "netIncomeRatio": 0.1247844828,
    "eps": 9.5,
    "epsdiluted": 5.49,
    "weightedAverageShsOut": 57507227,
    "weightedAverageShsOutDil": 105371973,
    "link": "https://www.sec.gov/Archives/edgar/data/100517/000010051798000004/0000100517-98-000004-index.htm",
    "finalLink": "https://www.sec.gov/Archives/edgar/data/100517/000010051798000004/"
  },
  {
    "date": "1997-06-30",
    "symbol": "UAL",
    "reportedCurrency": "USD",
    "cik": "0000100517",
    "fillingDate": "1997-08-07",
    "acceptedDate": "1997-08-07 00:00:00",
    "calendarYear": "1997",
    "period": "Q2",
    "revenue": 4382000000,
    "costOfRevenue": 1497000000,
    "grossProfit": 2885000000,
    "grossProfitRatio": 0.6583751712,
    "researchAndDevelopmentExpenses": 0,
    "generalAndAdministrativeExpenses": -619000000,
    "sellingAndMarketingExpenses": 386000000,
    "sellingGeneralAndAdministrativeExpenses": -233000000,
    "otherExpenses": 174000000,
    "operatingExpenses": -594000000,
    "costAndExpenses": 3970000000,
    "interestIncome": 0,
    "interestExpense": 0,
    "depreciationAndAmortization": -174000000,
    "ebitda": 586000000,
    "ebitdaratio": 0.1337288909,
    "operatingIncome": 412000000,
    "operatingIncomeRatio": 0.094020995,
    "totalOtherIncomeExpensesNet": -25000000,
    "incomeBeforeTax": 387000000,
    "incomeBeforeTaxRatio": 0.0883158375,
    "incomeTaxExpense": 145000000,
    "netIncome": 242000000,
    "netIncomeRatio": 0.0552259242,
    "eps": 3.78,
    "epsdiluted": 2.3,
    "weightedAverageShsOut": 57507227,
    "weightedAverageShsOutDil": 105371973,
    "link": "https://www.sec.gov/Archives/edgar/data/100517/000010051797000031/0000100517-97-000031-index.htm",
    "finalLink": "https://www.sec.gov/Archives/edgar/data/100517/000010051797000031/"
  },
  {
    "date": "1997-03-31",
    "symbol": "UAL",
    "reportedCurrency": "USD",
    "cik": "0000100517",
    "fillingDate": "1997-05-12",
    "acceptedDate": "1997-05-12 00:00:00",
    "calendarYear": "1997",
    "period": "Q1",
    "revenue": 4121000000,
    "costOfRevenue": 1508000000,
    "grossProfit": 2613000000,
    "grossProfitRatio": 0.6340694006,
    "researchAndDevelopmentExpenses": 0,
    "generalAndAdministrativeExpenses": -635000000,
    "sellingAndMarketingExpenses": 364000000,
    "sellingGeneralAndAdministrativeExpenses": -271000000,
    "otherExpenses": -333000000,
    "operatingExpenses": -604000000,
    "costAndExpenses": 904000000,
    "interestIncome": 0,
    "interestExpense": 0,
    "depreciationAndAmortization": -176000000,
    "ebitda": 3383000000,
    "ebitdaratio": 0.8209172531,
    "operatingIncome": 3217000000,
    "operatingIncomeRatio": 0.780635768,
    "totalOtherIncomeExpensesNet": -3047000000,
    "incomeBeforeTax": 170000000,
    "incomeBeforeTaxRatio": 0.0412521233,
    "incomeTaxExpense": 65000000,
    "netIncome": 105000000,
    "netIncomeRatio": 0.0254792526,
    "eps": 1.44,
    "epsdiluted": 1,
    "weightedAverageShsOut": 58933372,
    "weightedAverageShsOutDil": 105371973,
    "link": "https://www.sec.gov/Archives/edgar/data/100517/000010051797000014/0000100517-97-000014-index.htm",
    "finalLink": "https://www.sec.gov/Archives/edgar/data/100517/000010051797000014/"
  },
  {
    "date": "1996-12-31",
    "symbol": "UAL",
    "reportedCurrency": "USD",
    "cik": "0000100517",
    "fillingDate": "1997-03-05",
    "acceptedDate": "1997-03-05 00:00:00",
    "calendarYear": "1996",
    "period": "Q4",
    "revenue": 3976000000,
    "costOfRevenue": 0,
    "grossProfit": 3976000000,
    "grossProfitRatio": 1,
    "researchAndDevelopmentExpenses": 0,
    "generalAndAdministrativeExpenses": 0,
    "sellingAndMarketingExpenses": 0,
    "sellingGeneralAndAdministrativeExpenses": 0,
    "otherExpenses": 12787000000,
    "operatingExpenses": 12787000000,
    "costAndExpenses": 12787000000,
    "interestIncome": 0,
    "interestExpense": 0,
    "depreciationAndAmortization": 1347000000,
    "ebitda": -7464000000,
    "ebitdaratio": -1.8772635815,
    "operatingIncome": -8811000000,
    "operatingIncomeRatio": -2.2160462777,
    "totalOtherIncomeExpensesNet": 8844000000,
    "incomeBeforeTax": 33000000,
    "incomeBeforeTaxRatio": 0.0082997988,
    "incomeTaxExpense": 13000000,
    "netIncome": 19000000,
    "netIncomeRatio": 0.004778672,
    "eps": 0.32,
    "epsdiluted": 0.18,
    "weightedAverageShsOut": 58933372,
    "weightedAverageShsOutDil": 105371973,
    "link": "https://www.sec.gov/Archives/edgar/data/100517/000010051797000005/0000100517-97-000005-index.htm",
    "finalLink": "https://www.sec.gov/Archives/edgar/data/100517/000010051797000005/"
  },
  {
    "date": "1996-09-30",
    "symbol": "UAL",
    "reportedCurrency": "USD",
    "cik": "0000100517",
    "fillingDate": "1996-09-30",
    "acceptedDate": "1996-09-29 20:00:00",
    "calendarYear": "1996",
    "period": "Q3",
    "revenue": 4488000000,
    "costOfRevenue": 1495000000,
    "grossProfit": 2993000000,
    "grossProfitRatio": 0.6668894831,
    "researchAndDevelopmentExpenses": 0,
    "generalAndAdministrativeExpenses": -681000000,
    "sellingAndMarketingExpenses": 397000000,
    "sellingGeneralAndAdministrativeExpenses": -284000000,
    "otherExpenses": -331000000,
    "operatingExpenses": -615000000,
    "costAndExpenses": 880000000,
    "interestIncome": 0,
    "interestExpense": 0,
    "depreciationAndAmortization": -216000000,
    "ebitda": 3825000000,
    "ebitdaratio": 0.8522727273,
    "operatingIncome": 3608000000,
    "operatingIncomeRatio": 0.8039215686,
    "totalOtherIncomeExpensesNet": -3053000000,
    "incomeBeforeTax": 555000000,
    "incomeBeforeTaxRatio": 0.1236631016,
    "incomeTaxExpense": 208000000,
    "netIncome": 340000000,
    "netIncomeRatio": 0.0757575758,
    "eps": 6.44,
    "epsdiluted": 3.23,
    "weightedAverageShsOut": 58933372,
    "weightedAverageShsOutDil": 105371973,
    "link": "",
    "finalLink": ""
  },
  {
    "date": "1996-06-30",
    "symbol": "UAL",
    "reportedCurrency": "USD",
    "cik": "0000100517",
    "fillingDate": "1996-08-14",
    "acceptedDate": "1996-08-14 00:00:00",
    "calendarYear": "1996",
    "period": "Q2",
    "revenue": 4164000000,
    "costOfRevenue": 1416000000,
    "grossProfit": 2748000000,
    "grossProfitRatio": 0.6599423631,
    "researchAndDevelopmentExpenses": 0,
    "generalAndAdministrativeExpenses": -659000000,
    "sellingAndMarketingExpenses": 373000000,
    "sellingGeneralAndAdministrativeExpenses": -286000000,
    "otherExpenses": -326000000,
    "operatingExpenses": -612000000,
    "costAndExpenses": 804000000,
    "interestIncome": 0,
    "interestExpense": 0,
    "depreciationAndAmortization": -183000000,
    "ebitda": 3531000000,
    "ebitdaratio": 0.8479827089,
    "operatingIncome": 3360000000,
    "operatingIncomeRatio": 0.8069164265,
    "totalOtherIncomeExpensesNet": -2989000000,
    "incomeBeforeTax": 371000000,
    "incomeBeforeTaxRatio": 0.0890970221,
    "incomeTaxExpense": 145000000,
    "netIncome": 196000000,
    "netIncomeRatio": 0.0470701249,
    "eps": 3.56,
    "epsdiluted": 1.86,
    "weightedAverageShsOut": 58933372,
    "weightedAverageShsOutDil": 105371973,
    "link": "https://www.sec.gov/Archives/edgar/data/100517/000010051796000051/0000100517-96-000051-index.htm",
    "finalLink": "https://www.sec.gov/Archives/edgar/data/100517/000010051796000051/"
  },
  {
    "date": "1996-03-31",
    "symbol": "UAL",
    "reportedCurrency": "USD",
    "cik": "0000100517",
    "fillingDate": "1996-05-07",
    "acceptedDate": "1996-05-07 00:00:00",
    "calendarYear": "1996",
    "period": "Q1",
    "revenue": 3735000000,
    "costOfRevenue": 1296000000,
    "grossProfit": 2439000000,
    "grossProfitRatio": 0.6530120482,
    "researchAndDevelopmentExpenses": 0,
    "generalAndAdministrativeExpenses": -547000000,
    "sellingAndMarketingExpenses": 337000000,
    "sellingGeneralAndAdministrativeExpenses": -210000000,
    "otherExpenses": -245000000,
    "operatingExpenses": -455000000,
    "costAndExpenses": 841000000,
    "interestIncome": 0,
    "interestExpense": 0,
    "depreciationAndAmortization": -189000000,
    "ebitda": 3083000000,
    "ebitdaratio": 0.8254350736,
    "operatingIncome": 2967000000,
    "operatingIncomeRatio": 0.79437751,
    "totalOtherIncomeExpensesNet": -2957000000,
    "incomeBeforeTax": 10000000,
    "incomeBeforeTaxRatio": 0.0026773762,
    "incomeTaxExpense": 4000000,
    "netIncome": -23000000,
    "netIncomeRatio": -0.0061579652,
    "eps": -0.77,
    "epsdiluted": -0.22,
    "weightedAverageShsOut": 50500756,
    "weightedAverageShsOutDil": 105371973,
    "link": "https://www.sec.gov/Archives/edgar/data/100517/000010051796000031/0000100517-96-000031-index.htm",
    "finalLink": "https://www.sec.gov/Archives/edgar/data/100517/000010051796000031/"
  },
  {
    "date": "1995-12-31",
    "symbol": "UAL",
    "reportedCurrency": "USD",
    "cik": "0000100517",
    "fillingDate": "1996-03-08",
    "acceptedDate": "1996-03-08 00:00:00",
    "calendarYear": "1995",
    "period": "Q4",
    "revenue": 3667000000,
    "costOfRevenue": 0,
    "grossProfit": 3667000000,
    "grossProfitRatio": 1,
    "researchAndDevelopmentExpenses": 0,
    "generalAndAdministrativeExpenses": 0,
    "sellingAndMarketingExpenses": 0,
    "sellingGeneralAndAdministrativeExpenses": 0,
    "otherExpenses": 12828000000,
    "operatingExpenses": 12828000000,
    "costAndExpenses": 12828000000,
    "interestIncome": 0,
    "interestExpense": 0,
    "depreciationAndAmortization": 1243000000,
    "ebitda": -7918000000,
    "ebitdaratio": -2.1592582493,
    "operatingIncome": -9161000000,
    "operatingIncomeRatio": -2.4982274339,
    "totalOtherIncomeExpensesNet": 9131000000,
    "incomeBeforeTax": -30000000,
    "incomeBeforeTaxRatio": -0.0081810744,
    "incomeTaxExpense": -11000000,
    "netIncome": -48000000,
    "netIncomeRatio": -0.0130897191,
    "eps": -0.95,
    "epsdiluted": -0.46,
    "weightedAverageShsOut": 50500756,
    "weightedAverageShsOutDil": 105371973,
    "link": "https://www.sec.gov/Archives/edgar/data/100517/000010051796000009/0000100517-96-000009-index.htm",
    "finalLink": "https://www.sec.gov/Archives/edgar/data/100517/000010051796000009/"
  },
  {
    "date": "1995-09-30",
    "symbol": "UAL",
    "reportedCurrency": "USD",
    "cik": "0000100517",
    "fillingDate": "1995-11-13",
    "acceptedDate": "1995-11-13 00:00:00",
    "calendarYear": "1995",
    "period": "Q3",
    "revenue": 4127000000,
    "costOfRevenue": 1244000000,
    "grossProfit": 2883000000,
    "grossProfitRatio": 0.6985703901,
    "researchAndDevelopmentExpenses": 0,
    "generalAndAdministrativeExpenses": -667000000,
    "sellingAndMarketingExpenses": 409000000,
    "sellingGeneralAndAdministrativeExpenses": -258000000,
    "otherExpenses": -250000000,
    "operatingExpenses": -508000000,
    "costAndExpenses": 736000000,
    "interestIncome": 0,
    "interestExpense": 0,
    "depreciationAndAmortization": -182000000,
    "ebitda": 3573000000,
    "ebitdaratio": 0.8657620548,
    "operatingIncome": 3391000000,
    "operatingIncomeRatio": 0.8216622244,
    "totalOtherIncomeExpensesNet": -2997000000,
    "incomeBeforeTax": 394000000,
    "incomeBeforeTaxRatio": 0.0954688636,
    "incomeTaxExpense": 151000000,
    "netIncome": 243000000,
    "netIncomeRatio": 0.0588805428,
    "eps": 4.62,
    "epsdiluted": 2.31,
    "weightedAverageShsOut": 49739460,
    "weightedAverageShsOutDil": 105371973,
    "link": "https://www.sec.gov/Archives/edgar/data/100517/000010051795000063/0000100517-95-000063-index.htm",
    "finalLink": "https://www.sec.gov/Archives/edgar/data/100517/000010051795000063/"
  }
]