[
  {
    "date": "2025-06-30",
    "symbol": "UBER",
    "reportedCurrency": "USD",
    "cik": "0001543151",
    "fillingDate": "2025-08-06",
    "acceptedDate": "2025-08-06 16:07:50",
    "calendarYear": "2025",
    "period": "Q2",
    "revenue": 12651000000,
    "costOfRevenue": 7611000000,
    "grossProfit": 5040000000,
    "grossProfitRatio": 0.3983874793,
    "researchAndDevelopmentExpenses": 840000000,
    "generalAndAdministrativeExpenses": 669000000,
    "sellingAndMarketingExpenses": 1210000000,
    "sellingGeneralAndAdministrativeExpenses": 1879000000,
    "otherExpenses": 871000000,
    "operatingExpenses": 3590000000,
    "costAndExpenses": 11201000000,
    "interestIncome": 181000000,
    "interestExpense": 108000000,
    "depreciationAndAmortization": 181000000,
    "ebitda": 1793000000,
    "ebitdaratio": 0.1417279266,
    "operatingIncome": 1450000000,
    "operatingIncomeRatio": 0.1146154454,
    "totalOtherIncomeExpensesNet": 42000000,
    "incomeBeforeTax": 1492000000,
    "incomeBeforeTaxRatio": 0.1179353411,
    "incomeTaxExpense": 142000000,
    "netIncome": 1355000000,
    "netIncomeRatio": 0.1071061576,
    "eps": 0.65,
    "epsdiluted": 0.63,
    "weightedAverageShsOut": 2091781000,
    "weightedAverageShsOutDil": 2124181000,
    "link": "https://www.sec.gov/Archives/edgar/data/1543151/000154315125000023/0001543151-25-000023-index.htm",
    "finalLink": "https://www.sec.gov/Archives/edgar/data/1543151/000154315125000023/uber-20250630.htm"
  },
  {
    "date": "2025-03-31",
    "symbol": "UBER",
    "reportedCurrency": "USD",
    "cik": "0001543151",
    "fillingDate": "2025-05-07",
    "acceptedDate": "2025-05-07 16:07:17",
    "calendarYear": "2025",
    "period": "Q1",
    "revenue": 11533000000,
    "costOfRevenue": 6937000000,
    "grossProfit": 4596000000,
    "grossProfitRatio": 0.3985086274,
    "researchAndDevelopmentExpenses": 815000000,
    "generalAndAdministrativeExpenses": 657000000,
    "sellingAndMarketingExpenses": 1057000000,
    "sellingGeneralAndAdministrativeExpenses": 1714000000,
    "otherExpenses": 839000000,
    "operatingExpenses": 3368000000,
    "costAndExpenses": 10305000000,
    "interestIncome": 169000000,
    "interestExpense": 105000000,
    "depreciationAndAmortization": 178000000,
    "ebitda": 1668000000,
    "ebitdaratio": 0.1446284575,
    "operatingIncome": 1228000000,
    "operatingIncomeRatio": 0.1064770658,
    "totalOtherIncomeExpensesNet": 144000000,
    "incomeBeforeTax": 1372000000,
    "incomeBeforeTaxRatio": 0.1189629758,
    "incomeTaxExpense": -402000000,
    "netIncome": 1776000000,
    "netIncomeRatio": 0.15399289,
    "eps": 0.85,
    "epsdiluted": 0.83,
    "weightedAverageShsOut": 2092464000,
    "weightedAverageShsOutDil": 2122618000,
    "link": "https://www.sec.gov/Archives/edgar/data/1543151/000154315125000015/0001543151-25-000015-index.htm",
    "finalLink": "https://www.sec.gov/Archives/edgar/data/1543151/000154315125000015/uber-20250331.htm"
  },
  {
    "date": "2024-12-31",
    "symbol": "UBER",
    "reportedCurrency": "USD",
    "cik": "0001543151",
    "fillingDate": "2025-02-14",
    "acceptedDate": "2025-02-14 16:06:34",
    "calendarYear": "2024",
    "period": "Q4",
    "revenue": 11959000000,
    "costOfRevenue": 7234000000,
    "grossProfit": 4725000000,
    "grossProfitRatio": 0.3950999247,
    "researchAndDevelopmentExpenses": 785000000,
    "generalAndAdministrativeExpenses": 1114000000,
    "sellingAndMarketingExpenses": 1209000000,
    "sellingGeneralAndAdministrativeExpenses": 2323000000,
    "otherExpenses": 847000000,
    "operatingExpenses": 3955000000,
    "costAndExpenses": 11189000000,
    "interestIncome": 191000000,
    "interestExpense": 117000000,
    "depreciationAndAmortization": 176000000,
    "ebitda": 1202000000,
    "ebitdaratio": 0.1005100761,
    "operatingIncome": 770000000,
    "operatingIncomeRatio": 0.0643866544,
    "totalOtherIncomeExpensesNet": 129000000,
    "incomeBeforeTax": 899000000,
    "incomeBeforeTaxRatio": 0.0751735095,
    "incomeTaxExpense": -6002000000,
    "netIncome": 6883000000,
    "netIncomeRatio": 0.5755497951,
    "eps": 3.27,
    "epsdiluted": 3.21,
    "weightedAverageShsOut": 2105899000,
    "weightedAverageShsOutDil": 2141426000,
    "link": "https://www.sec.gov/Archives/edgar/data/1543151/000154315125000008/0001543151-25-000008-index.htm",
    "finalLink": "https://www.sec.gov/Archives/edgar/data/1543151/000154315125000008/uber-20241231.htm"
  },
  {
    "date": "2024-09-30",
    "symbol": "UBER",
    "reportedCurrency": "USD",
    "cik": "0001543151",
    "fillingDate": "2024-10-31",
    "acceptedDate": "2024-10-31 16:06:41",
    "calendarYear": "2024",
    "period": "Q3",
    "revenue": 11188000000,
    "costOfRevenue": 6761000000,
    "grossProfit": 4427000000,
    "grossProfitRatio": 0.3956918127,
    "researchAndDevelopmentExpenses": 774000000,
    "generalAndAdministrativeExpenses": 630000000,
    "sellingAndMarketingExpenses": 1096000000,
    "sellingGeneralAndAdministrativeExpenses": 1726000000,
    "otherExpenses": 866000000,
    "operatingExpenses": 3366000000,
    "costAndExpenses": 10127000000,
    "interestIncome": 195000000,
    "interestExpense": 143000000,
    "depreciationAndAmortization": 186000000,
    "ebitda": 3098000000,
    "ebitdaratio": 0.2769038255,
    "operatingIncome": 1061000000,
    "operatingIncomeRatio": 0.0948337504,
    "totalOtherIncomeExpensesNet": 1696000000,
    "incomeBeforeTax": 2757000000,
    "incomeBeforeTaxRatio": 0.2464247408,
    "incomeTaxExpense": 158000000,
    "netIncome": 2612000000,
    "netIncomeRatio": 0.2334644262,
    "eps": 1.24,
    "epsdiluted": 1.2,
    "weightedAverageShsOut": 2101660000,
    "weightedAverageShsOutDil": 2154466000,
    "link": "https://www.sec.gov/Archives/edgar/data/1543151/000154315124000036/0001543151-24-000036-index.htm",
    "finalLink": "https://www.sec.gov/Archives/edgar/data/1543151/000154315124000036/uber-20240930.htm"
  },
  {
    "date": "2024-06-30",
    "symbol": "UBER",
    "reportedCurrency": "USD",
    "cik": "0001543151",
    "fillingDate": "2024-08-06",
    "acceptedDate": "2024-08-06 16:09:28",
    "calendarYear": "2024",
    "period": "Q2",
    "revenue": 10700000000,
    "costOfRevenue": 6488000000,
    "grossProfit": 4212000000,
    "grossProfitRatio": 0.3936448598,
    "researchAndDevelopmentExpenses": 760000000,
    "generalAndAdministrativeExpenses": 686000000,
    "sellingAndMarketingExpenses": 1115000000,
    "sellingGeneralAndAdministrativeExpenses": 1801000000,
    "otherExpenses": 855000000,
    "operatingExpenses": 3416000000,
    "costAndExpenses": 9904000000,
    "interestIncome": 176000000,
    "interestExpense": 139000000,
    "depreciationAndAmortization": 181000000,
    "ebitda": 1397000000,
    "ebitdaratio": 0.1305607477,
    "operatingIncome": 796000000,
    "operatingIncomeRatio": 0.0743925234,
    "totalOtherIncomeExpensesNet": 269000000,
    "incomeBeforeTax": 1065000000,
    "incomeBeforeTaxRatio": 0.0995327103,
    "incomeTaxExpense": 57000000,
    "netIncome": 1015000000,
    "netIncomeRatio": 0.0948598131,
    "eps": 0.49,
    "epsdiluted": 0.47,
    "weightedAverageShsOut": 2092179999,
    "weightedAverageShsOutDil": 2150019000,
    "link": "https://www.sec.gov/Archives/edgar/data/1543151/000154315124000027/0001543151-24-000027-index.htm",
    "finalLink": "https://www.sec.gov/Archives/edgar/data/1543151/000154315124000027/uber-20240630.htm"
  },
  {
    "date": "2024-03-31",
    "symbol": "UBER",
    "reportedCurrency": "USD",
    "cik": "0001543151",
    "fillingDate": "2024-05-08",
    "acceptedDate": "2024-05-08 16:04:16",
    "calendarYear": "2024",
    "period": "Q1",
    "revenue": 10131000000,
    "costOfRevenue": 6168000000,
    "grossProfit": 3963000000,
    "grossProfitRatio": 0.3911755996,
    "researchAndDevelopmentExpenses": 790000000,
    "generalAndAdministrativeExpenses": 1209000000,
    "sellingAndMarketingExpenses": 917000000,
    "sellingGeneralAndAdministrativeExpenses": 2126000000,
    "otherExpenses": 875000000,
    "operatingExpenses": 3791000000,
    "costAndExpenses": 9959000000,
    "interestIncome": 159000000,
    "interestExpense": 124000000,
    "depreciationAndAmortization": 194000000,
    "ebitda": -312000000,
    "ebitdaratio": -0.030796565,
    "operatingIncome": 172000000,
    "operatingIncomeRatio": 0.0169775935,
    "totalOtherIncomeExpensesNet": -806000000,
    "incomeBeforeTax": -634000000,
    "incomeBeforeTaxRatio": -0.0625801994,
    "incomeTaxExpense": 29000000,
    "netIncome": -654000000,
    "netIncomeRatio": -0.0645543382,
    "eps": -0.31,
    "epsdiluted": -0.32,
    "weightedAverageShsOut": 2078467000,
    "weightedAverageShsOutDil": 2080168000,
    "link": "https://www.sec.gov/Archives/edgar/data/1543151/000154315124000020/0001543151-24-000020-index.htm",
    "finalLink": "https://www.sec.gov/Archives/edgar/data/1543151/000154315124000020/uber-20240331.htm"
  },
  {
    "date": "2023-12-31",
    "symbol": "UBER",
    "reportedCurrency": "USD",
    "cik": "0001543151",
    "fillingDate": "2024-02-15",
    "acceptedDate": "2024-02-15 16:30:29",
    "calendarYear": "2023",
    "period": "Q4",
    "revenue": 9936000000,
    "costOfRevenue": 6057000000,
    "grossProfit": 3879000000,
    "grossProfitRatio": 0.3903985507,
    "researchAndDevelopmentExpenses": 784000000,
    "generalAndAdministrativeExpenses": 603000000,
    "sellingAndMarketingExpenses": 935000000,
    "sellingGeneralAndAdministrativeExpenses": 1538000000,
    "otherExpenses": 905000000,
    "operatingExpenses": 3227000000,
    "costAndExpenses": 9284000000,
    "interestIncome": 160000000,
    "interestExpense": 155000000,
    "depreciationAndAmortization": 203000000,
    "ebitda": 2186000000,
    "ebitdaratio": 0.2200080515,
    "operatingIncome": 652000000,
    "operatingIncomeRatio": 0.0656199678,
    "totalOtherIncomeExpensesNet": 1181000000,
    "incomeBeforeTax": 1833000000,
    "incomeBeforeTaxRatio": 0.1844806763,
    "incomeTaxExpense": 133000000,
    "netIncome": 1429000000,
    "netIncomeRatio": 0.1438204509,
    "eps": 0.68,
    "epsdiluted": 0.66,
    "weightedAverageShsOut": 2060885000,
    "weightedAverageShsOutDil": 2121929000,
    "link": "https://www.sec.gov/Archives/edgar/data/1543151/000154315124000012/0001543151-24-000012-index.htm",
    "finalLink": "https://www.sec.gov/Archives/edgar/data/1543151/000154315124000012/uber-20231231.htm"
  },
  {
    "date": "2023-09-30",
    "symbol": "UBER",
    "reportedCurrency": "USD",
    "cik": "0001543151",
    "fillingDate": "2023-11-07",
    "acceptedDate": "2023-11-07 16:08:11",
    "calendarYear": "2023",
    "period": "Q3",
    "revenue": 9292000000,
    "costOfRevenue": 5626000000,
    "grossProfit": 3666000000,
    "grossProfitRatio": 0.3945329316,
    "researchAndDevelopmentExpenses": 797000000,
    "generalAndAdministrativeExpenses": 646000000,
    "sellingAndMarketingExpenses": 941000000,
    "sellingGeneralAndAdministrativeExpenses": 1587000000,
    "otherExpenses": 888000000,
    "operatingExpenses": 3272000000,
    "costAndExpenses": 8898000000,
    "interestIncome": 130000000,
    "interestExpense": 166000000,
    "depreciationAndAmortization": 205000000,
    "ebitda": 547000000,
    "ebitdaratio": 0.0588678433,
    "operatingIncome": 394000000,
    "operatingIncomeRatio": 0.0424020663,
    "totalOtherIncomeExpensesNet": -215000000,
    "incomeBeforeTax": 179000000,
    "incomeBeforeTaxRatio": 0.0192638829,
    "incomeTaxExpense": -40000000,
    "netIncome": 221000000,
    "netIncomeRatio": 0.0237839001,
    "eps": 0.0981,
    "epsdiluted": 0.0986,
    "weightedAverageShsOut": 2044688000,
    "weightedAverageShsOutDil": 2108479000,
    "link": "https://www.sec.gov/Archives/edgar/data/1543151/000154315123000039/0001543151-23-000039-index.htm",
    "finalLink": "https://www.sec.gov/Archives/edgar/data/1543151/000154315123000039/uber-20230930.htm"
  },
  {
    "date": "2023-06-30",
    "symbol": "UBER",
    "reportedCurrency": "USD",
    "cik": "0001543151",
    "fillingDate": "2023-08-02",
    "acceptedDate": "2023-08-02 16:07:32",
    "calendarYear": "2023",
    "period": "Q2",
    "revenue": 9230000000,
    "costOfRevenue": 5515000000,
    "grossProfit": 3715000000,
    "grossProfitRatio": 0.4024918743,
    "researchAndDevelopmentExpenses": 808000000,
    "generalAndAdministrativeExpenses": 491000000,
    "sellingAndMarketingExpenses": 1218000000,
    "sellingGeneralAndAdministrativeExpenses": 1709000000,
    "otherExpenses": 872000000,
    "operatingExpenses": 3389000000,
    "costAndExpenses": 8904000000,
    "interestIncome": 107000000,
    "interestExpense": 144000000,
    "depreciationAndAmortization": 208000000,
    "ebitda": 807000000,
    "ebitdaratio": 0.087432286,
    "operatingIncome": 326000000,
    "operatingIncomeRatio": 0.03531961,
    "totalOtherIncomeExpensesNet": 133000000,
    "incomeBeforeTax": 459000000,
    "incomeBeforeTaxRatio": 0.0497291441,
    "incomeTaxExpense": 65000000,
    "netIncome": 394000000,
    "netIncomeRatio": 0.0426868906,
    "eps": 0.19,
    "epsdiluted": 0.18,
    "weightedAverageShsOut": 2026813000,
    "weightedAverageShsOutDil": 2079265000,
    "link": "https://www.sec.gov/Archives/edgar/data/1543151/000154315123000025/0001543151-23-000025-index.htm",
    "finalLink": "https://www.sec.gov/Archives/edgar/data/1543151/000154315123000025/uber-20230630.htm"
  },
  {
    "date": "2023-03-31",
    "symbol": "UBER",
    "reportedCurrency": "USD",
    "cik": "0001543151",
    "fillingDate": "2023-05-03",
    "acceptedDate": "2023-05-03 16:06:08",
    "calendarYear": "2023",
    "period": "Q1",
    "revenue": 8823000000,
    "costOfRevenue": 5259000000,
    "grossProfit": 3564000000,
    "grossProfitRatio": 0.4039442367,
    "researchAndDevelopmentExpenses": 775000000,
    "generalAndAdministrativeExpenses": 942000000,
    "sellingAndMarketingExpenses": 1262000000,
    "sellingGeneralAndAdministrativeExpenses": 2204000000,
    "otherExpenses": 847000000,
    "operatingExpenses": 3826000000,
    "costAndExpenses": 9085000000,
    "interestIncome": 87000000,
    "interestExpense": 168000000,
    "depreciationAndAmortization": 207000000,
    "ebitda": 237000000,
    "ebitdaratio": 0.0268616117,
    "operatingIncome": -262000000,
    "operatingIncomeRatio": -0.029695115,
    "totalOtherIncomeExpensesNet": 160000000,
    "incomeBeforeTax": -102000000,
    "incomeBeforeTaxRatio": -0.0115606936,
    "incomeTaxExpense": 55000000,
    "netIncome": -157000000,
    "netIncomeRatio": -0.017794401,
    "eps": -0.0781,
    "epsdiluted": -0.0781,
    "weightedAverageShsOut": 2009557000,
    "weightedAverageShsOutDil": 2009557000,
    "link": "https://www.sec.gov/Archives/edgar/data/1543151/000154315123000016/0001543151-23-000016-index.htm",
    "finalLink": "https://www.sec.gov/Archives/edgar/data/1543151/000154315123000016/uber-20230331.htm"
  },
  {
    "date": "2022-12-31",
    "symbol": "UBER",
    "reportedCurrency": "USD",
    "cik": "0001543151",
    "fillingDate": "2023-02-21",
    "acceptedDate": "2023-02-21 16:10:08",
    "calendarYear": "2022",
    "period": "Q4",
    "revenue": 8607000000,
    "costOfRevenue": 5307000000,
    "grossProfit": 3300000000,
    "grossProfitRatio": 0.3834088533,
    "researchAndDevelopmentExpenses": 747000000,
    "generalAndAdministrativeExpenses": 745000000,
    "sellingAndMarketingExpenses": 1122000000,
    "sellingGeneralAndAdministrativeExpenses": 1867000000,
    "otherExpenses": 828000000,
    "operatingExpenses": 3442000000,
    "costAndExpenses": 8749000000,
    "interestIncome": 73000000,
    "interestExpense": 151000000,
    "depreciationAndAmortization": 223000000,
    "ebitda": 848000000,
    "ebitdaratio": 0.0985244568,
    "operatingIncome": -142000000,
    "operatingIncomeRatio": -0.0164981991,
    "totalOtherIncomeExpensesNet": 658000000,
    "incomeBeforeTax": 516000000,
    "incomeBeforeTaxRatio": 0.0599512025,
    "incomeTaxExpense": -84000000,
    "netIncome": 595000000,
    "netIncomeRatio": 0.0691297781,
    "eps": 0.3,
    "epsdiluted": 0.29,
    "weightedAverageShsOut": 1994800000,
    "weightedAverageShsOutDil": 2060574999,
    "link": "https://www.sec.gov/Archives/edgar/data/1543151/000154315123000010/0001543151-23-000010-index.htm",
    "finalLink": "https://www.sec.gov/Archives/edgar/data/1543151/000154315123000010/uber-20221231.htm"
  },
  {
    "date": "2022-09-30",
    "symbol": "UBER",
    "reportedCurrency": "USD",
    "cik": "0001543151",
    "fillingDate": "2022-11-02",
    "acceptedDate": "2022-11-02 16:15:18",
    "calendarYear": "2022",
    "period": "Q3",
    "revenue": 8343000000,
    "costOfRevenue": 5173000000,
    "grossProfit": 3170000000,
    "grossProfitRatio": 0.3799592473,
    "researchAndDevelopmentExpenses": 760000000,
    "generalAndAdministrativeExpenses": 908000000,
    "sellingAndMarketingExpenses": 1153000000,
    "sellingGeneralAndAdministrativeExpenses": 2061000000,
    "otherExpenses": 844000000,
    "operatingExpenses": 3665000000,
    "costAndExpenses": 8838000000,
    "interestIncome": 38000000,
    "interestExpense": 146000000,
    "depreciationAndAmortization": 227000000,
    "ebitda": -803000000,
    "ebitdaratio": -0.0962483519,
    "operatingIncome": -495000000,
    "operatingIncomeRatio": -0.0593311758,
    "totalOtherIncomeExpensesNet": -651000000,
    "incomeBeforeTax": -1146000000,
    "incomeBeforeTaxRatio": -0.1373606616,
    "incomeTaxExpense": 58000000,
    "netIncome": -1206000000,
    "netIncomeRatio": -0.1445523193,
    "eps": -0.61,
    "epsdiluted": -0.61,
    "weightedAverageShsOut": 1979299000,
    "weightedAverageShsOutDil": 1979299000,
    "link": "https://www.sec.gov/Archives/edgar/data/1543151/000154315122000034/0001543151-22-000034-index.htm",
    "finalLink": "https://www.sec.gov/Archives/edgar/data/1543151/000154315122000034/uber-20220930.htm"
  },
  {
    "date": "2022-06-30",
    "symbol": "UBER",
    "reportedCurrency": "USD",
    "cik": "0001543151",
    "fillingDate": "2022-08-04",
    "acceptedDate": "2022-08-04 17:07:27",
    "calendarYear": "2022",
    "period": "Q2",
    "revenue": 8073000000,
    "costOfRevenue": 5153000000,
    "grossProfit": 2920000000,
    "grossProfitRatio": 0.3616994921,
    "researchAndDevelopmentExpenses": 704000000,
    "generalAndAdministrativeExpenses": 851000000,
    "sellingAndMarketingExpenses": 1218000000,
    "sellingGeneralAndAdministrativeExpenses": 2069000000,
    "otherExpenses": 860000000,
    "operatingExpenses": 3633000000,
    "costAndExpenses": 8786000000,
    "interestIncome": 17000000,
    "interestExpense": 139000000,
    "depreciationAndAmortization": 243000000,
    "ebitda": -2174000000,
    "ebitdaratio": -0.2692927041,
    "operatingIncome": -713000000,
    "operatingIncomeRatio": -0.0883190883,
    "totalOtherIncomeExpensesNet": -1826000000,
    "incomeBeforeTax": -2539000000,
    "incomeBeforeTaxRatio": -0.3145051406,
    "incomeTaxExpense": 77000000,
    "netIncome": -2601000000,
    "netIncomeRatio": -0.3221850613,
    "eps": -1.32,
    "epsdiluted": -1.32,
    "weightedAverageShsOut": 1964304000,
    "weightedAverageShsOutDil": 1968882000,
    "link": "https://www.sec.gov/Archives/edgar/data/1543151/000154315122000024/0001543151-22-000024-index.htm",
    "finalLink": "https://www.sec.gov/Archives/edgar/data/1543151/000154315122000024/uber-20220630.htm"
  },
  {
    "date": "2022-03-31",
    "symbol": "UBER",
    "reportedCurrency": "USD",
    "cik": "0001543151",
    "fillingDate": "2022-05-05",
    "acceptedDate": "2022-05-05 16:07:20",
    "calendarYear": "2022",
    "period": "Q1",
    "revenue": 6854000000,
    "costOfRevenue": 4026000000,
    "grossProfit": 2828000000,
    "grossProfitRatio": 0.4126057776,
    "researchAndDevelopmentExpenses": 587000000,
    "generalAndAdministrativeExpenses": 632000000,
    "sellingAndMarketingExpenses": 1263000000,
    "sellingGeneralAndAdministrativeExpenses": 1895000000,
    "otherExpenses": 828000000,
    "operatingExpenses": 3310000000,
    "costAndExpenses": 7336000000,
    "interestIncome": 11000000,
    "interestExpense": 129000000,
    "depreciationAndAmortization": 258000000,
    "ebitda": -5785000000,
    "ebitdaratio": -0.8440326816,
    "operatingIncome": -482000000,
    "operatingIncomeRatio": -0.0703238985,
    "totalOtherIncomeExpensesNet": -5668000000,
    "incomeBeforeTax": -6150000000,
    "incomeBeforeTaxRatio": -0.8972862562,
    "incomeTaxExpense": -232000000,
    "netIncome": -5936000000,
    "netIncomeRatio": -0.8660636125,
    "eps": -3.04,
    "epsdiluted": -3.03,
    "weightedAverageShsOut": 1953989000,
    "weightedAverageShsOutDil": 1957731000,
    "link": "https://www.sec.gov/Archives/edgar/data/1543151/000154315122000015/0001543151-22-000015-index.htm",
    "finalLink": "https://www.sec.gov/Archives/edgar/data/1543151/000154315122000015/uber-20220331.htm"
  },
  {
    "date": "2021-12-31",
    "symbol": "UBER",
    "reportedCurrency": "USD",
    "cik": "0001543151",
    "fillingDate": "2022-02-24",
    "acceptedDate": "2022-02-24 16:33:34",
    "calendarYear": "2021",
    "period": "Q4",
    "revenue": 5778000000,
    "costOfRevenue": 3104000000,
    "grossProfit": 2674000000,
    "grossProfitRatio": 0.4627898927,
    "researchAndDevelopmentExpenses": 558000000,
    "generalAndAdministrativeExpenses": 611000000,
    "sellingAndMarketingExpenses": 1262000000,
    "sellingGeneralAndAdministrativeExpenses": 1873000000,
    "otherExpenses": 793000000,
    "operatingExpenses": 3224000000,
    "costAndExpenses": 6328000000,
    "interestIncome": 9000000,
    "interestExpense": 130000000,
    "depreciationAndAmortization": 246000000,
    "ebitda": 1167000000,
    "ebitdaratio": 0.201973001,
    "operatingIncome": -550000000,
    "operatingIncomeRatio": -0.0951886466,
    "totalOtherIncomeExpensesNet": 1332000000,
    "incomeBeforeTax": 782000000,
    "incomeBeforeTaxRatio": 0.1353409484,
    "incomeTaxExpense": -97000000,
    "netIncome": 892000000,
    "netIncomeRatio": 0.1543786777,
    "eps": 0.46,
    "epsdiluted": 0.44,
    "weightedAverageShsOut": 1936736000,
    "weightedAverageShsOutDil": 2005591000,
    "link": "https://www.sec.gov/Archives/edgar/data/1543151/000154315122000008/0001543151-22-000008-index.htm",
    "finalLink": "https://www.sec.gov/Archives/edgar/data/1543151/000154315122000008/uber-20211231.htm"
  },
  {
    "date": "2021-09-30",
    "symbol": "UBER",
    "reportedCurrency": "USD",
    "cik": "0001543151",
    "fillingDate": "2021-11-09",
    "acceptedDate": "2021-11-09 15:17:43",
    "calendarYear": "2021",
    "period": "Q3",
    "revenue": 4845000000,
    "costOfRevenue": 2438000000,
    "grossProfit": 2407000000,
    "grossProfitRatio": 0.4968008256,
    "researchAndDevelopmentExpenses": 493000000,
    "generalAndAdministrativeExpenses": 625000000,
    "sellingAndMarketingExpenses": 1168000000,
    "sellingGeneralAndAdministrativeExpenses": 1793000000,
    "otherExpenses": 693000000,
    "operatingExpenses": 2979000000,
    "costAndExpenses": 5417000000,
    "interestIncome": 10000000,
    "interestExpense": 123000000,
    "depreciationAndAmortization": 218000000,
    "ebitda": -2186000000,
    "ebitdaratio": -0.4511867905,
    "operatingIncome": -572000000,
    "operatingIncomeRatio": -0.1180598555,
    "totalOtherIncomeExpensesNet": -1968000000,
    "incomeBeforeTax": -2540000000,
    "incomeBeforeTaxRatio": -0.524251806,
    "incomeTaxExpense": -101000000,
    "netIncome": -2424000000,
    "netIncomeRatio": -0.5003095975,
    "eps": -1.28,
    "epsdiluted": -1.28,
    "weightedAverageShsOut": 1893750000,
    "weightedAverageShsOutDil": 1898954000,
    "link": "https://www.sec.gov/Archives/edgar/data/1543151/000154315121000047/0001543151-21-000047-index.htm",
    "finalLink": "https://www.sec.gov/Archives/edgar/data/1543151/000154315121000047/uber-20210930.htm"
  },
  {
    "date": "2021-06-30",
    "symbol": "UBER",
    "reportedCurrency": "USD",
    "cik": "0001543151",
    "fillingDate": "2021-08-05",
    "acceptedDate": "2021-08-05 16:12:54",
    "calendarYear": "2021",
    "period": "Q2",
    "revenue": 3929000000,
    "costOfRevenue": 2099000000,
    "grossProfit": 1830000000,
    "grossProfitRatio": 0.4657673708,
    "researchAndDevelopmentExpenses": 488000000,
    "generalAndAdministrativeExpenses": 616000000,
    "sellingAndMarketingExpenses": 1256000000,
    "sellingGeneralAndAdministrativeExpenses": 1872000000,
    "otherExpenses": 658000000,
    "operatingExpenses": 3018000000,
    "costAndExpenses": 5117000000,
    "interestIncome": 13000000,
    "interestExpense": 115000000,
    "depreciationAndAmortization": 226000000,
    "ebitda": 981000000,
    "ebitdaratio": 0.2496818529,
    "operatingIncome": -1188000000,
    "operatingIncomeRatio": -0.3023670145,
    "totalOtherIncomeExpensesNet": 1821000000,
    "incomeBeforeTax": 633000000,
    "incomeBeforeTaxRatio": 0.1611096971,
    "incomeTaxExpense": -479000000,
    "netIncome": 1144000000,
    "netIncomeRatio": 0.2911682362,
    "eps": 0.61,
    "epsdiluted": 0.58,
    "weightedAverageShsOut": 1875156000,
    "weightedAverageShsOutDil": 1955975000,
    "link": "https://www.sec.gov/Archives/edgar/data/1543151/000154315121000038/0001543151-21-000038-index.htm",
    "finalLink": "https://www.sec.gov/Archives/edgar/data/1543151/000154315121000038/uber-20210630.htm"
  },
  {
    "date": "2021-03-31",
    "symbol": "UBER",
    "reportedCurrency": "USD",
    "cik": "0001543151",
    "fillingDate": "2021-05-06",
    "acceptedDate": "2021-05-06 16:23:37",
    "calendarYear": "2021",
    "period": "Q1",
    "revenue": 2903000000,
    "costOfRevenue": 1710000000,
    "grossProfit": 1193000000,
    "grossProfitRatio": 0.4109541853,
    "researchAndDevelopmentExpenses": 515000000,
    "generalAndAdministrativeExpenses": 464000000,
    "sellingAndMarketingExpenses": 1103000000,
    "sellingGeneralAndAdministrativeExpenses": 1567000000,
    "otherExpenses": 635000000,
    "operatingExpenses": 2717000000,
    "costAndExpenses": 4427000000,
    "interestIncome": 5000000,
    "interestExpense": 115000000,
    "depreciationAndAmortization": 212000000,
    "ebitda": 398000000,
    "ebitdaratio": 0.1370995522,
    "operatingIncome": -1524000000,
    "operatingIncomeRatio": -0.5249741647,
    "totalOtherIncomeExpensesNet": 1587000000,
    "incomeBeforeTax": 63000000,
    "incomeBeforeTaxRatio": 0.0217016879,
    "incomeTaxExpense": 185000000,
    "netIncome": -108000000,
    "netIncomeRatio": -0.0372028936,
    "eps": -0.06,
    "epsdiluted": -0.0581,
    "weightedAverageShsOut": 1800000000,
    "weightedAverageShsOutDil": 1858525000,
    "link": "https://www.sec.gov/Archives/edgar/data/1543151/000154315121000029/0001543151-21-000029-index.htm",
    "finalLink": "https://www.sec.gov/Archives/edgar/data/1543151/000154315121000029/uber-20210331.htm"
  },
  {
    "date": "2020-12-31",
    "symbol": "UBER",
    "reportedCurrency": "USD",
    "cik": "0001543151",
    "fillingDate": "2021-03-01",
    "acceptedDate": "2021-03-01 08:06:48",
    "calendarYear": "2020",
    "period": "Q4",
    "revenue": 3165000000,
    "costOfRevenue": 1638000000,
    "grossProfit": 1527000000,
    "grossProfitRatio": 0.482464455,
    "researchAndDevelopmentExpenses": 538000000,
    "generalAndAdministrativeExpenses": 254000000,
    "sellingAndMarketingExpenses": 1017000000,
    "sellingGeneralAndAdministrativeExpenses": 1271000000,
    "otherExpenses": 595000000,
    "operatingExpenses": 2404000000,
    "costAndExpenses": 4042000000,
    "interestIncome": 4000000,
    "interestExpense": 118000000,
    "depreciationAndAmortization": 180000000,
    "ebitda": -634000000,
    "ebitdaratio": -0.2003159558,
    "operatingIncome": -877000000,
    "operatingIncomeRatio": -0.277093207,
    "totalOtherIncomeExpensesNet": -62000000,
    "incomeBeforeTax": -939000000,
    "incomeBeforeTaxRatio": -0.2966824645,
    "incomeTaxExpense": 23000000,
    "netIncome": -968000000,
    "netIncomeRatio": -0.3058451817,
    "eps": -0.54,
    "epsdiluted": -0.54,
    "weightedAverageShsOut": 1784007997,
    "weightedAverageShsOutDil": 1793084000,
    "link": "https://www.sec.gov/Archives/edgar/data/1543151/000154315121000014/0001543151-21-000014-index.htm",
    "finalLink": "https://www.sec.gov/Archives/edgar/data/1543151/000154315121000014/uber-20201231.htm"
  },
  {
    "date": "2020-09-30",
    "symbol": "UBER",
    "reportedCurrency": "USD",
    "cik": "0001543151",
    "fillingDate": "2020-11-06",
    "acceptedDate": "2020-11-06 16:07:46",
    "calendarYear": "2020",
    "period": "Q3",
    "revenue": 2813000000,
    "costOfRevenue": 1663000000,
    "grossProfit": 1150000000,
    "grossProfitRatio": 0.4088162105,
    "researchAndDevelopmentExpenses": 493000000,
    "generalAndAdministrativeExpenses": 711000000,
    "sellingAndMarketingExpenses": 924000000,
    "sellingGeneralAndAdministrativeExpenses": 1635000000,
    "otherExpenses": 138000000,
    "operatingExpenses": 2266000000,
    "costAndExpenses": 3929000000,
    "interestIncome": 7000000,
    "interestExpense": 112000000,
    "depreciationAndAmortization": 138000000,
    "ebitda": -827000000,
    "ebitdaratio": -0.2939921792,
    "operatingIncome": -1116000000,
    "operatingIncomeRatio": -0.3967294703,
    "totalOtherIncomeExpensesNet": 31000000,
    "incomeBeforeTax": -1085000000,
    "incomeBeforeTaxRatio": -0.3857092073,
    "incomeTaxExpense": 23000000,
    "netIncome": -1089000000,
    "netIncomeRatio": -0.3871311767,
    "eps": -0.62,
    "epsdiluted": -0.62,
    "weightedAverageShsOut": 1755029000,
    "weightedAverageShsOutDil": 1755029000,
    "link": "https://www.sec.gov/Archives/edgar/data/1543151/000162828020015936/0001628280-20-015936-index.htm",
    "finalLink": "https://www.sec.gov/Archives/edgar/data/1543151/000162828020015936/uber-20200930.htm"
  },
  {
    "date": "2020-06-30",
    "symbol": "UBER",
    "reportedCurrency": "USD",
    "cik": "0001543151",
    "fillingDate": "2020-08-07",
    "acceptedDate": "2020-08-07 16:29:33",
    "calendarYear": "2020",
    "period": "Q2",
    "revenue": 1913000000,
    "costOfRevenue": 1319000000,
    "grossProfit": 594000000,
    "grossProfitRatio": 0.310507057,
    "researchAndDevelopmentExpenses": 584000000,
    "generalAndAdministrativeExpenses": 546000000,
    "sellingAndMarketingExpenses": 736000000,
    "sellingGeneralAndAdministrativeExpenses": 1282000000,
    "otherExpenses": 335000000,
    "operatingExpenses": 2201000000,
    "costAndExpenses": 3520000000,
    "interestIncome": 6000000,
    "interestExpense": 110000000,
    "depreciationAndAmortization": 129000000,
    "ebitda": -1522000000,
    "ebitdaratio": -0.7956089911,
    "operatingIncome": -1607000000,
    "operatingIncomeRatio": -0.8400418191,
    "totalOtherIncomeExpensesNet": -161000000,
    "incomeBeforeTax": -1768000000,
    "incomeBeforeTaxRatio": -0.9242028228,
    "incomeTaxExpense": 4000000,
    "netIncome": -1775000000,
    "netIncomeRatio": -0.9278619969,
    "eps": -1.02,
    "epsdiluted": -1.02,
    "weightedAverageShsOut": 1738897000,
    "weightedAverageShsOutDil": 1738897000,
    "link": "https://www.sec.gov/Archives/edgar/data/1543151/000154315120000029/0001543151-20-000029-index.htm",
    "finalLink": "https://www.sec.gov/Archives/edgar/data/1543151/000154315120000029/uber-20200630.htm"
  },
  {
    "date": "2020-03-31",
    "symbol": "UBER",
    "reportedCurrency": "USD",
    "cik": "0001543151",
    "fillingDate": "2020-05-08",
    "acceptedDate": "2020-05-08 16:56:27",
    "calendarYear": "2020",
    "period": "Q1",
    "revenue": 3248000000,
    "costOfRevenue": 1994000000,
    "grossProfit": 1254000000,
    "grossProfitRatio": 0.3860837438,
    "researchAndDevelopmentExpenses": 645000000,
    "generalAndAdministrativeExpenses": 666000000,
    "sellingAndMarketingExpenses": 885000000,
    "sellingGeneralAndAdministrativeExpenses": 1551000000,
    "otherExpenses": 321000000,
    "operatingExpenses": 2517000000,
    "costAndExpenses": 4511000000,
    "interestIncome": 38000000,
    "interestExpense": 118000000,
    "depreciationAndAmortization": 128000000,
    "ebitda": -2930000000,
    "ebitdaratio": -0.9020935961,
    "operatingIncome": -1263000000,
    "operatingIncomeRatio": -0.3888546798,
    "totalOtherIncomeExpensesNet": -1925000000,
    "incomeBeforeTax": -3188000000,
    "incomeBeforeTaxRatio": -0.9815270936,
    "incomeTaxExpense": -242000000,
    "netIncome": -2936000000,
    "netIncomeRatio": -0.9039408867,
    "eps": -1.7,
    "epsdiluted": -1.7,
    "weightedAverageShsOut": 1724367000,
    "weightedAverageShsOutDil": 1724367000,
    "link": "https://www.sec.gov/Archives/edgar/data/1543151/000154315120000022/0001543151-20-000022-index.htm",
    "finalLink": "https://www.sec.gov/Archives/edgar/data/1543151/000154315120000022/fy2020q1financialstate.htm"
  },
  {
    "date": "2019-12-31",
    "symbol": "UBER",
    "reportedCurrency": "USD",
    "cik": "0001543151",
    "fillingDate": "2020-03-02",
    "acceptedDate": "2020-03-02 16:12:35",
    "calendarYear": "2019",
    "period": "Q4",
    "revenue": 4069000000,
    "costOfRevenue": 1927000000,
    "grossProfit": 2142000000,
    "grossProfitRatio": 0.5264192676,
    "researchAndDevelopmentExpenses": 608000000,
    "generalAndAdministrativeExpenses": 647000000,
    "sellingAndMarketingExpenses": 1251000000,
    "sellingGeneralAndAdministrativeExpenses": 1898000000,
    "otherExpenses": 607000000,
    "operatingExpenses": 3113000000,
    "costAndExpenses": 5040000000,
    "interestIncome": 50000000,
    "interestExpense": 101000000,
    "depreciationAndAmortization": 101000000,
    "ebitda": -855000000,
    "ebitdaratio": -0.2101253379,
    "operatingIncome": -971000000,
    "operatingIncomeRatio": -0.2386335709,
    "totalOtherIncomeExpensesNet": -95000000,
    "incomeBeforeTax": -1066000000,
    "incomeBeforeTaxRatio": -0.2619808307,
    "incomeTaxExpense": 25000000,
    "netIncome": -1096000000,
    "netIncomeRatio": -0.2693536495,
    "eps": -0.64,
    "epsdiluted": -0.64,
    "weightedAverageShsOut": 1710260000,
    "weightedAverageShsOutDil": 1710260000,
    "link": "https://www.sec.gov/Archives/edgar/data/1543151/000154315120000010/0001543151-20-000010-index.htm",
    "finalLink": "https://www.sec.gov/Archives/edgar/data/1543151/000154315120000010/fy2019q410kfinancialst.htm"
  },
  {
    "date": "2019-09-30",
    "symbol": "UBER",
    "reportedCurrency": "USD",
    "cik": "0001543151",
    "fillingDate": "2019-11-05",
    "acceptedDate": "2019-11-05 16:58:34",
    "calendarYear": "2019",
    "period": "Q3",
    "revenue": 3813000000,
    "costOfRevenue": 1860000000,
    "grossProfit": 1953000000,
    "grossProfitRatio": 0.512195122,
    "researchAndDevelopmentExpenses": 755000000,
    "generalAndAdministrativeExpenses": 591000000,
    "sellingAndMarketingExpenses": 1113000000,
    "sellingGeneralAndAdministrativeExpenses": 1704000000,
    "otherExpenses": 600000000,
    "operatingExpenses": 3059000000,
    "costAndExpenses": 4919000000,
    "interestIncome": 76000000,
    "interestExpense": 90000000,
    "depreciationAndAmortization": 102000000,
    "ebitda": -955000000,
    "ebitdaratio": -0.2504589562,
    "operatingIncome": -1106000000,
    "operatingIncomeRatio": -0.29006032,
    "totalOtherIncomeExpensesNet": -50000000,
    "incomeBeforeTax": -1156000000,
    "incomeBeforeTaxRatio": -0.3031733543,
    "incomeTaxExpense": 3000000,
    "netIncome": -1162000000,
    "netIncomeRatio": -0.3047469184,
    "eps": -0.68,
    "epsdiluted": -0.68,
    "weightedAverageShsOut": 1700213000,
    "weightedAverageShsOutDil": 1700213000,
    "link": "https://www.sec.gov/Archives/edgar/data/1543151/000154315119000017/0001543151-19-000017-index.htm",
    "finalLink": "https://www.sec.gov/Archives/edgar/data/1543151/000154315119000017/fy2019q3financialstate.htm"
  },
  {
    "date": "2019-06-30",
    "symbol": "UBER",
    "reportedCurrency": "USD",
    "cik": "0001543151",
    "fillingDate": "2019-08-09",
    "acceptedDate": "2019-08-09 16:21:21",
    "calendarYear": "2019",
    "period": "Q2",
    "revenue": 3166000000,
    "costOfRevenue": 1740000000,
    "grossProfit": 1426000000,
    "grossProfitRatio": 0.4504106128,
    "researchAndDevelopmentExpenses": 3064000000,
    "generalAndAdministrativeExpenses": 1638000000,
    "sellingAndMarketingExpenses": 1222000000,
    "sellingGeneralAndAdministrativeExpenses": 2860000000,
    "otherExpenses": 987000000,
    "operatingExpenses": 6911000000,
    "costAndExpenses": 8651000000,
    "interestIncome": 64000000,
    "interestExpense": 151000000,
    "depreciationAndAmortization": 123000000,
    "ebitda": -4964000000,
    "ebitdaratio": -1.5679090335,
    "operatingIncome": -5485000000,
    "operatingIncomeRatio": -1.7324699937,
    "totalOtherIncomeExpensesNet": 237000000,
    "incomeBeforeTax": -5248000000,
    "incomeBeforeTaxRatio": -1.6576121289,
    "incomeTaxExpense": -2000000,
    "netIncome": -5236000000,
    "netIncomeRatio": -1.6538218572,
    "eps": -4.71,
    "epsdiluted": -4.71,
    "weightedAverageShsOut": 1109322033,
    "weightedAverageShsOutDil": 1110704000,
    "link": "https://www.sec.gov/Archives/edgar/data/1543151/000154315119000009/0001543151-19-000009-index.htm",
    "finalLink": "https://www.sec.gov/Archives/edgar/data/1543151/000154315119000009/fy2019q2financialstate.htm"
  },
  {
    "date": "2019-03-31",
    "symbol": "UBER",
    "reportedCurrency": "USD",
    "cik": "0001543151",
    "fillingDate": "2019-06-04",
    "acceptedDate": "2019-06-03 20:32:11",
    "calendarYear": "2019",
    "period": "Q1",
    "revenue": 3099000000,
    "costOfRevenue": 1681000000,
    "grossProfit": 1418000000,
    "grossProfitRatio": 0.4575669571,
    "researchAndDevelopmentExpenses": 409000000,
    "generalAndAdministrativeExpenses": 423000000,
    "sellingAndMarketingExpenses": 1040000000,
    "sellingGeneralAndAdministrativeExpenses": 1463000000,
    "otherExpenses": 580000000,
    "operatingExpenses": 2452000000,
    "costAndExpenses": 4133000000,
    "interestIncome": 44000000,
    "interestExpense": 217000000,
    "depreciationAndAmortization": 146000000,
    "ebitda": -628000000,
    "ebitdaratio": -0.2026460148,
    "operatingIncome": -1034000000,
    "operatingIncomeRatio": -0.3336560181,
    "totalOtherIncomeExpensesNet": 37000000,
    "incomeBeforeTax": -997000000,
    "incomeBeforeTaxRatio": -0.3217166828,
    "incomeTaxExpense": 19000000,
    "netIncome": -1012000000,
    "netIncomeRatio": -0.3265569539,
    "eps": -0.6,
    "epsdiluted": -0.61,
    "weightedAverageShsOut": 1676959021,
    "weightedAverageShsOutDil": 1676959021,
    "link": "https://www.sec.gov/Archives/edgar/data/1543151/000162828019007524/0001628280-19-007524-index.htm",
    "finalLink": "https://www.sec.gov/Archives/edgar/data/1543151/000162828019007524/fy2019q1financialstate.htm"
  },
  {
    "date": "2018-12-31",
    "symbol": "UBER",
    "reportedCurrency": "USD",
    "cik": "0001543151",
    "fillingDate": "2018-12-31",
    "acceptedDate": "2018-12-30 19:00:00",
    "calendarYear": "2018",
    "period": "Q4",
    "revenue": 2974000000,
    "costOfRevenue": 1615000000,
    "grossProfit": 1359000000,
    "grossProfitRatio": 0.4569603228,
    "researchAndDevelopmentExpenses": 366000000,
    "generalAndAdministrativeExpenses": 555000000,
    "sellingAndMarketingExpenses": 974000000,
    "sellingGeneralAndAdministrativeExpenses": 1529000000,
    "otherExpenses": 517000000,
    "operatingExpenses": 2412000000,
    "costAndExpenses": 4027000000,
    "interestIncome": 35000000,
    "interestExpense": 195000000,
    "depreciationAndAmortization": 109000000,
    "ebitda": -897000000,
    "ebitdaratio": -0.3016139879,
    "operatingIncome": -1053000000,
    "operatingIncomeRatio": -0.3540685945,
    "totalOtherIncomeExpensesNet": -158000000,
    "incomeBeforeTax": -1211000000,
    "incomeBeforeTaxRatio": -0.407195696,
    "incomeTaxExpense": -322000000,
    "netIncome": -887000000,
    "netIncomeRatio": -0.2982515131,
    "eps": -0.53,
    "epsdiluted": -0.53,
    "weightedAverageShsOut": 1676959021,
    "weightedAverageShsOutDil": 1676959021,
    "link": "",
    "finalLink": ""
  },
  {
    "date": "2018-09-30",
    "symbol": "UBER",
    "reportedCurrency": "USD",
    "cik": "0001543151",
    "fillingDate": "2018-09-30",
    "acceptedDate": "2018-09-29 20:00:00",
    "calendarYear": "2018",
    "period": "Q3",
    "revenue": 2944000000,
    "costOfRevenue": 1510000000,
    "grossProfit": 1434000000,
    "grossProfitRatio": 0.4870923913,
    "researchAndDevelopmentExpenses": 434000000,
    "generalAndAdministrativeExpenses": 460000000,
    "sellingAndMarketingExpenses": 785000000,
    "sellingGeneralAndAdministrativeExpenses": 1245000000,
    "otherExpenses": 518000000,
    "operatingExpenses": 2197000000,
    "costAndExpenses": 3707000000,
    "interestIncome": 27000000,
    "interestExpense": 161000000,
    "depreciationAndAmortization": 131000000,
    "ebitda": -686000000,
    "ebitdaratio": -0.2330163043,
    "operatingIncome": -763000000,
    "operatingIncomeRatio": -0.2591711957,
    "totalOtherIncomeExpensesNet": -230000000,
    "incomeBeforeTax": -993000000,
    "incomeBeforeTaxRatio": -0.3372961957,
    "incomeTaxExpense": 1000000,
    "netIncome": -986000000,
    "netIncomeRatio": -0.3349184783,
    "eps": -0.58,
    "epsdiluted": -0.58,
    "weightedAverageShsOut": 1700213000,
    "weightedAverageShsOutDil": 1700213000,
    "link": "",
    "finalLink": ""
  },
  {
    "date": "2018-06-30",
    "symbol": "UBER",
    "reportedCurrency": "USD",
    "cik": "0001543151",
    "fillingDate": "2018-06-30",
    "acceptedDate": "2018-06-29 20:00:00",
    "calendarYear": "2018",
    "period": "Q2",
    "revenue": 2768000000,
    "costOfRevenue": 1342000000,
    "grossProfit": 1426000000,
    "grossProfitRatio": 0.5151734104,
    "researchAndDevelopmentExpenses": 365000000,
    "generalAndAdministrativeExpenses": 638000000,
    "sellingAndMarketingExpenses": 715000000,
    "sellingGeneralAndAdministrativeExpenses": 1353000000,
    "otherExpenses": 447000000,
    "operatingExpenses": 2165000000,
    "costAndExpenses": 3507000000,
    "interestIncome": 24000000,
    "interestExpense": 160000000,
    "depreciationAndAmortization": 98000000,
    "ebitda": -578000000,
    "ebitdaratio": -0.2088150289,
    "operatingIncome": -739000000,
    "operatingIncomeRatio": -0.2669797688,
    "totalOtherIncomeExpensesNet": -111000000,
    "incomeBeforeTax": -850000000,
    "incomeBeforeTaxRatio": -0.3070809249,
    "incomeTaxExpense": 28000000,
    "netIncome": -878000000,
    "netIncomeRatio": -0.3171965318,
    "eps": -0.52,
    "epsdiluted": -0.52,
    "weightedAverageShsOut": 1700213000,
    "weightedAverageShsOutDil": 1700213000,
    "link": "",
    "finalLink": ""
  },
  {
    "date": "2018-03-31",
    "symbol": "UBER",
    "reportedCurrency": "USD",
    "cik": "0001543151",
    "fillingDate": "2018-03-31",
    "acceptedDate": "2018-03-31 00:00:00",
    "calendarYear": "2018",
    "period": "Q1",
    "revenue": 2584000000,
    "costOfRevenue": 1156000000,
    "grossProfit": 1428000000,
    "grossProfitRatio": 0.5526315789,
    "researchAndDevelopmentExpenses": 340000000,
    "generalAndAdministrativeExpenses": 429000000,
    "sellingAndMarketingExpenses": 677000000,
    "sellingGeneralAndAdministrativeExpenses": 1106000000,
    "otherExpenses": 460000000,
    "operatingExpenses": 1906000000,
    "costAndExpenses": 3062000000,
    "interestIncome": 18000000,
    "interestExpense": 132000000,
    "depreciationAndAmortization": 88000000,
    "ebitda": 4547000000,
    "ebitdaratio": 1.7596749226,
    "operatingIncome": -478000000,
    "operatingIncomeRatio": -0.1849845201,
    "totalOtherIncomeExpensesNet": 4802000000,
    "incomeBeforeTax": 4324000000,
    "incomeBeforeTaxRatio": 1.673374613,
    "incomeTaxExpense": 576000000,
    "netIncome": 3748000000,
    "netIncomeRatio": 1.4504643963,
    "eps": 0.52,
    "epsdiluted": 0.52,
    "weightedAverageShsOut": 1700213000,
    "weightedAverageShsOutDil": 1700213000,
    "link": null,
    "finalLink": null
  },
  {
    "date": "2017-12-31",
    "symbol": "UBER",
    "reportedCurrency": "USD",
    "cik": "0001543151",
    "fillingDate": "2017-12-31",
    "acceptedDate": "2017-12-30 19:00:00",
    "calendarYear": "2017",
    "period": "Q4",
    "revenue": 2441000000,
    "costOfRevenue": 1686000000,
    "grossProfit": 755000000,
    "grossProfitRatio": 0.3092994674,
    "researchAndDevelopmentExpenses": 320000000,
    "generalAndAdministrativeExpenses": 0,
    "sellingAndMarketingExpenses": 0,
    "sellingGeneralAndAdministrativeExpenses": 1632000000,
    "otherExpenses": 0,
    "operatingExpenses": 1952000000,
    "costAndExpenses": 3638000000,
    "interestIncome": 0,
    "interestExpense": 132000000,
    "depreciationAndAmortization": 120000000,
    "ebitda": -1046000000,
    "ebitdaratio": -0.4285129045,
    "operatingIncome": -1197000000,
    "operatingIncomeRatio": -0.490372798,
    "totalOtherIncomeExpensesNet": -101000000,
    "incomeBeforeTax": -1298000000,
    "incomeBeforeTaxRatio": -0.5317492831,
    "incomeTaxExpense": -655000000,
    "netIncome": -643000000,
    "netIncomeRatio": -0.2634166325,
    "eps": -0.38,
    "epsdiluted": -0.38,
    "weightedAverageShsOut": 1682521965,
    "weightedAverageShsOutDil": 1682521965,
    "link": null,
    "finalLink": null
  },
  {
    "date": "2017-09-30",
    "symbol": "UBER",
    "reportedCurrency": "USD",
    "cik": "0001543151",
    "fillingDate": "2017-09-30",
    "acceptedDate": "2017-09-29 20:00:00",
    "calendarYear": "2017",
    "period": "Q3",
    "revenue": 2149000000,
    "costOfRevenue": 1688000000,
    "grossProfit": 461000000,
    "grossProfitRatio": 0.2145183806,
    "researchAndDevelopmentExpenses": 307000000,
    "generalAndAdministrativeExpenses": 0,
    "sellingAndMarketingExpenses": 0,
    "sellingGeneralAndAdministrativeExpenses": 1309000000,
    "otherExpenses": 0,
    "operatingExpenses": 1616000000,
    "costAndExpenses": 3304000000,
    "interestIncome": 0,
    "interestExpense": 123000000,
    "depreciationAndAmortization": 140000000,
    "ebitda": -1110000000,
    "ebitdaratio": -0.5165193113,
    "operatingIncome": -1155000000,
    "operatingIncomeRatio": -0.5374592834,
    "totalOtherIncomeExpensesNet": -218000000,
    "incomeBeforeTax": -1373000000,
    "incomeBeforeTaxRatio": -0.6389018148,
    "incomeTaxExpense": 40000000,
    "netIncome": -1413000000,
    "netIncomeRatio": -0.6575151233,
    "eps": -0.84,
    "epsdiluted": -0.84,
    "weightedAverageShsOut": 1682521965,
    "weightedAverageShsOutDil": 1682521965,
    "link": null,
    "finalLink": null
  },
  {
    "date": "2017-06-30",
    "symbol": "UBER",
    "reportedCurrency": "USD",
    "cik": "0001543151",
    "fillingDate": "2017-06-30",
    "acceptedDate": "2017-06-29 20:00:00",
    "calendarYear": "2017",
    "period": "Q2",
    "revenue": 1813000000,
    "costOfRevenue": 1408000000,
    "grossProfit": 405000000,
    "grossProfitRatio": 0.223386652,
    "researchAndDevelopmentExpenses": 304000000,
    "generalAndAdministrativeExpenses": 0,
    "sellingAndMarketingExpenses": 0,
    "sellingGeneralAndAdministrativeExpenses": 1011000000,
    "otherExpenses": 0,
    "operatingExpenses": 1315000000,
    "costAndExpenses": 2723000000,
    "interestIncome": 0,
    "interestExpense": 115000000,
    "depreciationAndAmortization": 129000000,
    "ebitda": -769000000,
    "ebitdaratio": -0.4241588527,
    "operatingIncome": -910000000,
    "operatingIncomeRatio": -0.5019305019,
    "totalOtherIncomeExpensesNet": -103000000,
    "incomeBeforeTax": -1013000000,
    "incomeBeforeTaxRatio": -0.5587424159,
    "incomeTaxExpense": 37000000,
    "netIncome": -1050000000,
    "netIncomeRatio": -0.5791505792,
    "eps": -0.62,
    "epsdiluted": -0.62,
    "weightedAverageShsOut": 1682521965,
    "weightedAverageShsOutDil": 1682521965,
    "link": null,
    "finalLink": null
  },
  {
    "date": "2017-03-31",
    "symbol": "UBER",
    "reportedCurrency": "USD",
    "cik": "0001543151",
    "fillingDate": "2017-03-31",
    "acceptedDate": "2017-03-30 20:00:00",
    "calendarYear": "2017",
    "period": "Q1",
    "revenue": 1529000000,
    "costOfRevenue": 1242000000,
    "grossProfit": 287000000,
    "grossProfitRatio": 0.1877043819,
    "researchAndDevelopmentExpenses": 270000000,
    "generalAndAdministrativeExpenses": 0,
    "sellingAndMarketingExpenses": 0,
    "sellingGeneralAndAdministrativeExpenses": 835000000,
    "otherExpenses": 0,
    "operatingExpenses": 1105000000,
    "costAndExpenses": 2347000000,
    "interestIncome": 0,
    "interestExpense": 109000000,
    "depreciationAndAmortization": 121000000,
    "ebitda": -661000000,
    "ebitdaratio": -0.4323086985,
    "operatingIncome": -818000000,
    "operatingIncomeRatio": -0.5349901897,
    "totalOtherIncomeExpensesNet": -73000000,
    "incomeBeforeTax": -891000000,
    "incomeBeforeTaxRatio": -0.5827338129,
    "incomeTaxExpense": 36000000,
    "netIncome": -927000000,
    "netIncomeRatio": -0.6062786135,
    "eps": -0.55,
    "epsdiluted": -0.55,
    "weightedAverageShsOut": 1682521965,
    "weightedAverageShsOutDil": 1682521965,
    "link": null,
    "finalLink": null
  }
]