[
  {
    "date": "2025-06-30",
    "symbol": "UDR",
    "reportedCurrency": "USD",
    "cik": "0000074208",
    "fillingDate": "2025-07-31",
    "acceptedDate": "2025-07-31 15:56:21",
    "calendarYear": "2025",
    "period": "Q2",
    "revenue": 425399000,
    "costOfRevenue": 309559000,
    "grossProfit": 115840000,
    "grossProfitRatio": 0.2723090557,
    "researchAndDevelopmentExpenses": 0,
    "generalAndAdministrativeExpenses": 19929000,
    "sellingAndMarketingExpenses": 0,
    "sellingGeneralAndAdministrativeExpenses": 19929000,
    "otherExpenses": 18522000,
    "operatingExpenses": 38451000,
    "costAndExpenses": 348010000,
    "interestIncome": 8134000,
    "interestExpense": 48665000,
    "depreciationAndAmortization": 170578000,
    "ebitda": 259730000,
    "ebitdaratio": 0.6105562072,
    "operatingIncome": 77389000,
    "operatingIncomeRatio": 0.181920973,
    "totalOtherIncomeExpensesNet": -36902000,
    "incomeBeforeTax": 40487000,
    "incomeBeforeTaxRatio": 0.0951741777,
    "incomeTaxExpense": 258000,
    "netIncome": 37673000,
    "netIncomeRatio": 0.0885592115,
    "eps": 0.11,
    "epsdiluted": 0.11,
    "weightedAverageShsOut": 330778000,
    "weightedAverageShsOutDil": 331715000,
    "link": "https://www.sec.gov/Archives/edgar/data/74208/000007420825000051/0000074208-25-000051-index.htm",
    "finalLink": "https://www.sec.gov/Archives/edgar/data/74208/000007420825000051/udr-20250630x10q.htm"
  },
  {
    "date": "2025-03-31",
    "symbol": "UDR",
    "reportedCurrency": "USD",
    "cik": "0000074208",
    "fillingDate": "2025-05-01",
    "acceptedDate": "2025-05-01 15:06:08",
    "calendarYear": "2025",
    "period": "Q1",
    "revenue": 421948000,
    "costOfRevenue": 309774000,
    "grossProfit": 112174000,
    "grossProfitRatio": 0.2658479244,
    "researchAndDevelopmentExpenses": 0,
    "generalAndAdministrativeExpenses": 19495000,
    "sellingAndMarketingExpenses": 0,
    "sellingGeneralAndAdministrativeExpenses": 19495000,
    "otherExpenses": -29516000,
    "operatingExpenses": -10021000,
    "costAndExpenses": 299753000,
    "interestIncome": 1921000,
    "interestExpense": 47701000,
    "depreciationAndAmortization": 168461000,
    "ebitda": 298391000,
    "ebitdaratio": 0.7071748178,
    "operatingIncome": 122195000,
    "operatingIncomeRatio": 0.2895972963,
    "totalOtherIncomeExpensesNet": -39966000,
    "incomeBeforeTax": 82229000,
    "incomeBeforeTaxRatio": 0.1948794638,
    "incomeTaxExpense": 158000,
    "netIncome": 76720000,
    "netIncomeRatio": 0.1818233526,
    "eps": 0.23,
    "epsdiluted": 0.23,
    "weightedAverageShsOut": 330628000,
    "weightedAverageShsOutDil": 331717000,
    "link": "https://www.sec.gov/Archives/edgar/data/74208/000007420825000036/0000074208-25-000036-index.htm",
    "finalLink": "https://www.sec.gov/Archives/edgar/data/74208/000007420825000036/udr-20250331x10q.htm"
  },
  {
    "date": "2024-12-31",
    "symbol": "UDR",
    "reportedCurrency": "USD",
    "cik": "0000074208",
    "fillingDate": "2025-02-18",
    "acceptedDate": "2025-02-18 15:30:53",
    "calendarYear": "2024",
    "period": "Q4",
    "revenue": 422728000,
    "costOfRevenue": 308547000,
    "grossProfit": 114181000,
    "grossProfitRatio": 0.2701051267,
    "researchAndDevelopmentExpenses": 0,
    "generalAndAdministrativeExpenses": 25469000,
    "sellingAndMarketingExpenses": 0,
    "sellingGeneralAndAdministrativeExpenses": 25469000,
    "otherExpenses": 22424000,
    "operatingExpenses": 47893000,
    "costAndExpenses": 356440000,
    "interestIncome": 0,
    "interestExpense": 80483000,
    "depreciationAndAmortization": 171827000,
    "ebitda": 228577000,
    "ebitdaratio": 0.5407188547,
    "operatingIncome": 66288000,
    "operatingIncomeRatio": 0.1568100528,
    "totalOtherIncomeExpensesNet": -71499000,
    "incomeBeforeTax": -5211000,
    "incomeBeforeTaxRatio": -0.0123270756,
    "incomeTaxExpense": 312000,
    "netIncome": -5044000,
    "netIncomeRatio": -0.0119320225,
    "eps": -0.0189,
    "epsdiluted": -0.0189,
    "weightedAverageShsOut": 329290000,
    "weightedAverageShsOutDil": 331244000,
    "link": "https://www.sec.gov/Archives/edgar/data/74208/000007420825000010/0000074208-25-000010-index.htm",
    "finalLink": "https://www.sec.gov/Archives/edgar/data/74208/000007420825000010/udr-20241231x10k.htm"
  },
  {
    "date": "2024-09-30",
    "symbol": "UDR",
    "reportedCurrency": "USD",
    "cik": "0000074208",
    "fillingDate": "2024-10-31",
    "acceptedDate": "2024-10-31 15:24:10",
    "calendarYear": "2024",
    "period": "Q3",
    "revenue": 420160000,
    "costOfRevenue": 317530000,
    "grossProfit": 102630000,
    "grossProfitRatio": 0.2442640899,
    "researchAndDevelopmentExpenses": 0,
    "generalAndAdministrativeExpenses": 20890000,
    "sellingAndMarketingExpenses": 0,
    "sellingGeneralAndAdministrativeExpenses": 20890000,
    "otherExpenses": 11884000,
    "operatingExpenses": 32774000,
    "costAndExpenses": 350304000,
    "interestIncome": 6159000,
    "interestExpense": 50214000,
    "depreciationAndAmortization": 174305000,
    "ebitda": 248440000,
    "ebitdaratio": 0.5912985529,
    "operatingIncome": 69856000,
    "operatingIncomeRatio": 0.1662604722,
    "totalOtherIncomeExpensesNet": -45935000,
    "incomeBeforeTax": 23921000,
    "incomeBeforeTaxRatio": 0.0569330731,
    "incomeTaxExpense": -156000,
    "netIncome": 22597000,
    "netIncomeRatio": 0.0537818926,
    "eps": 0.065,
    "epsdiluted": 0.0647,
    "weightedAverageShsOut": 329421000,
    "weightedAverageShsOutDil": 330557000,
    "link": "https://www.sec.gov/Archives/edgar/data/74208/000007420824000081/0000074208-24-000081-index.htm",
    "finalLink": "https://www.sec.gov/Archives/edgar/data/74208/000007420824000081/udr-20240930x10q.htm"
  },
  {
    "date": "2024-06-30",
    "symbol": "UDR",
    "reportedCurrency": "USD",
    "cik": "0000074208",
    "fillingDate": "2024-07-31",
    "acceptedDate": "2024-07-31 15:11:08",
    "calendarYear": "2024",
    "period": "Q2",
    "revenue": 415320000,
    "costOfRevenue": 313248000,
    "grossProfit": 102072000,
    "grossProfitRatio": 0.2457671193,
    "researchAndDevelopmentExpenses": 0,
    "generalAndAdministrativeExpenses": 20136000,
    "sellingAndMarketingExpenses": 0,
    "sellingGeneralAndAdministrativeExpenses": 20136000,
    "otherExpenses": 13270000,
    "operatingExpenses": 33406000,
    "costAndExpenses": 346654000,
    "interestIncome": 6498000,
    "interestExpense": 47811000,
    "depreciationAndAmortization": 175167000,
    "ebitda": 254377000,
    "ebitdaratio": 0.6124843494,
    "operatingIncome": 68666000,
    "operatingIncomeRatio": 0.1653327555,
    "totalOtherIncomeExpensesNet": -37267000,
    "incomeBeforeTax": 31399000,
    "incomeBeforeTaxRatio": 0.0756019455,
    "incomeTaxExpense": 386000,
    "netIncome": 28883000,
    "netIncomeRatio": 0.0695439661,
    "eps": 0.0841,
    "epsdiluted": 0.084,
    "weightedAverageShsOut": 329056000,
    "weightedAverageShsOutDil": 329572000,
    "link": "https://www.sec.gov/Archives/edgar/data/74208/000007420824000060/0000074208-24-000060-index.htm",
    "finalLink": "https://www.sec.gov/Archives/edgar/data/74208/000007420824000060/udr-20240630x10q.htm"
  },
  {
    "date": "2024-03-31",
    "symbol": "UDR",
    "reportedCurrency": "USD",
    "cik": "0000074208",
    "fillingDate": "2024-05-01",
    "acceptedDate": "2024-05-01 13:30:41",
    "calendarYear": "2024",
    "period": "Q1",
    "revenue": 413634000,
    "costOfRevenue": 315510000,
    "grossProfit": 98124000,
    "grossProfitRatio": 0.2372242127,
    "researchAndDevelopmentExpenses": 0,
    "generalAndAdministrativeExpenses": 17810000,
    "sellingAndMarketingExpenses": 0,
    "sellingGeneralAndAdministrativeExpenses": 17810000,
    "otherExpenses": 555000,
    "operatingExpenses": 18365000,
    "costAndExpenses": 333875000,
    "interestIncome": 5865000,
    "interestExpense": 48062000,
    "depreciationAndAmortization": 174174000,
    "ebitda": 268883000,
    "ebitdaratio": 0.6500505278,
    "operatingIncome": 79759000,
    "operatingIncomeRatio": 0.1928250579,
    "totalOtherIncomeExpensesNet": -33112000,
    "incomeBeforeTax": 46647000,
    "incomeBeforeTaxRatio": 0.1127736115,
    "incomeTaxExpense": 337000,
    "netIncome": 43149000,
    "netIncomeRatio": 0.1043168598,
    "eps": 0.13,
    "epsdiluted": 0.13,
    "weightedAverageShsOut": 328823000,
    "weightedAverageShsOutDil": 328954000,
    "link": "https://www.sec.gov/Archives/edgar/data/74208/000007420824000039/0000074208-24-000039-index.htm",
    "finalLink": "https://www.sec.gov/Archives/edgar/data/74208/000007420824000039/udr-20240331x10q.htm"
  },
  {
    "date": "2023-12-31",
    "symbol": "UDR",
    "reportedCurrency": "USD",
    "cik": "0000074208",
    "fillingDate": "2024-02-20",
    "acceptedDate": "2024-02-20 16:11:33",
    "calendarYear": "2023",
    "period": "Q4",
    "revenue": 413273000,
    "costOfRevenue": 311001000,
    "grossProfit": 102272000,
    "grossProfitRatio": 0.2474683805,
    "researchAndDevelopmentExpenses": 0,
    "generalAndAdministrativeExpenses": 20838000,
    "sellingAndMarketingExpenses": 0,
    "sellingGeneralAndAdministrativeExpenses": 20838000,
    "otherExpenses": -12815000,
    "operatingExpenses": 8023000,
    "costAndExpenses": 319024000,
    "interestIncome": 9371000,
    "interestExpense": 47347000,
    "depreciationAndAmortization": 175040000,
    "ebitda": 258441000,
    "ebitdaratio": 0.6253517651,
    "operatingIncome": 94249000,
    "operatingIncomeRatio": 0.2280550629,
    "totalOtherIncomeExpensesNet": -58195000,
    "incomeBeforeTax": 36054000,
    "incomeBeforeTaxRatio": 0.0872401536,
    "incomeTaxExpense": 93000,
    "netIncome": 32986000,
    "netIncomeRatio": 0.0798164893,
    "eps": 0.0967,
    "epsdiluted": 0.0966,
    "weightedAverageShsOut": 328558000,
    "weightedAverageShsOutDil": 328825000,
    "link": "https://www.sec.gov/Archives/edgar/data/74208/000007420824000011/0000074208-24-000011-index.htm",
    "finalLink": "https://www.sec.gov/Archives/edgar/data/74208/000007420824000011/udr-20231231x10k.htm"
  },
  {
    "date": "2023-09-30",
    "symbol": "UDR",
    "reportedCurrency": "USD",
    "cik": "0000074208",
    "fillingDate": "2023-10-27",
    "acceptedDate": "2023-10-27 13:15:10",
    "calendarYear": "2023",
    "period": "Q3",
    "revenue": 410131000,
    "costOfRevenue": 310525000,
    "grossProfit": 99606000,
    "grossProfitRatio": 0.2428638654,
    "researchAndDevelopmentExpenses": 0,
    "generalAndAdministrativeExpenses": 15159000,
    "sellingAndMarketingExpenses": 0,
    "sellingGeneralAndAdministrativeExpenses": 15159000,
    "otherExpenses": 6375000,
    "operatingExpenses": 21534000,
    "costAndExpenses": 332059000,
    "interestIncome": 0,
    "interestExpense": 47733000,
    "depreciationAndAmortization": 171243000,
    "ebitda": 254823000,
    "ebitdaratio": 0.6213209926,
    "operatingIncome": 78072000,
    "operatingIncomeRatio": 0.1903586903,
    "totalOtherIncomeExpensesNet": -42225000,
    "incomeBeforeTax": 35847000,
    "incomeBeforeTaxRatio": 0.0874037807,
    "incomeTaxExpense": 428000,
    "netIncome": 32858000,
    "netIncomeRatio": 0.0801158654,
    "eps": 0.0962,
    "epsdiluted": 0.0961,
    "weightedAverageShsOut": 328760000,
    "weightedAverageShsOutDil": 329201000,
    "link": "https://www.sec.gov/Archives/edgar/data/74208/000007420823000066/0000074208-23-000066-index.htm",
    "finalLink": "https://www.sec.gov/Archives/edgar/data/74208/000007420823000066/udr-20230930x10q.htm"
  },
  {
    "date": "2023-06-30",
    "symbol": "UDR",
    "reportedCurrency": "USD",
    "cik": "0000074208",
    "fillingDate": "2023-07-27",
    "acceptedDate": "2023-07-27 14:28:19",
    "calendarYear": "2023",
    "period": "Q2",
    "revenue": 404548000,
    "costOfRevenue": 308403000,
    "grossProfit": 96145000,
    "grossProfitRatio": 0.2376603024,
    "researchAndDevelopmentExpenses": 0,
    "generalAndAdministrativeExpenses": 16452000,
    "sellingAndMarketingExpenses": 0,
    "sellingGeneralAndAdministrativeExpenses": 16452000,
    "otherExpenses": -316810000,
    "operatingExpenses": -300358000,
    "costAndExpenses": 8045000,
    "interestIncome": 10447000,
    "interestExpense": 45113000,
    "depreciationAndAmortization": 172606000,
    "ebitda": 589253000,
    "ebitdaratio": 1.4565712845,
    "operatingIncome": 396503000,
    "operatingIncomeRatio": 0.9801136083,
    "totalOtherIncomeExpensesNet": -24969000,
    "incomeBeforeTax": 371534000,
    "incomeBeforeTaxRatio": 0.918392873,
    "incomeTaxExpense": 1351000,
    "netIncome": 347545000,
    "netIncomeRatio": 0.8590945945,
    "eps": 1.05,
    "epsdiluted": 1.05,
    "weightedAverageShsOut": 328957000,
    "weightedAverageShsOutDil": 332480000,
    "link": "https://www.sec.gov/Archives/edgar/data/74208/000007420823000056/0000074208-23-000056-index.htm",
    "finalLink": "https://www.sec.gov/Archives/edgar/data/74208/000007420823000056/udr-20230630x10q.htm"
  },
  {
    "date": "2023-03-31",
    "symbol": "UDR",
    "reportedCurrency": "USD",
    "cik": "0000074208",
    "fillingDate": "2023-04-27",
    "acceptedDate": "2023-04-27 13:31:13",
    "calendarYear": "2023",
    "period": "Q1",
    "revenue": 399549000,
    "costOfRevenue": 305049000,
    "grossProfit": 94500000,
    "grossProfitRatio": 0.2365166725,
    "researchAndDevelopmentExpenses": 0,
    "generalAndAdministrativeExpenses": 17480000,
    "sellingAndMarketingExpenses": 0,
    "sellingGeneralAndAdministrativeExpenses": 17480000,
    "otherExpenses": 10836000,
    "operatingExpenses": 28316000,
    "costAndExpenses": 333365000,
    "interestIncome": 1010000,
    "interestExpense": 43742000,
    "depreciationAndAmortization": 172949000,
    "ebitda": 249850000,
    "ebitdaratio": 0.6253300596,
    "operatingIncome": 66184000,
    "operatingIncomeRatio": 0.1656467667,
    "totalOtherIncomeExpensesNet": -33025000,
    "incomeBeforeTax": 33159000,
    "incomeBeforeTaxRatio": 0.0829910724,
    "incomeTaxExpense": 234000,
    "netIncome": 30964000,
    "netIncomeRatio": 0.0774973783,
    "eps": 0.0906,
    "epsdiluted": 0.0904,
    "weightedAverageShsOut": 328789000,
    "weightedAverageShsOutDil": 329421000,
    "link": "https://www.sec.gov/Archives/edgar/data/74208/000007420823000044/0000074208-23-000044-index.htm",
    "finalLink": "https://www.sec.gov/Archives/edgar/data/74208/000007420823000044/udr-20230331x10q.htm"
  },
  {
    "date": "2022-12-31",
    "symbol": "UDR",
    "reportedCurrency": "USD",
    "cik": "0000074208",
    "fillingDate": "2023-02-13",
    "acceptedDate": "2023-02-13 14:59:15",
    "calendarYear": "2022",
    "period": "Q4",
    "revenue": 399656000,
    "costOfRevenue": 301716000,
    "grossProfit": 97940000,
    "grossProfitRatio": 0.2450607522,
    "researchAndDevelopmentExpenses": 0,
    "generalAndAdministrativeExpenses": 16811000,
    "sellingAndMarketingExpenses": 0,
    "sellingGeneralAndAdministrativeExpenses": 16811000,
    "otherExpenses": -8140000,
    "operatingExpenses": 8671000,
    "costAndExpenses": 310387000,
    "interestIncome": 0,
    "interestExpense": 36313000,
    "depreciationAndAmortization": 172064000,
    "ebitda": 255161000,
    "ebitdaratio": 0.6384515683,
    "operatingIncome": 89269000,
    "operatingIncomeRatio": 0.2233645936,
    "totalOtherIncomeExpensesNet": -42485000,
    "incomeBeforeTax": 46784000,
    "incomeBeforeTaxRatio": 0.1170606722,
    "incomeTaxExpense": -683000,
    "netIncome": 44530000,
    "netIncomeRatio": 0.1114208219,
    "eps": 0.13,
    "epsdiluted": 0.13,
    "weightedAverageShsOut": 325509000,
    "weightedAverageShsOutDil": 326093000,
    "link": "https://www.sec.gov/Archives/edgar/data/74208/000007420823000007/0000074208-23-000007-index.htm",
    "finalLink": "https://www.sec.gov/Archives/edgar/data/74208/000007420823000007/udr-20221231x10k.htm"
  },
  {
    "date": "2022-09-30",
    "symbol": "UDR",
    "reportedCurrency": "USD",
    "cik": "0000074208",
    "fillingDate": "2022-10-27",
    "acceptedDate": "2022-10-27 14:17:30",
    "calendarYear": "2022",
    "period": "Q3",
    "revenue": 391297000,
    "costOfRevenue": 304461000,
    "grossProfit": 86836000,
    "grossProfitRatio": 0.2219183894,
    "researchAndDevelopmentExpenses": 0,
    "generalAndAdministrativeExpenses": 15840000,
    "sellingAndMarketingExpenses": 0,
    "sellingGeneralAndAdministrativeExpenses": 15840000,
    "otherExpenses": 8077000,
    "operatingExpenses": 23917000,
    "costAndExpenses": 328378000,
    "interestIncome": 0,
    "interestExpense": 47400000,
    "depreciationAndAmortization": 170211000,
    "ebitda": 243133000,
    "ebitdaratio": 0.6213515565,
    "operatingIncome": 62919000,
    "operatingIncomeRatio": 0.1607960194,
    "totalOtherIncomeExpensesNet": -37397000,
    "incomeBeforeTax": 25522000,
    "incomeBeforeTaxRatio": 0.0652241137,
    "incomeTaxExpense": 377000,
    "netIncome": 23605000,
    "netIncomeRatio": 0.0603250217,
    "eps": 0.0693,
    "epsdiluted": 0.0691,
    "weightedAverageShsOut": 324701000,
    "weightedAverageShsOutDil": 325686000,
    "link": "https://www.sec.gov/Archives/edgar/data/74208/000007420822000068/0000074208-22-000068-index.htm",
    "finalLink": "https://www.sec.gov/Archives/edgar/data/74208/000007420822000068/udr-20220930x10q.htm"
  },
  {
    "date": "2022-06-30",
    "symbol": "UDR",
    "reportedCurrency": "USD",
    "cik": "0000074208",
    "fillingDate": "2022-07-27",
    "acceptedDate": "2022-07-27 14:25:08",
    "calendarYear": "2022",
    "period": "Q2",
    "revenue": 369167000,
    "costOfRevenue": 292729000,
    "grossProfit": 76438000,
    "grossProfitRatio": 0.2070553435,
    "researchAndDevelopmentExpenses": 0,
    "generalAndAdministrativeExpenses": 16585000,
    "sellingAndMarketingExpenses": 0,
    "sellingGeneralAndAdministrativeExpenses": 16585000,
    "otherExpenses": 9117000,
    "operatingExpenses": 25702000,
    "costAndExpenses": 318431000,
    "interestIncome": 3001000,
    "interestExpense": 36832000,
    "depreciationAndAmortization": 170600000,
    "ebitda": 213108000,
    "ebitdaratio": 0.5772671989,
    "operatingIncome": 50736000,
    "operatingIncomeRatio": 0.137433736,
    "totalOtherIncomeExpensesNet": -45060000,
    "incomeBeforeTax": 5676000,
    "incomeBeforeTaxRatio": 0.0153751554,
    "incomeTaxExpense": 312000,
    "netIncome": 5084000,
    "netIncomeRatio": 0.0137715451,
    "eps": 0.01,
    "epsdiluted": 0.01,
    "weightedAverageShsOut": 318351000,
    "weightedAverageShsOutDil": 319572000,
    "link": "https://www.sec.gov/Archives/edgar/data/74208/000007420822000053/0000074208-22-000053-index.htm",
    "finalLink": "https://www.sec.gov/Archives/edgar/data/74208/000007420822000053/udr-20220630x10q.htm"
  },
  {
    "date": "2022-03-31",
    "symbol": "UDR",
    "reportedCurrency": "USD",
    "cik": "0000074208",
    "fillingDate": "2022-04-27",
    "acceptedDate": "2022-04-27 14:28:47",
    "calendarYear": "2022",
    "period": "Q1",
    "revenue": 357266000,
    "costOfRevenue": 287446000,
    "grossProfit": 69820000,
    "grossProfitRatio": 0.1954286162,
    "researchAndDevelopmentExpenses": 0,
    "generalAndAdministrativeExpenses": 14908000,
    "sellingAndMarketingExpenses": 0,
    "sellingGeneralAndAdministrativeExpenses": 14908000,
    "otherExpenses": 7022000,
    "operatingExpenses": 21930000,
    "costAndExpenses": 309376000,
    "interestIncome": 0,
    "interestExpense": 38356000,
    "depreciationAndAmortization": 166697000,
    "ebitda": 219999000,
    "ebitdaratio": 0.6157848774,
    "operatingIncome": 47890000,
    "operatingIncomeRatio": 0.134045781,
    "totalOtherIncomeExpensesNet": -32944000,
    "incomeBeforeTax": 14946000,
    "incomeBeforeTaxRatio": 0.0418343755,
    "incomeTaxExpense": 343000,
    "netIncome": 13705000,
    "netIncomeRatio": 0.0383607732,
    "eps": 0.0431,
    "epsdiluted": 0.0429,
    "weightedAverageShsOut": 318009000,
    "weightedAverageShsOutDil": 319680000,
    "link": "https://www.sec.gov/Archives/edgar/data/74208/000007420822000030/0000074208-22-000030-index.htm",
    "finalLink": "https://www.sec.gov/Archives/edgar/data/74208/000007420822000030/udr-20220331x10q.htm"
  },
  {
    "date": "2021-12-31",
    "symbol": "UDR",
    "reportedCurrency": "USD",
    "cik": "0000074208",
    "fillingDate": "2022-02-15",
    "acceptedDate": "2022-02-15 15:16:13",
    "calendarYear": "2021",
    "period": "Q4",
    "revenue": 348208000,
    "costOfRevenue": 283239000,
    "grossProfit": 64969000,
    "grossProfitRatio": 0.1865810091,
    "researchAndDevelopmentExpenses": 0,
    "generalAndAdministrativeExpenses": 13868000,
    "sellingAndMarketingExpenses": 0,
    "sellingGeneralAndAdministrativeExpenses": 13868000,
    "otherExpenses": -72840000,
    "operatingExpenses": -58972000,
    "costAndExpenses": 224267000,
    "interestIncome": 2254000,
    "interestExpense": 36418000,
    "depreciationAndAmortization": 168468000,
    "ebitda": 331186000,
    "ebitdaratio": 0.9511154253,
    "operatingIncome": 123941000,
    "operatingIncomeRatio": 0.3559395534,
    "totalOtherIncomeExpensesNet": 2359000,
    "incomeBeforeTax": 126300000,
    "incomeBeforeTaxRatio": 0.3627142398,
    "incomeTaxExpense": 156000,
    "netIncome": 117461000,
    "netIncomeRatio": 0.3373299867,
    "eps": 0.38,
    "epsdiluted": 0.37,
    "weightedAverageShsOut": 310201000,
    "weightedAverageShsOutDil": 315833000,
    "link": "https://www.sec.gov/Archives/edgar/data/74208/000007420822000010/0000074208-22-000010-index.htm",
    "finalLink": "https://www.sec.gov/Archives/edgar/data/74208/000007420822000010/udr-20211231x10k.htm"
  },
  {
    "date": "2021-09-30",
    "symbol": "UDR",
    "reportedCurrency": "USD",
    "cik": "0000074208",
    "fillingDate": "2021-10-27",
    "acceptedDate": "2021-10-27 12:41:06",
    "calendarYear": "2021",
    "period": "Q3",
    "revenue": 329770000,
    "costOfRevenue": 271716000,
    "grossProfit": 58054000,
    "grossProfitRatio": 0.1760439094,
    "researchAndDevelopmentExpenses": 0,
    "generalAndAdministrativeExpenses": 15810000,
    "sellingAndMarketingExpenses": 0,
    "sellingGeneralAndAdministrativeExpenses": 15810000,
    "otherExpenses": 9074000,
    "operatingExpenses": 24884000,
    "costAndExpenses": 296600000,
    "interestIncome": 8238000,
    "interestExpense": 36289000,
    "depreciationAndAmortization": 155905000,
    "ebitda": 211763000,
    "ebitdaratio": 0.6421536222,
    "operatingIncome": 33170000,
    "operatingIncomeRatio": 0.1005852564,
    "totalOtherIncomeExpensesNet": -13601000,
    "incomeBeforeTax": 19569000,
    "incomeBeforeTaxRatio": 0.0593413591,
    "incomeTaxExpense": 529000,
    "netIncome": 17731000,
    "netIncomeRatio": 0.0537677775,
    "eps": 0.06,
    "epsdiluted": 0.06,
    "weightedAverageShsOut": 297828000,
    "weightedAverageShsOutDil": 301164000,
    "link": "https://www.sec.gov/Archives/edgar/data/74208/000007420821000108/0000074208-21-000108-index.htm",
    "finalLink": "https://www.sec.gov/Archives/edgar/data/74208/000007420821000108/udr-20210930x10q.htm"
  },
  {
    "date": "2021-06-30",
    "symbol": "UDR",
    "reportedCurrency": "USD",
    "cik": "0000074208",
    "fillingDate": "2021-07-29",
    "acceptedDate": "2021-07-29 14:28:39",
    "calendarYear": "2021",
    "period": "Q2",
    "revenue": 311348000,
    "costOfRevenue": 255922000,
    "grossProfit": 55426000,
    "grossProfitRatio": 0.1780194509,
    "researchAndDevelopmentExpenses": 0,
    "generalAndAdministrativeExpenses": 15127000,
    "sellingAndMarketingExpenses": 0,
    "sellingGeneralAndAdministrativeExpenses": 15127000,
    "otherExpenses": 4512000,
    "operatingExpenses": 19639000,
    "costAndExpenses": 275561000,
    "interestIncome": 2536000,
    "interestExpense": 35404000,
    "depreciationAndAmortization": 148771000,
    "ebitda": 196845000,
    "ebitdaratio": 0.6322346699,
    "operatingIncome": 35787000,
    "operatingIncomeRatio": 0.1149421226,
    "totalOtherIncomeExpensesNet": -23117000,
    "incomeBeforeTax": 12670000,
    "incomeBeforeTaxRatio": 0.0406940144,
    "incomeTaxExpense": 135000,
    "netIncome": 11720000,
    "netIncomeRatio": 0.0376427663,
    "eps": 0.04,
    "epsdiluted": 0.04,
    "weightedAverageShsOut": 296589000,
    "weightedAverageShsOutDil": 297542000,
    "link": "https://www.sec.gov/Archives/edgar/data/74208/000007420821000080/0000074208-21-000080-index.htm",
    "finalLink": "https://www.sec.gov/Archives/edgar/data/74208/000007420821000080/udr-20210630x10q.htm"
  },
  {
    "date": "2021-03-31",
    "symbol": "UDR",
    "reportedCurrency": "USD",
    "cik": "0000074208",
    "fillingDate": "2021-04-28",
    "acceptedDate": "2021-04-28 14:37:59",
    "calendarYear": "2021",
    "period": "Q1",
    "revenue": 301441000,
    "costOfRevenue": 251851000,
    "grossProfit": 49590000,
    "grossProfitRatio": 0.1645098046,
    "researchAndDevelopmentExpenses": 0,
    "generalAndAdministrativeExpenses": 12736000,
    "sellingAndMarketingExpenses": 0,
    "sellingGeneralAndAdministrativeExpenses": 12736000,
    "otherExpenses": -38216000,
    "operatingExpenses": -25480000,
    "costAndExpenses": 226371000,
    "interestIncome": 2057000,
    "interestExpense": 78156000,
    "depreciationAndAmortization": 146689000,
    "ebitda": 228738000,
    "ebitdaratio": 0.7588151579,
    "operatingIncome": 75070000,
    "operatingIncomeRatio": 0.249037125,
    "totalOtherIncomeExpensesNet": -71177000,
    "incomeBeforeTax": 3893000,
    "incomeBeforeTaxRatio": 0.0129146334,
    "incomeTaxExpense": 619000,
    "netIncome": 3104000,
    "netIncomeRatio": 0.0102972058,
    "eps": 0.0105,
    "epsdiluted": 0.0105,
    "weightedAverageShsOut": 296537000,
    "weightedAverageShsOutDil": 297026000,
    "link": "https://www.sec.gov/Archives/edgar/data/74208/000007420821000056/0000074208-21-000056-index.htm",
    "finalLink": "https://www.sec.gov/Archives/edgar/data/74208/000007420821000056/udr-20210331x10q.htm"
  },
  {
    "date": "2020-12-31",
    "symbol": "UDR",
    "reportedCurrency": "USD",
    "cik": "0000074208",
    "fillingDate": "2021-10-14",
    "acceptedDate": "2021-10-14 12:46:51",
    "calendarYear": "2020",
    "period": "Q4",
    "revenue": 302384000,
    "costOfRevenue": 251118000,
    "grossProfit": 51266000,
    "grossProfitRatio": 0.1695393936,
    "researchAndDevelopmentExpenses": 0,
    "generalAndAdministrativeExpenses": 11978000,
    "sellingAndMarketingExpenses": 0,
    "sellingGeneralAndAdministrativeExpenses": 11978000,
    "otherExpenses": -48969000,
    "operatingExpenses": -36991000,
    "costAndExpenses": 214127000,
    "interestIncome": 0,
    "interestExpense": 60424000,
    "depreciationAndAmortization": 148209000,
    "ebitda": 239952000,
    "ebitdaratio": 0.7935340494,
    "operatingIncome": 88257000,
    "operatingIncomeRatio": 0.2918706016,
    "totalOtherIncomeExpensesNet": -59038000,
    "incomeBeforeTax": 29219000,
    "incomeBeforeTaxRatio": 0.0966287899,
    "incomeTaxExpense": 668000,
    "netIncome": 26532000,
    "netIncomeRatio": 0.0877427377,
    "eps": 0.09,
    "epsdiluted": 0.09,
    "weightedAverageShsOut": 294301000,
    "weightedAverageShsOutDil": 294805000,
    "link": "https://www.sec.gov/Archives/edgar/data/74208/000007420821000101/0000074208-21-000101-index.htm",
    "finalLink": "https://www.sec.gov/Archives/edgar/data/74208/000007420821000101/udr-20201231x10ka.htm"
  },
  {
    "date": "2020-09-30",
    "symbol": "UDR",
    "reportedCurrency": "USD",
    "cik": "0000074208",
    "fillingDate": "2020-10-30",
    "acceptedDate": "2020-10-30 13:43:18",
    "calendarYear": "2020",
    "period": "Q3",
    "revenue": 310044000,
    "costOfRevenue": 258541000,
    "grossProfit": 51503000,
    "grossProfitRatio": 0.166115132,
    "researchAndDevelopmentExpenses": 0,
    "generalAndAdministrativeExpenses": 11958000,
    "sellingAndMarketingExpenses": 0,
    "sellingGeneralAndAdministrativeExpenses": 11958000,
    "otherExpenses": 9430000,
    "operatingExpenses": 21388000,
    "costAndExpenses": 279929000,
    "interestIncome": 2183000,
    "interestExpense": 62268000,
    "depreciationAndAmortization": 155836000,
    "ebitda": 191074000,
    "ebitdaratio": 0.6162802699,
    "operatingIncome": 30115000,
    "operatingIncomeRatio": 0.0971313749,
    "totalOtherIncomeExpensesNet": -57145000,
    "incomeBeforeTax": -27030000,
    "incomeBeforeTaxRatio": -0.0871811743,
    "incomeTaxExpense": 187000,
    "netIncome": -25258000,
    "netIncomeRatio": -0.0814658565,
    "eps": -0.0857,
    "epsdiluted": -0.0856,
    "weightedAverageShsOut": 294713000,
    "weightedAverageShsOutDil": 295003000,
    "link": "https://www.sec.gov/Archives/edgar/data/74208/000007420820000094/0000074208-20-000094-index.htm",
    "finalLink": "https://www.sec.gov/Archives/edgar/data/74208/000007420820000094/udr-20200930x10q.htm"
  },
  {
    "date": "2020-06-30",
    "symbol": "UDR",
    "reportedCurrency": "USD",
    "cik": "0000074208",
    "fillingDate": "2020-07-29",
    "acceptedDate": "2020-07-29 14:47:35",
    "calendarYear": "2020",
    "period": "Q2",
    "revenue": 307256000,
    "costOfRevenue": 257582000,
    "grossProfit": 49674000,
    "grossProfitRatio": 0.1616697477,
    "researchAndDevelopmentExpenses": 0,
    "generalAndAdministrativeExpenses": 10971000,
    "sellingAndMarketingExpenses": 0,
    "sellingGeneralAndAdministrativeExpenses": 10971000,
    "otherExpenses": -53074000,
    "operatingExpenses": -42103000,
    "costAndExpenses": 215479000,
    "interestIncome": 2421000,
    "interestExpense": 38597000,
    "depreciationAndAmortization": 157083000,
    "ebitda": 259302000,
    "ebitdaratio": 0.8439281902,
    "operatingIncome": 91777000,
    "operatingIncomeRatio": 0.2986988049,
    "totalOtherIncomeExpensesNet": -28155000,
    "incomeBeforeTax": 63622000,
    "incomeBeforeTaxRatio": 0.2070651183,
    "incomeTaxExpense": 1526000,
    "netIncome": 57771000,
    "netIncomeRatio": 0.1880223657,
    "eps": 0.19,
    "epsdiluted": 0.19,
    "weightedAverageShsOut": 294709677,
    "weightedAverageShsOutDil": 295086430,
    "link": "https://www.sec.gov/Archives/edgar/data/74208/000007420820000080/0000074208-20-000080-index.htm",
    "finalLink": "https://www.sec.gov/Archives/edgar/data/74208/000007420820000080/udr-20200630x10q.htm"
  },
  {
    "date": "2020-03-31",
    "symbol": "UDR",
    "reportedCurrency": "USD",
    "cik": "0000074208",
    "fillingDate": "2020-05-07",
    "acceptedDate": "2020-05-07 16:25:08",
    "calendarYear": "2020",
    "period": "Q1",
    "revenue": 321481000,
    "costOfRevenue": 259307000,
    "grossProfit": 62174000,
    "grossProfitRatio": 0.1933986767,
    "researchAndDevelopmentExpenses": 0,
    "generalAndAdministrativeExpenses": 14978000,
    "sellingAndMarketingExpenses": 0,
    "sellingGeneralAndAdministrativeExpenses": 14978000,
    "otherExpenses": 8242000,
    "operatingExpenses": 23220000,
    "costAndExpenses": 282527000,
    "interestIncome": 2700000,
    "interestExpense": 39317000,
    "depreciationAndAmortization": 157501000,
    "ebitda": 202522000,
    "ebitdaratio": 0.62996569,
    "operatingIncome": 38954000,
    "operatingIncomeRatio": 0.121170458,
    "totalOtherIncomeExpensesNet": -33250000,
    "incomeBeforeTax": 5704000,
    "incomeBeforeTaxRatio": 0.0177428837,
    "incomeTaxExpense": 164000,
    "netIncome": 5221000,
    "netIncomeRatio": 0.0162404621,
    "eps": 0.01,
    "epsdiluted": 0.01,
    "weightedAverageShsOut": 294457000,
    "weightedAverageShsOutDil": 295160000,
    "link": "https://www.sec.gov/Archives/edgar/data/74208/000007420820000056/0000074208-20-000056-index.htm",
    "finalLink": "https://www.sec.gov/Archives/edgar/data/74208/000007420820000056/udr-20200331x10q.htm"
  },
  {
    "date": "2019-12-31",
    "symbol": "UDR",
    "reportedCurrency": "USD",
    "cik": "0000074208",
    "fillingDate": "2020-02-18",
    "acceptedDate": "2020-02-18 16:58:55",
    "calendarYear": "2019",
    "period": "Q4",
    "revenue": 304818000,
    "costOfRevenue": 239676000,
    "grossProfit": 65142000,
    "grossProfitRatio": 0.2137078519,
    "researchAndDevelopmentExpenses": 0,
    "generalAndAdministrativeExpenses": 14531000,
    "sellingAndMarketingExpenses": 0,
    "sellingGeneralAndAdministrativeExpenses": 14531000,
    "otherExpenses": 5829000,
    "operatingExpenses": 20360000,
    "costAndExpenses": 260036000,
    "interestIncome": 2406000,
    "interestExpense": 60435000,
    "depreciationAndAmortization": 145177000,
    "ebitda": 310851000,
    "ebitdaratio": 1.0197921383,
    "operatingIncome": 44782000,
    "operatingIncomeRatio": 0.1469138962,
    "totalOtherIncomeExpensesNet": 60457000,
    "incomeBeforeTax": 105239000,
    "incomeBeforeTaxRatio": 0.3452519208,
    "incomeTaxExpense": 2000,
    "netIncome": 97639000,
    "netIncomeRatio": 0.32031901,
    "eps": 0.33,
    "epsdiluted": 0.33,
    "weightedAverageShsOut": 293107000,
    "weightedAverageShsOutDil": 294073000,
    "link": "https://www.sec.gov/Archives/edgar/data/74208/000007420820000031/0000074208-20-000031-index.htm",
    "finalLink": "https://www.sec.gov/Archives/edgar/data/74208/000007420820000031/udr-20191231x10k.htm"
  },
  {
    "date": "2019-09-30",
    "symbol": "UDR",
    "reportedCurrency": "USD",
    "cik": "0000074208",
    "fillingDate": "2019-10-30",
    "acceptedDate": "2019-10-30 14:42:32",
    "calendarYear": "2019",
    "period": "Q3",
    "revenue": 295394000,
    "costOfRevenue": 221059000,
    "grossProfit": 74335000,
    "grossProfitRatio": 0.2516469529,
    "researchAndDevelopmentExpenses": 0,
    "generalAndAdministrativeExpenses": 12197000,
    "sellingAndMarketingExpenses": 0,
    "sellingGeneralAndAdministrativeExpenses": 12197000,
    "otherExpenses": 3282000,
    "operatingExpenses": 15479000,
    "costAndExpenses": 236538000,
    "interestIncome": 1875000,
    "interestExpense": 42523000,
    "depreciationAndAmortization": 129010000,
    "ebitda": 202454000,
    "ebitdaratio": 0.6853693711,
    "operatingIncome": 58856000,
    "operatingIncomeRatio": 0.1992457531,
    "totalOtherIncomeExpensesNet": -27935000,
    "incomeBeforeTax": 30921000,
    "incomeBeforeTaxRatio": 0.1046771431,
    "incomeTaxExpense": 1499000,
    "netIncome": 27204000,
    "netIncomeRatio": 0.0920939491,
    "eps": 0.09,
    "epsdiluted": 0.09,
    "weightedAverageShsOut": 288706000,
    "weightedAverageShsOutDil": 289529000,
    "link": "https://www.sec.gov/Archives/edgar/data/74208/000007420819000092/0000074208-19-000092-index.htm",
    "finalLink": "https://www.sec.gov/Archives/edgar/data/74208/000007420819000092/udr-20190930x10q.htm"
  },
  {
    "date": "2019-06-30",
    "symbol": "UDR",
    "reportedCurrency": "USD",
    "cik": "0000074208",
    "fillingDate": "2019-07-31",
    "acceptedDate": "2019-07-31 14:06:22",
    "calendarYear": "2019",
    "period": "Q2",
    "revenue": 281308000,
    "costOfRevenue": 204668000,
    "grossProfit": 76640000,
    "grossProfitRatio": 0.2724415943,
    "researchAndDevelopmentExpenses": 0,
    "generalAndAdministrativeExpenses": 12338000,
    "sellingAndMarketingExpenses": 0,
    "sellingGeneralAndAdministrativeExpenses": 12338000,
    "otherExpenses": -623000,
    "operatingExpenses": 11715000,
    "costAndExpenses": 216383000,
    "interestIncome": 1310000,
    "interestExpense": 34417000,
    "depreciationAndAmortization": 119612000,
    "ebitda": 192472000,
    "ebitdaratio": 0.6842037909,
    "operatingIncome": 64925000,
    "operatingIncomeRatio": 0.230796849,
    "totalOtherIncomeExpensesNet": -26482000,
    "incomeBeforeTax": 38443000,
    "incomeBeforeTaxRatio": 0.1366580403,
    "incomeTaxExpense": 125000,
    "netIncome": 35619000,
    "netIncomeRatio": 0.1266192216,
    "eps": 0.12,
    "epsdiluted": 0.12,
    "weightedAverageShsOut": 281960000,
    "weightedAverageShsOutDil": 282575000,
    "link": "https://www.sec.gov/Archives/edgar/data/74208/000007420819000064/0000074208-19-000064-index.htm",
    "finalLink": "https://www.sec.gov/Archives/edgar/data/74208/000007420819000064/c208-20190630x10q.htm"
  },
  {
    "date": "2019-03-31",
    "symbol": "UDR",
    "reportedCurrency": "USD",
    "cik": "0000074208",
    "fillingDate": "2019-05-01",
    "acceptedDate": "2019-05-01 14:40:10",
    "calendarYear": "2019",
    "period": "Q1",
    "revenue": 270673000,
    "costOfRevenue": 198410000,
    "grossProfit": 72263000,
    "grossProfitRatio": 0.2669752801,
    "researchAndDevelopmentExpenses": 0,
    "generalAndAdministrativeExpenses": 12467000,
    "sellingAndMarketingExpenses": 0,
    "sellingGeneralAndAdministrativeExpenses": 12467000,
    "otherExpenses": 7302000,
    "operatingExpenses": 19769000,
    "costAndExpenses": 218179000,
    "interestIncome": 9813000,
    "interestExpense": 33542000,
    "depreciationAndAmortization": 114124000,
    "ebitda": 176480000,
    "ebitdaratio": 0.6520044482,
    "operatingIncome": 52494000,
    "operatingIncomeRatio": 0.1939388118,
    "totalOtherIncomeExpensesNet": -23680000,
    "incomeBeforeTax": 28814000,
    "incomeBeforeTaxRatio": 0.1064531741,
    "incomeTaxExpense": 2212000,
    "netIncome": 24503000,
    "netIncomeRatio": 0.0905262069,
    "eps": 0.08,
    "epsdiluted": 0.08,
    "weightedAverageShsOut": 277002000,
    "weightedAverageShsOutDil": 277557000,
    "link": "https://www.sec.gov/Archives/edgar/data/74208/000007420819000046/0000074208-19-000046-index.htm",
    "finalLink": "https://www.sec.gov/Archives/edgar/data/74208/000007420819000046/c208-20190331x10q.htm"
  },
  {
    "date": "2018-12-31",
    "symbol": "UDR",
    "reportedCurrency": "USD",
    "cik": "0000074208",
    "fillingDate": "2019-02-19",
    "acceptedDate": "2019-02-19 15:01:03",
    "calendarYear": "2018",
    "period": "Q4",
    "revenue": 267667000,
    "costOfRevenue": 191069000,
    "grossProfit": 76598000,
    "grossProfitRatio": 0.2861690085,
    "researchAndDevelopmentExpenses": 0,
    "generalAndAdministrativeExpenses": 10955000,
    "sellingAndMarketingExpenses": 0,
    "sellingGeneralAndAdministrativeExpenses": 10955000,
    "otherExpenses": -130872000,
    "operatingExpenses": -119917000,
    "costAndExpenses": 71152000,
    "interestIncome": 1660000,
    "interestExpense": 38226000,
    "depreciationAndAmortization": 108085000,
    "ebitda": 170099000,
    "ebitdaratio": 0.635487378,
    "operatingIncome": 196515000,
    "operatingIncomeRatio": 0.7341771679,
    "totalOtherIncomeExpensesNet": -102427000,
    "incomeBeforeTax": 23788000,
    "incomeBeforeTaxRatio": 0.0888716203,
    "incomeTaxExpense": 70000,
    "netIncome": 82139000,
    "netIncomeRatio": 0.3068701035,
    "eps": 0.3,
    "epsdiluted": 0.3,
    "weightedAverageShsOut": 270107000,
    "weightedAverageShsOutDil": 270755000,
    "link": "https://www.sec.gov/Archives/edgar/data/74208/000007420819000028/0000074208-19-000028-index.htm",
    "finalLink": "https://www.sec.gov/Archives/edgar/data/74208/000007420819000028/c208-20181231x10k.htm"
  },
  {
    "date": "2018-09-30",
    "symbol": "UDR",
    "reportedCurrency": "USD",
    "cik": "0000074208",
    "fillingDate": "2018-10-30",
    "acceptedDate": "2018-10-30 14:29:25",
    "calendarYear": "2018",
    "period": "Q3",
    "revenue": 266144000,
    "costOfRevenue": 193563000,
    "grossProfit": 72581000,
    "grossProfitRatio": 0.272713268,
    "researchAndDevelopmentExpenses": 0,
    "generalAndAdministrativeExpenses": 11896000,
    "sellingAndMarketingExpenses": 0,
    "sellingGeneralAndAdministrativeExpenses": 11896000,
    "otherExpenses": 5674000,
    "operatingExpenses": 17570000,
    "costAndExpenses": 211133000,
    "interestIncome": 1188000,
    "interestExpense": 34401000,
    "depreciationAndAmortization": 109563000,
    "ebitda": 164380000,
    "ebitdaratio": 0.6176355657,
    "operatingIncome": 55011000,
    "operatingIncomeRatio": 0.2066963749,
    "totalOtherIncomeExpensesNet": -34595000,
    "incomeBeforeTax": 20416000,
    "incomeBeforeTaxRatio": 0.0767103523,
    "incomeTaxExpense": 158000,
    "netIncome": 18610000,
    "netIncomeRatio": 0.0699245521,
    "eps": 0.07,
    "epsdiluted": 0.07,
    "weightedAverageShsOut": 267727000,
    "weightedAverageShsOutDil": 268861000,
    "link": "https://www.sec.gov/Archives/edgar/data/74208/000007420818000089/0000074208-18-000089-index.htm",
    "finalLink": "https://www.sec.gov/Archives/edgar/data/74208/000007420818000089/c208-20180930x10q.htm"
  },
  {
    "date": "2018-06-30",
    "symbol": "UDR",
    "reportedCurrency": "USD",
    "cik": "0000074208",
    "fillingDate": "2018-07-31",
    "acceptedDate": "2018-07-31 14:34:33",
    "calendarYear": "2018",
    "period": "Q2",
    "revenue": 259743000,
    "costOfRevenue": 186936000,
    "grossProfit": 72807000,
    "grossProfitRatio": 0.2803039928,
    "researchAndDevelopmentExpenses": 0,
    "generalAndAdministrativeExpenses": 12373000,
    "sellingAndMarketingExpenses": 0,
    "sellingGeneralAndAdministrativeExpenses": 12373000,
    "otherExpenses": 5255000,
    "operatingExpenses": 17628000,
    "costAndExpenses": 204564000,
    "interestIncome": 1128000,
    "interestExpense": 31598000,
    "depreciationAndAmortization": 108204000,
    "ebitda": 162479000,
    "ebitdaratio": 0.6255375506,
    "operatingIncome": 55179000,
    "operatingIncomeRatio": 0.2124369088,
    "totalOtherIncomeExpensesNet": -32502000,
    "incomeBeforeTax": 22677000,
    "incomeBeforeTaxRatio": 0.0873055289,
    "incomeTaxExpense": 233000,
    "netIncome": 20601000,
    "netIncomeRatio": 0.0793130132,
    "eps": 0.07,
    "epsdiluted": 0.07,
    "weightedAverageShsOut": 267311000,
    "weightedAverageShsOutDil": 268890000,
    "link": "https://www.sec.gov/Archives/edgar/data/74208/000007420818000064/0000074208-18-000064-index.htm",
    "finalLink": "https://www.sec.gov/Archives/edgar/data/74208/000007420818000064/c208-20180630x10q.htm"
  },
  {
    "date": "2018-03-31",
    "symbol": "UDR",
    "reportedCurrency": "USD",
    "cik": "0000074208",
    "fillingDate": "2018-04-26",
    "acceptedDate": "2018-04-26 14:53:01",
    "calendarYear": "2018",
    "period": "Q1",
    "revenue": 253305000,
    "costOfRevenue": 188893000,
    "grossProfit": 64412000,
    "grossProfitRatio": 0.2542863347,
    "researchAndDevelopmentExpenses": 0,
    "generalAndAdministrativeExpenses": 11759000,
    "sellingAndMarketingExpenses": 0,
    "sellingGeneralAndAdministrativeExpenses": 11759000,
    "otherExpenses": -65660000,
    "operatingExpenses": -53901000,
    "costAndExpenses": 134992000,
    "interestIncome": 2759000,
    "interestExpense": 29943000,
    "depreciationAndAmortization": 109827000,
    "ebitda": 229222000,
    "ebitdaratio": 0.9049248929,
    "operatingIncome": 118313000,
    "operatingIncomeRatio": 0.4670772389,
    "totalOtherIncomeExpensesNet": -28861000,
    "incomeBeforeTax": 19152000,
    "incomeBeforeTaxRatio": 0.0756084562,
    "incomeTaxExpense": 227000,
    "netIncome": 81756000,
    "netIncomeRatio": 0.3227571505,
    "eps": 0.3,
    "epsdiluted": 0.3,
    "weightedAverageShsOut": 267546000,
    "weightedAverageShsOutDil": 269208000,
    "link": "https://www.sec.gov/Archives/edgar/data/74208/000007420818000051/0000074208-18-000051-index.htm",
    "finalLink": "https://www.sec.gov/Archives/edgar/data/74208/000007420818000051/c208-20180331x10q.htm"
  },
  {
    "date": "2017-12-31",
    "symbol": "UDR",
    "reportedCurrency": "USD",
    "cik": "0000074208",
    "fillingDate": "2018-02-20",
    "acceptedDate": "2018-02-20 15:11:54",
    "calendarYear": "2017",
    "period": "Q4",
    "revenue": 252880000,
    "costOfRevenue": 188719000,
    "grossProfit": 64161000,
    "grossProfitRatio": 0.2537211326,
    "researchAndDevelopmentExpenses": 0,
    "generalAndAdministrativeExpenses": 11590000,
    "sellingAndMarketingExpenses": 0,
    "sellingGeneralAndAdministrativeExpenses": 11590000,
    "otherExpenses": 5284000,
    "operatingExpenses": 16874000,
    "costAndExpenses": 205593000,
    "interestIncome": 548000,
    "interestExpense": 34211000,
    "depreciationAndAmortization": 111049000,
    "ebitda": 178550000,
    "ebitdaratio": 0.7060661183,
    "operatingIncome": 47287000,
    "operatingIncomeRatio": 0.1869938311,
    "totalOtherIncomeExpensesNet": -13997000,
    "incomeBeforeTax": 33290000,
    "incomeBeforeTaxRatio": 0.1316434673,
    "incomeTaxExpense": -1065000,
    "netIncome": 69244000,
    "netIncomeRatio": 0.2738215755,
    "eps": 0.26,
    "epsdiluted": 0.25,
    "weightedAverageShsOut": 267270000,
    "weightedAverageShsOutDil": 269221000,
    "link": "https://www.sec.gov/Archives/edgar/data/74208/000007420818000024/0000074208-18-000024-index.htm",
    "finalLink": "https://www.sec.gov/Archives/edgar/data/74208/000007420818000024/c208-20171231x10k.htm"
  },
  {
    "date": "2017-09-30",
    "symbol": "UDR",
    "reportedCurrency": "USD",
    "cik": "0000074208",
    "fillingDate": "2017-10-31",
    "acceptedDate": "2017-10-31 14:34:37",
    "calendarYear": "2017",
    "period": "Q3",
    "revenue": 251091000,
    "costOfRevenue": 187541000,
    "grossProfit": 63550000,
    "grossProfitRatio": 0.2530954913,
    "researchAndDevelopmentExpenses": 0,
    "generalAndAdministrativeExpenses": 12123000,
    "sellingAndMarketingExpenses": 0,
    "sellingGeneralAndAdministrativeExpenses": 12467000,
    "otherExpenses": 5591000,
    "operatingExpenses": 18058000,
    "costAndExpenses": 205599000,
    "interestIncome": 481000,
    "interestExpense": 30095000,
    "depreciationAndAmortization": 108756000,
    "ebitda": 156548000,
    "ebitdaratio": 0.6234711718,
    "operatingIncome": 45492000,
    "operatingIncomeRatio": 0.1811773421,
    "totalOtherIncomeExpensesNet": -27795000,
    "incomeBeforeTax": 17697000,
    "incomeBeforeTaxRatio": 0.0704804234,
    "incomeTaxExpense": 127000,
    "netIncome": 16190000,
    "netIncomeRatio": 0.0644786153,
    "eps": 0.06,
    "epsdiluted": 0.06,
    "weightedAverageShsOut": 267056000,
    "weightedAverageShsOutDil": 269062000,
    "link": "https://www.sec.gov/Archives/edgar/data/74208/000007420817000105/0000074208-17-000105-index.htm",
    "finalLink": "https://www.sec.gov/Archives/edgar/data/74208/000007420817000105/c208-20170930x10q.htm"
  },
  {
    "date": "2017-06-30",
    "symbol": "UDR",
    "reportedCurrency": "USD",
    "cik": "0000074208",
    "fillingDate": "2017-07-27",
    "acceptedDate": "2017-07-27 14:31:01",
    "calendarYear": "2017",
    "period": "Q2",
    "revenue": 247979000,
    "costOfRevenue": 185213000,
    "grossProfit": 62766000,
    "grossProfitRatio": 0.2531101424,
    "researchAndDevelopmentExpenses": 0,
    "generalAndAdministrativeExpenses": 11434000,
    "sellingAndMarketingExpenses": 0,
    "sellingGeneralAndAdministrativeExpenses": 11434000,
    "otherExpenses": 5127000,
    "operatingExpenses": 16561000,
    "costAndExpenses": 201774000,
    "interestIncome": 515000,
    "interestExpense": 33866000,
    "depreciationAndAmortization": 110017000,
    "ebitda": 155311000,
    "ebitdaratio": 0.6263070663,
    "operatingIncome": 46205000,
    "operatingIncomeRatio": 0.1863262615,
    "totalOtherIncomeExpensesNet": -34777000,
    "incomeBeforeTax": 11428000,
    "incomeBeforeTaxRatio": 0.0460845475,
    "incomeTaxExpense": 366000,
    "netIncome": 10157000,
    "netIncomeRatio": 0.0409591135,
    "eps": 0.03,
    "epsdiluted": 0.03,
    "weightedAverageShsOut": 266972000,
    "weightedAverageShsOutDil": 268859000,
    "link": "https://www.sec.gov/Archives/edgar/data/74208/000007420817000086/0000074208-17-000086-index.htm",
    "finalLink": "https://www.sec.gov/Archives/edgar/data/74208/000007420817000086/c208-20170630x10q.htm"
  },
  {
    "date": "2017-03-31",
    "symbol": "UDR",
    "reportedCurrency": "USD",
    "cik": "0000074208",
    "fillingDate": "2017-04-25",
    "acceptedDate": "2017-04-25 14:51:34",
    "calendarYear": "2017",
    "period": "Q1",
    "revenue": 243841000,
    "costOfRevenue": 181455000,
    "grossProfit": 62386000,
    "grossProfitRatio": 0.2558470479,
    "researchAndDevelopmentExpenses": 0,
    "generalAndAdministrativeExpenses": 13075000,
    "sellingAndMarketingExpenses": 0,
    "sellingGeneralAndAdministrativeExpenses": 13075000,
    "otherExpenses": 3801000,
    "operatingExpenses": 16876000,
    "costAndExpenses": 198331000,
    "interestIncome": 427000,
    "interestExpense": 30539000,
    "depreciationAndAmortization": 106640000,
    "ebitda": 163775000,
    "ebitdaratio": 0.6716466878,
    "operatingIncome": 45510000,
    "operatingIncomeRatio": 0.1866380141,
    "totalOtherIncomeExpensesNet": -18914000,
    "incomeBeforeTax": 26596000,
    "incomeBeforeTaxRatio": 0.109071075,
    "incomeTaxExpense": 332000,
    "netIncome": 25967000,
    "netIncomeRatio": 0.1064915252,
    "eps": 0.09,
    "epsdiluted": 0.09,
    "weightedAverageShsOut": 266790000,
    "weightedAverageShsOutDil": 268688000,
    "link": "https://www.sec.gov/Archives/edgar/data/74208/000007420817000044/0000074208-17-000044-index.htm",
    "finalLink": "https://www.sec.gov/Archives/edgar/data/74208/000007420817000044/a2017q110-q.htm"
  },
  {
    "date": "2016-12-31",
    "symbol": "UDR",
    "reportedCurrency": "USD",
    "cik": "0000074208",
    "fillingDate": "2017-02-21",
    "acceptedDate": "2017-02-21 16:27:52",
    "calendarYear": "2016",
    "period": "Q4",
    "revenue": 243008000,
    "costOfRevenue": 177941000,
    "grossProfit": 65067000,
    "grossProfitRatio": 0.2677566171,
    "researchAndDevelopmentExpenses": 0,
    "generalAndAdministrativeExpenses": 13256000,
    "sellingAndMarketingExpenses": 0,
    "sellingGeneralAndAdministrativeExpenses": 13256000,
    "otherExpenses": 2725000,
    "operatingExpenses": 15981000,
    "costAndExpenses": 193922000,
    "interestIncome": 481000,
    "interestExpense": 29295000,
    "depreciationAndAmortization": 103995000,
    "ebitda": 189507000,
    "ebitdaratio": 0.7798385238,
    "operatingIncome": 49086000,
    "operatingIncomeRatio": 0.20199335,
    "totalOtherIncomeExpensesNet": 7131000,
    "incomeBeforeTax": 56217000,
    "incomeBeforeTaxRatio": 0.2313380629,
    "incomeTaxExpense": -3063000,
    "netIncome": 237423000,
    "netIncomeRatio": 0.9770172175,
    "eps": 0.89,
    "epsdiluted": 0.88,
    "weightedAverageShsOut": 266498000,
    "weightedAverageShsOutDil": 271551000,
    "link": "https://www.sec.gov/Archives/edgar/data/74208/000007420817000030/0000074208-17-000030-index.htm",
    "finalLink": "https://www.sec.gov/Archives/edgar/data/74208/000007420817000030/a201610-k.htm"
  },
  {
    "date": "2016-09-30",
    "symbol": "UDR",
    "reportedCurrency": "USD",
    "cik": "0000074208",
    "fillingDate": "2016-10-26",
    "acceptedDate": "2016-10-26 14:49:28",
    "calendarYear": "2016",
    "period": "Q3",
    "revenue": 243252000,
    "costOfRevenue": 182308000,
    "grossProfit": 60944000,
    "grossProfitRatio": 0.2505385362,
    "researchAndDevelopmentExpenses": 0,
    "generalAndAdministrativeExpenses": 11765000,
    "sellingAndMarketingExpenses": 0,
    "sellingGeneralAndAdministrativeExpenses": 11826000,
    "otherExpenses": 3367000,
    "operatingExpenses": 15193000,
    "costAndExpenses": 197501000,
    "interestIncome": 478000,
    "interestExpense": 31954000,
    "depreciationAndAmortization": 107328000,
    "ebitda": 168842000,
    "ebitdaratio": 0.6941032345,
    "operatingIncome": 45751000,
    "operatingIncomeRatio": 0.1880806735,
    "totalOtherIncomeExpensesNet": -16191000,
    "incomeBeforeTax": 29560000,
    "incomeBeforeTaxRatio": 0.1215200697,
    "incomeTaxExpense": 94000,
    "netIncome": 26956000,
    "netIncomeRatio": 0.1108151218,
    "eps": 0.1,
    "epsdiluted": 0.1,
    "weightedAverageShsOut": 266301000,
    "weightedAverageShsOutDil": 268305000,
    "link": "https://www.sec.gov/Archives/edgar/data/74208/000007420816000212/0000074208-16-000212-index.htm",
    "finalLink": "https://www.sec.gov/Archives/edgar/data/74208/000007420816000212/a2016q310-q.htm"
  },
  {
    "date": "2016-06-30",
    "symbol": "UDR",
    "reportedCurrency": "USD",
    "cik": "0000074208",
    "fillingDate": "2016-07-27",
    "acceptedDate": "2016-07-27 15:19:32",
    "calendarYear": "2016",
    "period": "Q2",
    "revenue": 238786000,
    "costOfRevenue": 181284000,
    "grossProfit": 57502000,
    "grossProfitRatio": 0.2408097627,
    "researchAndDevelopmentExpenses": 0,
    "generalAndAdministrativeExpenses": 10835000,
    "sellingAndMarketingExpenses": 0,
    "sellingGeneralAndAdministrativeExpenses": 10835000,
    "otherExpenses": 5007000,
    "operatingExpenses": 15842000,
    "costAndExpenses": 197126000,
    "interestIncome": 540000,
    "interestExpense": 30678000,
    "depreciationAndAmortization": 107423000,
    "ebitda": 149948000,
    "ebitdaratio": 0.6279597631,
    "operatingIncome": 41660000,
    "operatingIncomeRatio": 0.1744658397,
    "totalOtherIncomeExpensesNet": -29813000,
    "incomeBeforeTax": 11847000,
    "incomeBeforeTaxRatio": 0.0496134614,
    "incomeTaxExpense": -402000,
    "netIncome": 17946000,
    "netIncomeRatio": 0.0751551599,
    "eps": 0.06,
    "epsdiluted": 0.06,
    "weightedAverageShsOut": 266268000,
    "weightedAverageShsOutDil": 268174000,
    "link": "https://www.sec.gov/Archives/edgar/data/74208/000007420816000189/0000074208-16-000189-index.htm",
    "finalLink": "https://www.sec.gov/Archives/edgar/data/74208/000007420816000189/a2016q210-q.htm"
  },
  {
    "date": "2016-03-31",
    "symbol": "UDR",
    "reportedCurrency": "USD",
    "cik": "0000074208",
    "fillingDate": "2016-04-26",
    "acceptedDate": "2016-04-26 14:33:41",
    "calendarYear": "2016",
    "period": "Q1",
    "revenue": 234815000,
    "costOfRevenue": 179541000,
    "grossProfit": 55274000,
    "grossProfitRatio": 0.2353938207,
    "researchAndDevelopmentExpenses": 0,
    "generalAndAdministrativeExpenses": 13844000,
    "sellingAndMarketingExpenses": 0,
    "sellingGeneralAndAdministrativeExpenses": 13844000,
    "otherExpenses": 3305000,
    "operatingExpenses": 17149000,
    "costAndExpenses": 196690000,
    "interestIncome": 431000,
    "interestExpense": 31104000,
    "depreciationAndAmortization": 106892000,
    "ebitda": 146127000,
    "ebitdaratio": 0.6223069225,
    "operatingIncome": 38125000,
    "operatingIncomeRatio": 0.1623618593,
    "totalOtherIncomeExpensesNet": -29994000,
    "incomeBeforeTax": 8131000,
    "incomeBeforeTaxRatio": 0.0346272598,
    "incomeTaxExpense": -403000,
    "netIncome": 10393000,
    "netIncomeRatio": 0.0442603752,
    "eps": 0.04,
    "epsdiluted": 0.04,
    "weightedAverageShsOut": 262456000,
    "weightedAverageShsOutDil": 264285000,
    "link": "https://www.sec.gov/Archives/edgar/data/74208/000007420816000175/0000074208-16-000175-index.htm",
    "finalLink": "https://www.sec.gov/Archives/edgar/data/74208/000007420816000175/a2016q110-q.htm"
  },
  {
    "date": "2015-12-31",
    "symbol": "UDR",
    "reportedCurrency": "USD",
    "cik": "0000074208",
    "fillingDate": "2016-02-23",
    "acceptedDate": "2016-02-23 16:32:09",
    "calendarYear": "2015",
    "period": "Q4",
    "revenue": 237605000,
    "costOfRevenue": 179409000,
    "grossProfit": 58196000,
    "grossProfitRatio": 0.2449275057,
    "researchAndDevelopmentExpenses": 0,
    "generalAndAdministrativeExpenses": 16560000,
    "sellingAndMarketingExpenses": 0,
    "sellingGeneralAndAdministrativeExpenses": 17993000,
    "otherExpenses": 5388000,
    "operatingExpenses": 23381000,
    "costAndExpenses": 202790000,
    "interestIncome": 407000,
    "interestExpense": 33170000,
    "depreciationAndAmortization": 106808000,
    "ebitda": 143082000,
    "ebitdaratio": 0.6021842975,
    "operatingIncome": 34815000,
    "operatingIncomeRatio": 0.1465246943,
    "totalOtherIncomeExpensesNet": -31711000,
    "incomeBeforeTax": 3104000,
    "incomeBeforeTaxRatio": 0.0130636982,
    "incomeTaxExpense": -1424000,
    "netIncome": 166415000,
    "netIncomeRatio": 0.7003850929,
    "eps": 0.62,
    "epsdiluted": 0.61,
    "weightedAverageShsOut": 260830000,
    "weightedAverageShsOutDil": 266108000,
    "link": "https://www.sec.gov/Archives/edgar/data/74208/000007420816000140/0000074208-16-000140-index.htm",
    "finalLink": "https://www.sec.gov/Archives/edgar/data/74208/000007420816000140/a201510-k.htm"
  },
  {
    "date": "2015-09-30",
    "symbol": "UDR",
    "reportedCurrency": "USD",
    "cik": "0000074208",
    "fillingDate": "2015-10-27",
    "acceptedDate": "2015-10-27 14:11:37",
    "calendarYear": "2015",
    "period": "Q3",
    "revenue": 221418000,
    "costOfRevenue": 160756000,
    "grossProfit": 60662000,
    "grossProfitRatio": 0.2739704992,
    "researchAndDevelopmentExpenses": 0,
    "generalAndAdministrativeExpenses": 15414000,
    "sellingAndMarketingExpenses": 0,
    "sellingGeneralAndAdministrativeExpenses": 15824000,
    "otherExpenses": 4637000,
    "operatingExpenses": 20461000,
    "costAndExpenses": 181217000,
    "interestIncome": 402000,
    "interestExpense": 30232000,
    "depreciationAndAmortization": 92025000,
    "ebitda": 135319000,
    "ebitdaratio": 0.6111472419,
    "operatingIncome": 40201000,
    "operatingIncomeRatio": 0.1815615713,
    "totalOtherIncomeExpensesNet": -27139000,
    "incomeBeforeTax": 13062000,
    "incomeBeforeTaxRatio": 0.0589924938,
    "incomeTaxExpense": -633000,
    "netIncome": 13291000,
    "netIncomeRatio": 0.0600267368,
    "eps": 0.05,
    "epsdiluted": 0.05,
    "weightedAverageShsOut": 259114000,
    "weightedAverageShsOutDil": 261207000,
    "link": "https://www.sec.gov/Archives/edgar/data/74208/000007420815000105/0000074208-15-000105-index.htm",
    "finalLink": "https://www.sec.gov/Archives/edgar/data/74208/000007420815000105/a2015q310-q.htm"
  },
  {
    "date": "2015-06-30",
    "symbol": "UDR",
    "reportedCurrency": "USD",
    "cik": "0000074208",
    "fillingDate": "2015-07-28",
    "acceptedDate": "2015-07-28 14:16:37",
    "calendarYear": "2015",
    "period": "Q2",
    "revenue": 215862000,
    "costOfRevenue": 158527000,
    "grossProfit": 57335000,
    "grossProfitRatio": 0.2656095098,
    "researchAndDevelopmentExpenses": 0,
    "generalAndAdministrativeExpenses": 13637000,
    "sellingAndMarketingExpenses": 0,
    "sellingGeneralAndAdministrativeExpenses": 13721000,
    "otherExpenses": 4312000,
    "operatingExpenses": 18033000,
    "costAndExpenses": 176560000,
    "interestIncome": 382000,
    "interestExpense": 29673000,
    "depreciationAndAmortization": 92044000,
    "ebitda": 131155000,
    "ebitdaratio": 0.6075872548,
    "operatingIncome": 39302000,
    "operatingIncomeRatio": 0.1820700262,
    "totalOtherIncomeExpensesNet": -29864000,
    "incomeBeforeTax": 9438000,
    "incomeBeforeTaxRatio": 0.0437223782,
    "incomeTaxExpense": -1404000,
    "netIncome": 86855000,
    "netIncomeRatio": 0.4023635471,
    "eps": 0.33,
    "epsdiluted": 0.33,
    "weightedAverageShsOut": 257849000,
    "weightedAverageShsOutDil": 262806000,
    "link": "https://www.sec.gov/Archives/edgar/data/74208/000007420815000060/0000074208-15-000060-index.htm",
    "finalLink": "https://www.sec.gov/Archives/edgar/data/74208/000007420815000060/a2015q210-q.htm"
  },
  {
    "date": "2015-03-31",
    "symbol": "UDR",
    "reportedCurrency": "USD",
    "cik": "0000074208",
    "fillingDate": "2015-04-28",
    "acceptedDate": "2015-04-28 14:34:21",
    "calendarYear": "2015",
    "period": "Q1",
    "revenue": 219753000,
    "costOfRevenue": 157943000,
    "grossProfit": 61810000,
    "grossProfitRatio": 0.2812703353,
    "researchAndDevelopmentExpenses": 0,
    "generalAndAdministrativeExpenses": 11953000,
    "sellingAndMarketingExpenses": 0,
    "sellingGeneralAndAdministrativeExpenses": 12152000,
    "otherExpenses": 4385000,
    "operatingExpenses": 16537000,
    "costAndExpenses": 174480000,
    "interestIncome": 360000,
    "interestExpense": 28800000,
    "depreciationAndAmortization": 90400000,
    "ebitda": 195192000,
    "ebitdaratio": 0.8882336077,
    "operatingIncome": 45273000,
    "operatingIncomeRatio": 0.2060176653,
    "totalOtherIncomeExpensesNet": 30719000,
    "incomeBeforeTax": 75992000,
    "incomeBeforeTaxRatio": 0.3458064281,
    "incomeTaxExpense": -425000,
    "netIncome": 73822000,
    "netIncomeRatio": 0.3359317051,
    "eps": 0.28,
    "epsdiluted": 0.28,
    "weightedAverageShsOut": 256834000,
    "weightedAverageShsOutDil": 258662000,
    "link": "https://www.sec.gov/Archives/edgar/data/74208/000007420815000029/0000074208-15-000029-index.htm",
    "finalLink": "https://www.sec.gov/Archives/edgar/data/74208/000007420815000029/udr-20150331x10q.htm"
  },
  {
    "date": "2014-12-31",
    "symbol": "UDR",
    "reportedCurrency": "USD",
    "cik": "0000074208",
    "fillingDate": "2015-02-24",
    "acceptedDate": "2015-02-24 16:53:23",
    "calendarYear": "2014",
    "period": "Q4",
    "revenue": 209549000,
    "costOfRevenue": 159187000,
    "grossProfit": 50362000,
    "grossProfitRatio": 0.2403351961,
    "researchAndDevelopmentExpenses": 0,
    "generalAndAdministrativeExpenses": 11615000,
    "sellingAndMarketingExpenses": 0,
    "sellingGeneralAndAdministrativeExpenses": 11722000,
    "otherExpenses": 4332000,
    "operatingExpenses": 16054000,
    "costAndExpenses": 175241000,
    "interestIncome": 0,
    "interestExpense": 32392000,
    "depreciationAndAmortization": 93524000,
    "ebitda": 125714000,
    "ebitdaratio": 0.5999265088,
    "operatingIncome": 34308000,
    "operatingIncomeRatio": 0.1637230433,
    "totalOtherIncomeExpensesNet": -34910000,
    "incomeBeforeTax": -602000,
    "incomeBeforeTaxRatio": -0.0028728364,
    "incomeTaxExpense": -7087000,
    "netIncome": 65417000,
    "netIncomeRatio": 0.3121799675,
    "eps": 0.25,
    "epsdiluted": 0.25,
    "weightedAverageShsOut": 253983000,
    "weightedAverageShsOutDil": 256000000,
    "link": "https://www.sec.gov/Archives/edgar/data/74208/000007420815000013/0000074208-15-000013-index.htm",
    "finalLink": "https://www.sec.gov/Archives/edgar/data/74208/000007420815000013/udr-20141231x10k.htm"
  },
  {
    "date": "2014-09-30",
    "symbol": "UDR",
    "reportedCurrency": "USD",
    "cik": "0000074208",
    "fillingDate": "2014-10-29",
    "acceptedDate": "2014-10-29 14:35:53",
    "calendarYear": "2014",
    "period": "Q3",
    "revenue": 206752000,
    "costOfRevenue": 158720000,
    "grossProfit": 48032000,
    "grossProfitRatio": 0.2323169788,
    "researchAndDevelopmentExpenses": 0,
    "generalAndAdministrativeExpenses": 11390000,
    "sellingAndMarketingExpenses": 0,
    "sellingGeneralAndAdministrativeExpenses": 11554000,
    "otherExpenses": 3394000,
    "operatingExpenses": 14948000,
    "costAndExpenses": 173668000,
    "interestIncome": 9061000,
    "interestExpense": 33087000,
    "depreciationAndAmortization": 90723000,
    "ebitda": 131929000,
    "ebitdaratio": 0.6381026544,
    "operatingIncome": 33084000,
    "operatingIncomeRatio": 0.1600177991,
    "totalOtherIncomeExpensesNet": -24965000,
    "incomeBeforeTax": 8119000,
    "incomeBeforeTaxRatio": 0.0392692695,
    "incomeTaxExpense": -2492000,
    "netIncome": 40549000,
    "netIncomeRatio": 0.1961238585,
    "eps": 0.16,
    "epsdiluted": 0.16,
    "weightedAverageShsOut": 251655000,
    "weightedAverageShsOutDil": 253732000,
    "link": "https://www.sec.gov/Archives/edgar/data/74208/000007420814000040/0000074208-14-000040-index.htm",
    "finalLink": "https://www.sec.gov/Archives/edgar/data/74208/000007420814000040/udr-20140930x10q.htm"
  },
  {
    "date": "2014-06-30",
    "symbol": "UDR",
    "reportedCurrency": "USD",
    "cik": "0000074208",
    "fillingDate": "2014-07-29",
    "acceptedDate": "2014-07-29 14:34:42",
    "calendarYear": "2014",
    "period": "Q2",
    "revenue": 203706000,
    "costOfRevenue": 154959000,
    "grossProfit": 48747000,
    "grossProfitRatio": 0.239300757,
    "researchAndDevelopmentExpenses": 0,
    "generalAndAdministrativeExpenses": 12530000,
    "sellingAndMarketingExpenses": 0,
    "sellingGeneralAndAdministrativeExpenses": 12530000,
    "otherExpenses": 3355000,
    "operatingExpenses": 15885000,
    "costAndExpenses": 170844000,
    "interestIncome": 1426000,
    "interestExpense": 31691000,
    "depreciationAndAmortization": 90069000,
    "ebitda": 123929000,
    "ebitdaratio": 0.6083718693,
    "operatingIncome": 32862000,
    "operatingIncomeRatio": 0.1613207269,
    "totalOtherIncomeExpensesNet": -30693000,
    "incomeBeforeTax": 2169000,
    "incomeBeforeTaxRatio": 0.0106476982,
    "incomeTaxExpense": -2190000,
    "netIncome": 30007000,
    "netIncomeRatio": 0.1473054304,
    "eps": 0.12,
    "epsdiluted": 0.12,
    "weightedAverageShsOut": 250255000,
    "weightedAverageShsOutDil": 252191000,
    "link": "https://www.sec.gov/Archives/edgar/data/74208/000007420814000019/0000074208-14-000019-index.htm",
    "finalLink": "https://www.sec.gov/Archives/edgar/data/74208/000007420814000019/udr-2014630x10q.htm"
  },
  {
    "date": "2014-03-31",
    "symbol": "UDR",
    "reportedCurrency": "USD",
    "cik": "0000074208",
    "fillingDate": "2014-04-29",
    "acceptedDate": "2014-04-29 14:22:32",
    "calendarYear": "2014",
    "period": "Q1",
    "revenue": 198039000,
    "costOfRevenue": 156029000,
    "grossProfit": 42010000,
    "grossProfitRatio": 0.212129934,
    "researchAndDevelopmentExpenses": 0,
    "generalAndAdministrativeExpenses": 11994000,
    "sellingAndMarketingExpenses": 0,
    "sellingGeneralAndAdministrativeExpenses": 11994000,
    "otherExpenses": 3506000,
    "operatingExpenses": 15500000,
    "costAndExpenses": 171529000,
    "interestIncome": 1415000,
    "interestExpense": 32884000,
    "depreciationAndAmortization": 89613000,
    "ebitda": 113973000,
    "ebitdaratio": 0.5755078545,
    "operatingIncome": 26510000,
    "operatingIncomeRatio": 0.133862522,
    "totalOtherIncomeExpensesNet": -35034000,
    "incomeBeforeTax": -8524000,
    "incomeBeforeTaxRatio": -0.0430420271,
    "incomeTaxExpense": -3329000,
    "netIncome": 18361000,
    "netIncomeRatio": 0.0927140614,
    "eps": 0.07,
    "epsdiluted": 0.07,
    "weightedAverageShsOut": 250177000,
    "weightedAverageShsOutDil": 251822000,
    "link": "https://www.sec.gov/Archives/edgar/data/74208/000007420814000006/0000074208-14-000006-index.htm",
    "finalLink": "https://www.sec.gov/Archives/edgar/data/74208/000007420814000006/udr-2014331x10q.htm"
  },
  {
    "date": "2013-12-31",
    "symbol": "UDR",
    "reportedCurrency": "USD",
    "cik": "0000074208",
    "fillingDate": "2014-02-25",
    "acceptedDate": "2014-02-25 14:03:19",
    "calendarYear": "2013",
    "period": "Q4",
    "revenue": 186286000,
    "costOfRevenue": 149133000,
    "grossProfit": 37153000,
    "grossProfitRatio": 0.199440645,
    "researchAndDevelopmentExpenses": 0,
    "generalAndAdministrativeExpenses": 11532000,
    "sellingAndMarketingExpenses": 0,
    "sellingGeneralAndAdministrativeExpenses": 11532000,
    "otherExpenses": 5180000,
    "operatingExpenses": 16712000,
    "costAndExpenses": 165845000,
    "interestIncome": 1328000,
    "interestExpense": 33360000,
    "depreciationAndAmortization": 91932000,
    "ebitda": 119367000,
    "ebitdaratio": 0.6407727902,
    "operatingIncome": 20441000,
    "operatingIncomeRatio": 0.1097291262,
    "totalOtherIncomeExpensesNet": -26366000,
    "incomeBeforeTax": -3359000,
    "incomeBeforeTaxRatio": -0.0180314141,
    "incomeTaxExpense": 15000,
    "netIncome": 36700000,
    "netIncomeRatio": 0.1970089003,
    "eps": 0.14,
    "epsdiluted": 0.14,
    "weightedAverageShsOut": 249987000,
    "weightedAverageShsOutDil": 249987000,
    "link": "https://www.sec.gov/Archives/edgar/data/74208/000007420814000003/0000074208-14-000003-index.htm",
    "finalLink": "https://www.sec.gov/Archives/edgar/data/74208/000007420814000003/udr-20131231x10k.htm"
  },
  {
    "date": "2013-09-30",
    "symbol": "UDR",
    "reportedCurrency": "USD",
    "cik": "0000074208",
    "fillingDate": "2013-10-29",
    "acceptedDate": "2013-10-29 14:09:13",
    "calendarYear": "2013",
    "period": "Q3",
    "revenue": 191124000,
    "costOfRevenue": 149672000,
    "grossProfit": 41452000,
    "grossProfitRatio": 0.2168853728,
    "researchAndDevelopmentExpenses": 0,
    "generalAndAdministrativeExpenses": 11364000,
    "sellingAndMarketingExpenses": 0,
    "sellingGeneralAndAdministrativeExpenses": 11364000,
    "otherExpenses": -3509000,
    "operatingExpenses": 7855000,
    "costAndExpenses": 157527000,
    "interestIncome": 829000,
    "interestExpense": 30939000,
    "depreciationAndAmortization": 85442000,
    "ebitda": 116074000,
    "ebitdaratio": 0.6073229945,
    "operatingIncome": 33597000,
    "operatingIncomeRatio": 0.1757864005,
    "totalOtherIncomeExpensesNet": -23650000,
    "incomeBeforeTax": 577000,
    "incomeBeforeTaxRatio": 0.0030189824,
    "incomeTaxExpense": -2658000,
    "netIncome": 3188000,
    "netIncomeRatio": 0.0166802704,
    "eps": 0.0128,
    "epsdiluted": 0.0127,
    "weightedAverageShsOut": 249985000,
    "weightedAverageShsOutDil": 251454000,
    "link": "https://www.sec.gov/Archives/edgar/data/74208/000007420813000016/0000074208-13-000016-index.htm",
    "finalLink": "https://www.sec.gov/Archives/edgar/data/74208/000007420813000016/udr-2013930x10q.htm"
  },
  {
    "date": "2013-06-30",
    "symbol": "UDR",
    "reportedCurrency": "USD",
    "cik": "0000074208",
    "fillingDate": "2013-07-30",
    "acceptedDate": "2013-07-30 14:18:02",
    "calendarYear": "2013",
    "period": "Q2",
    "revenue": 189502000,
    "costOfRevenue": 148787000,
    "grossProfit": 40715000,
    "grossProfitRatio": 0.2148526137,
    "researchAndDevelopmentExpenses": 0,
    "generalAndAdministrativeExpenses": 9866000,
    "sellingAndMarketingExpenses": 0,
    "sellingGeneralAndAdministrativeExpenses": 9866000,
    "otherExpenses": 166000,
    "operatingExpenses": 10032000,
    "costAndExpenses": 158819000,
    "interestIncome": 1446000,
    "interestExpense": 30803000,
    "depreciationAndAmortization": 86269000,
    "ebitda": 118913000,
    "ebitdaratio": 0.6275026121,
    "operatingIncome": 30683000,
    "operatingIncomeRatio": 0.1619138584,
    "totalOtherIncomeExpensesNet": -29672000,
    "incomeBeforeTax": 2671000,
    "incomeBeforeTaxRatio": 0.014094838,
    "incomeTaxExpense": -2683000,
    "netIncome": 5192000,
    "netIncomeRatio": 0.0273981277,
    "eps": 0.02,
    "epsdiluted": 0.02,
    "weightedAverageShsOut": 249985000,
    "weightedAverageShsOutDil": 251406000,
    "link": "https://www.sec.gov/Archives/edgar/data/74208/000007420813000013/0000074208-13-000013-index.htm",
    "finalLink": "https://www.sec.gov/Archives/edgar/data/74208/000007420813000013/udr-2013630x10q.htm"
  },
  {
    "date": "2013-03-31",
    "symbol": "UDR",
    "reportedCurrency": "USD",
    "cik": "0000074208",
    "fillingDate": "2013-05-02",
    "acceptedDate": "2013-05-02 14:59:11",
    "calendarYear": "2013",
    "period": "Q1",
    "revenue": 184884000,
    "costOfRevenue": 146015000,
    "grossProfit": 38869000,
    "grossProfitRatio": 0.2102345254,
    "researchAndDevelopmentExpenses": 0,
    "generalAndAdministrativeExpenses": 9476000,
    "sellingAndMarketingExpenses": 0,
    "sellingGeneralAndAdministrativeExpenses": 9476000,
    "otherExpenses": -239000,
    "operatingExpenses": 9237000,
    "costAndExpenses": 155252000,
    "interestIncome": 1016000,
    "interestExpense": 30981000,
    "depreciationAndAmortization": 84588000,
    "ebitda": 112434000,
    "ebitdaratio": 0.608132667,
    "operatingIncome": 29632000,
    "operatingIncomeRatio": 0.1602734688,
    "totalOtherIncomeExpensesNet": -26944000,
    "incomeBeforeTax": -2282000,
    "incomeBeforeTaxRatio": -0.0123428745,
    "incomeTaxExpense": -1973000,
    "netIncome": -268000,
    "netIncomeRatio": -0.0014495576,
    "eps": -0.0011,
    "epsdiluted": -0.0011,
    "weightedAverageShsOut": 249917000,
    "weightedAverageShsOutDil": 249917000,
    "link": "https://www.sec.gov/Archives/edgar/data/74208/000007420813000010/0000074208-13-000010-index.htm",
    "finalLink": "https://www.sec.gov/Archives/edgar/data/74208/000007420813000010/udr-2013331x10q1.htm"
  },
  {
    "date": "2012-12-31",
    "symbol": "UDR",
    "reportedCurrency": "USD",
    "cik": "0000074208",
    "fillingDate": "2013-02-27",
    "acceptedDate": "2013-02-26 17:37:37",
    "calendarYear": "2012",
    "period": "Q4",
    "revenue": 186419000,
    "costOfRevenue": 298667000,
    "grossProfit": -112248000,
    "grossProfitRatio": -0.6021274655,
    "researchAndDevelopmentExpenses": 0,
    "generalAndAdministrativeExpenses": 6824000,
    "sellingAndMarketingExpenses": 0,
    "sellingGeneralAndAdministrativeExpenses": 117894000,
    "otherExpenses": -218160000,
    "operatingExpenses": -100266000,
    "costAndExpenses": 198401000,
    "interestIncome": 0,
    "interestExpense": 30660000,
    "depreciationAndAmortization": 84548000,
    "ebitda": 100469000,
    "ebitdaratio": 0.5389418461,
    "operatingIncome": -11982000,
    "operatingIncomeRatio": -0.0642745643,
    "totalOtherIncomeExpensesNet": -6026000,
    "incomeBeforeTax": -14739000,
    "incomeBeforeTaxRatio": -0.0790638293,
    "incomeTaxExpense": -1628000,
    "netIncome": -12300000,
    "netIncomeRatio": -0.065980399,
    "eps": -0.0495,
    "epsdiluted": -0.0492,
    "weightedAverageShsOut": 248248710,
    "weightedAverageShsOutDil": 249809000,
    "link": "https://www.sec.gov/Archives/edgar/data/74208/000007420813000007/0000074208-13-000007-index.htm",
    "finalLink": "https://www.sec.gov/Archives/edgar/data/74208/000007420813000007/udr-20121231x10k.htm"
  },
  {
    "date": "2012-09-30",
    "symbol": "UDR",
    "reportedCurrency": "USD",
    "cik": "0000074208",
    "fillingDate": "2012-10-31",
    "acceptedDate": "2012-10-31 15:21:59",
    "calendarYear": "2012",
    "period": "Q3",
    "revenue": 185086000,
    "costOfRevenue": 152693000,
    "grossProfit": 32393000,
    "grossProfitRatio": 0.1750159385,
    "researchAndDevelopmentExpenses": 0,
    "generalAndAdministrativeExpenses": 10022000,
    "sellingAndMarketingExpenses": 0,
    "sellingGeneralAndAdministrativeExpenses": 10022000,
    "otherExpenses": 2545000,
    "operatingExpenses": 12567000,
    "costAndExpenses": 165260000,
    "interestIncome": 1235000,
    "interestExpense": 31845000,
    "depreciationAndAmortization": 89301000,
    "ebitda": 109643000,
    "ebitdaratio": 0.5923894838,
    "operatingIncome": 19826000,
    "operatingIncomeRatio": 0.1071177723,
    "totalOtherIncomeExpensesNet": -31329000,
    "incomeBeforeTax": -11503000,
    "incomeBeforeTaxRatio": -0.0621494873,
    "incomeTaxExpense": -2960000,
    "netIncome": -9031000,
    "netIncomeRatio": -0.0487935338,
    "eps": -0.0361,
    "epsdiluted": -0.0361,
    "weightedAverageShsOut": 249825000,
    "weightedAverageShsOutDil": 249825000,
    "link": "https://www.sec.gov/Archives/edgar/data/74208/000007420812000011/0000074208-12-000011-index.htm",
    "finalLink": "https://www.sec.gov/Archives/edgar/data/74208/000007420812000011/udr-2012930x10q.htm"
  },
  {
    "date": "2012-06-30",
    "symbol": "UDR",
    "reportedCurrency": "USD",
    "cik": "0000074208",
    "fillingDate": "2012-08-01",
    "acceptedDate": "2012-07-31 19:24:55",
    "calendarYear": "2012",
    "period": "Q2",
    "revenue": 180192000,
    "costOfRevenue": 146496000,
    "grossProfit": 33696000,
    "grossProfitRatio": 0.1870005328,
    "researchAndDevelopmentExpenses": 0,
    "generalAndAdministrativeExpenses": 13738000,
    "sellingAndMarketingExpenses": 0,
    "sellingGeneralAndAdministrativeExpenses": 13738000,
    "otherExpenses": 2451000,
    "operatingExpenses": 16189000,
    "costAndExpenses": 162685000,
    "interestIncome": 506000,
    "interestExpense": 41542000,
    "depreciationAndAmortization": 85491000,
    "ebitda": 101092000,
    "ebitdaratio": 0.5610237968,
    "operatingIncome": 17507000,
    "operatingIncomeRatio": 0.0971574765,
    "totalOtherIncomeExpensesNet": -43448000,
    "incomeBeforeTax": -25941000,
    "incomeBeforeTaxRatio": -0.143963106,
    "incomeTaxExpense": -2818000,
    "netIncome": 150352000,
    "netIncomeRatio": 0.8343988634,
    "eps": 0.62,
    "epsdiluted": 0.62,
    "weightedAverageShsOut": 234031000,
    "weightedAverageShsOutDil": 234031000,
    "link": "https://www.sec.gov/Archives/edgar/data/74208/000007420812000007/0000074208-12-000007-index.htm",
    "finalLink": "https://www.sec.gov/Archives/edgar/data/74208/000007420812000007/udr-2012630x10q.htm"
  },
  {
    "date": "2012-03-31",
    "symbol": "UDR",
    "reportedCurrency": "USD",
    "cik": "0000074208",
    "fillingDate": "2012-05-02",
    "acceptedDate": "2012-05-02 13:31:47",
    "calendarYear": "2012",
    "period": "Q1",
    "revenue": 175231000,
    "costOfRevenue": 147944000,
    "grossProfit": 27287000,
    "grossProfitRatio": 0.1557201637,
    "researchAndDevelopmentExpenses": 0,
    "generalAndAdministrativeExpenses": 30814000,
    "sellingAndMarketingExpenses": 0,
    "sellingGeneralAndAdministrativeExpenses": 9379000,
    "otherExpenses": 2301000,
    "operatingExpenses": 11680000,
    "costAndExpenses": 159624000,
    "interestIncome": 694000,
    "interestExpense": 34745000,
    "depreciationAndAmortization": 95165000,
    "ebitda": 108775000,
    "ebitdaratio": 0.6207520359,
    "operatingIncome": 15607000,
    "operatingIncomeRatio": 0.089065291,
    "totalOtherIncomeExpensesNet": -2691000,
    "incomeBeforeTax": -21135000,
    "incomeBeforeTaxRatio": -0.1206122204,
    "incomeTaxExpense": -22876000,
    "netIncome": 83156000,
    "netIncomeRatio": 0.4745507359,
    "eps": 0.37,
    "epsdiluted": 0.37,
    "weightedAverageShsOut": 221500000,
    "weightedAverageShsOutDil": 221500000,
    "link": "https://www.sec.gov/Archives/edgar/data/74208/000007420812000003/0000074208-12-000003-index.htm",
    "finalLink": "https://www.sec.gov/Archives/edgar/data/74208/000007420812000003/udr-2012331x10q.htm"
  },
  {
    "date": "2011-12-31",
    "symbol": "UDR",
    "reportedCurrency": "USD",
    "cik": "0000074208",
    "fillingDate": "2012-02-27",
    "acceptedDate": "2012-02-27 07:24:52",
    "calendarYear": "2011",
    "period": "Q4",
    "revenue": 174386000,
    "costOfRevenue": 59492000,
    "grossProfit": 114894000,
    "grossProfitRatio": 0.6588487608,
    "researchAndDevelopmentExpenses": 0,
    "generalAndAdministrativeExpenses": 44978000,
    "sellingAndMarketingExpenses": 0,
    "sellingGeneralAndAdministrativeExpenses": 10403000,
    "otherExpenses": 133951000,
    "operatingExpenses": 144354000,
    "costAndExpenses": 203846000,
    "interestIncome": 0,
    "interestExpense": 39413000,
    "depreciationAndAmortization": 98266000,
    "ebitda": 106127000,
    "ebitdaratio": 0.6085752297,
    "operatingIncome": -29460000,
    "operatingIncomeRatio": -0.1689355797,
    "totalOtherIncomeExpensesNet": -2092000,
    "incomeBeforeTax": -31552000,
    "incomeBeforeTaxRatio": -0.1809319555,
    "incomeTaxExpense": 29030000,
    "netIncome": 46498000,
    "netIncomeRatio": 0.2666383769,
    "eps": 0.21,
    "epsdiluted": 0.21,
    "weightedAverageShsOut": 218007000,
    "weightedAverageShsOutDil": 221500000,
    "link": "https://www.sec.gov/Archives/edgar/data/74208/000095012312003185/0000950123-12-003185-index.htm",
    "finalLink": "https://www.sec.gov/Archives/edgar/data/74208/000095012312003185/c25564e10vk.htm"
  },
  {
    "date": "2011-09-30",
    "symbol": "UDR",
    "reportedCurrency": "USD",
    "cik": "0000074208",
    "fillingDate": "2011-11-03",
    "acceptedDate": "2011-11-03 14:23:29",
    "calendarYear": "2011",
    "period": "Q3",
    "revenue": 169088000,
    "costOfRevenue": 57334000,
    "grossProfit": 111754000,
    "grossProfitRatio": 0.6609221234,
    "researchAndDevelopmentExpenses": 0,
    "generalAndAdministrativeExpenses": 23411000,
    "sellingAndMarketingExpenses": 0,
    "sellingGeneralAndAdministrativeExpenses": 11860000,
    "otherExpenses": 128281000,
    "operatingExpenses": 140141000,
    "costAndExpenses": 197475000,
    "interestIncome": 0,
    "interestExpense": 39975000,
    "depreciationAndAmortization": 98703000,
    "ebitda": 108711000,
    "ebitdaratio": 0.6429255772,
    "operatingIncome": -28387000,
    "operatingIncomeRatio": -0.1678829958,
    "totalOtherIncomeExpensesNet": -18979000,
    "incomeBeforeTax": -25596000,
    "incomeBeforeTaxRatio": -0.1513767979,
    "incomeTaxExpense": 32030000,
    "netIncome": -13251000,
    "netIncomeRatio": -0.0783674773,
    "eps": -0.062,
    "epsdiluted": -0.062,
    "weightedAverageShsOut": 213816000,
    "weightedAverageShsOutDil": 213816000,
    "link": "https://www.sec.gov/Archives/edgar/data/74208/000095012311094767/0000950123-11-094767-index.htm",
    "finalLink": "https://www.sec.gov/Archives/edgar/data/74208/000095012311094767/c22344e10vq.htm"
  },
  {
    "date": "2011-06-30",
    "symbol": "UDR",
    "reportedCurrency": "USD",
    "cik": "0000074208",
    "fillingDate": "2011-08-05",
    "acceptedDate": "2011-08-05 06:09:26",
    "calendarYear": "2011",
    "period": "Q2",
    "revenue": 153490000,
    "costOfRevenue": 53301000,
    "grossProfit": 100189000,
    "grossProfitRatio": 0.6527395922,
    "researchAndDevelopmentExpenses": 0,
    "generalAndAdministrativeExpenses": 24617000,
    "sellingAndMarketingExpenses": 0,
    "sellingGeneralAndAdministrativeExpenses": 12875000,
    "otherExpenses": 120096000,
    "operatingExpenses": 132971000,
    "costAndExpenses": 186272000,
    "interestIncome": 0,
    "interestExpense": 37660000,
    "depreciationAndAmortization": 92147000,
    "ebitda": 95677000,
    "ebitdaratio": 0.6233435403,
    "operatingIncome": -32782000,
    "operatingIncomeRatio": -0.2135774318,
    "totalOtherIncomeExpensesNet": -25594000,
    "incomeBeforeTax": -29909000,
    "incomeBeforeTaxRatio": -0.1948596,
    "incomeTaxExpense": 3229000,
    "netIncome": 14651000,
    "netIncomeRatio": 0.0954524725,
    "eps": 0.06,
    "epsdiluted": 0.06,
    "weightedAverageShsOut": 190479000,
    "weightedAverageShsOutDil": 190479000,
    "link": "https://www.sec.gov/Archives/edgar/data/74208/000095012311073205/0000950123-11-073205-index.htm",
    "finalLink": "https://www.sec.gov/Archives/edgar/data/74208/000095012311073205/c19060e10vq.htm"
  },
  {
    "date": "2011-03-31",
    "symbol": "UDR",
    "reportedCurrency": "USD",
    "cik": "0000074208",
    "fillingDate": "2011-05-03",
    "acceptedDate": "2011-05-03 13:33:10",
    "calendarYear": "2011",
    "period": "Q1",
    "revenue": 142348000,
    "costOfRevenue": 52818000,
    "grossProfit": 89530000,
    "grossProfitRatio": 0.6289515834,
    "researchAndDevelopmentExpenses": 0,
    "generalAndAdministrativeExpenses": 23320000,
    "sellingAndMarketingExpenses": 0,
    "sellingGeneralAndAdministrativeExpenses": 10630000,
    "otherExpenses": 110415000,
    "operatingExpenses": 121045000,
    "costAndExpenses": 173863000,
    "interestIncome": 0,
    "interestExpense": 39157000,
    "depreciationAndAmortization": 85158000,
    "ebitda": 91468000,
    "ebitdaratio": 0.6425661056,
    "operatingIncome": -31515000,
    "operatingIncomeRatio": -0.2213940484,
    "totalOtherIncomeExpensesNet": -4552000,
    "incomeBeforeTax": -170,
    "incomeBeforeTaxRatio": -0.0000011943,
    "incomeTaxExpense": 42099000,
    "netIncome": -27875000,
    "netIncomeRatio": -0.1958229129,
    "eps": -0.15,
    "epsdiluted": -0.15,
    "weightedAverageShsOut": 182531000,
    "weightedAverageShsOutDil": 182531000,
    "link": "https://www.sec.gov/Archives/edgar/data/74208/000095012311043653/0000950123-11-043653-index.htm",
    "finalLink": "https://www.sec.gov/Archives/edgar/data/74208/000095012311043653/c15245e10vq.htm"
  },
  {
    "date": "2010-12-31",
    "symbol": "UDR",
    "reportedCurrency": "USD",
    "cik": "0000074208",
    "fillingDate": "2011-02-23",
    "acceptedDate": "2011-02-23 17:02:48",
    "calendarYear": "2010",
    "period": "Q4",
    "revenue": 174769000,
    "costOfRevenue": 64364000,
    "grossProfit": 110405000,
    "grossProfitRatio": 0.6317195841,
    "researchAndDevelopmentExpenses": 0,
    "generalAndAdministrativeExpenses": 9422000,
    "sellingAndMarketingExpenses": 0,
    "sellingGeneralAndAdministrativeExpenses": 10783000,
    "otherExpenses": 127541000,
    "operatingExpenses": 138324000,
    "costAndExpenses": 202688000,
    "interestIncome": 0,
    "interestExpense": 37728000,
    "depreciationAndAmortization": 83043000,
    "ebitda": 99655000,
    "ebitdaratio": 0.5702098198,
    "operatingIncome": -27919000,
    "operatingIncomeRatio": -0.1597480102,
    "totalOtherIncomeExpensesNet": -25836000,
    "incomeBeforeTax": 31982000,
    "incomeBeforeTaxRatio": 0.1829958402,
    "incomeTaxExpense": -146000,
    "netIncome": -28456000,
    "netIncomeRatio": -0.1628206375,
    "eps": -0.16,
    "epsdiluted": -0.16,
    "weightedAverageShsOut": 180905000,
    "weightedAverageShsOutDil": 182531000,
    "link": "https://www.sec.gov/Archives/edgar/data/74208/000095012311017187/0000950123-11-017187-index.htm",
    "finalLink": "https://www.sec.gov/Archives/edgar/data/74208/000095012311017187/d78598e10vk.htm"
  },
  {
    "date": "2010-09-30",
    "symbol": "UDR",
    "reportedCurrency": "USD",
    "cik": "0000074208",
    "fillingDate": "2010-11-09",
    "acceptedDate": "2010-11-09 13:29:41",
    "calendarYear": "2010",
    "period": "Q3",
    "revenue": 152331000,
    "costOfRevenue": 57558000,
    "grossProfit": 94773000,
    "grossProfitRatio": 0.6221517616,
    "researchAndDevelopmentExpenses": 0,
    "generalAndAdministrativeExpenses": 32713000,
    "sellingAndMarketingExpenses": 0,
    "sellingGeneralAndAdministrativeExpenses": 11994000,
    "otherExpenses": 110586000,
    "operatingExpenses": 122580000,
    "costAndExpenses": 180138000,
    "interestIncome": 0,
    "interestExpense": 37079000,
    "depreciationAndAmortization": 76782000,
    "ebitda": 85219000,
    "ebitdaratio": 0.5594330767,
    "operatingIncome": -27807000,
    "operatingIncomeRatio": -0.1825432775,
    "totalOtherIncomeExpensesNet": -835000,
    "incomeBeforeTax": -8571000,
    "incomeBeforeTaxRatio": -0.0562656321,
    "incomeTaxExpense": 33762000,
    "netIncome": -23766000,
    "netIncomeRatio": -0.1560155188,
    "eps": -0.14,
    "epsdiluted": -0.14,
    "weightedAverageShsOut": 165403000,
    "weightedAverageShsOutDil": 165403000,
    "link": "https://www.sec.gov/Archives/edgar/data/74208/000095012310103088/0000950123-10-103088-index.htm",
    "finalLink": "https://www.sec.gov/Archives/edgar/data/74208/000095012310103088/c05794e10vq.htm"
  },
  {
    "date": "2010-06-30",
    "symbol": "UDR",
    "reportedCurrency": "USD",
    "cik": "0000074208",
    "fillingDate": "2010-08-03",
    "acceptedDate": "2010-08-03 12:48:01",
    "calendarYear": "2010",
    "period": "Q2",
    "revenue": 148703000,
    "costOfRevenue": 55531000,
    "grossProfit": 93172000,
    "grossProfitRatio": 0.6265643598,
    "researchAndDevelopmentExpenses": 0,
    "generalAndAdministrativeExpenses": 9491000,
    "sellingAndMarketingExpenses": 0,
    "sellingGeneralAndAdministrativeExpenses": 10293000,
    "otherExpenses": 110195000,
    "operatingExpenses": 120488000,
    "costAndExpenses": 176019000,
    "interestIncome": 0,
    "interestExpense": 37176000,
    "depreciationAndAmortization": 75034000,
    "ebitda": 83709000,
    "ebitdaratio": 0.562927446,
    "operatingIncome": -27316000,
    "operatingIncomeRatio": -0.1836950162,
    "totalOtherIncomeExpensesNet": -440000,
    "incomeBeforeTax": -27756000,
    "incomeBeforeTaxRatio": -0.1866539344,
    "incomeTaxExpense": 81000,
    "netIncome": -26621000,
    "netIncomeRatio": -0.1790212706,
    "eps": -0.17,
    "epsdiluted": -0.17,
    "weightedAverageShsOut": 160886000,
    "weightedAverageShsOutDil": 160886000,
    "link": "https://www.sec.gov/Archives/edgar/data/74208/000095012310071644/0000950123-10-071644-index.htm",
    "finalLink": "https://www.sec.gov/Archives/edgar/data/74208/000095012310071644/c03243e10vq.htm"
  },
  {
    "date": "2010-03-31",
    "symbol": "UDR",
    "reportedCurrency": "USD",
    "cik": "0000074208",
    "fillingDate": "2010-05-04",
    "acceptedDate": "2010-05-04 15:05:05",
    "calendarYear": "2010",
    "period": "Q1",
    "revenue": 146624000,
    "costOfRevenue": 57083000,
    "grossProfit": 89541000,
    "grossProfitRatio": 0.6106844718,
    "researchAndDevelopmentExpenses": 0,
    "generalAndAdministrativeExpenses": 9575000,
    "sellingAndMarketingExpenses": 0,
    "sellingGeneralAndAdministrativeExpenses": 9640000,
    "otherExpenses": 106460000,
    "operatingExpenses": 116100000,
    "costAndExpenses": 173183000,
    "interestIncome": 0,
    "interestExpense": 36100000,
    "depreciationAndAmortization": 73430000,
    "ebitda": 82971000,
    "ebitdaratio": 0.5658759821,
    "operatingIncome": -26559000,
    "operatingIncomeRatio": -0.1811367852,
    "totalOtherIncomeExpensesNet": -737000,
    "incomeBeforeTax": -24920000,
    "incomeBeforeTaxRatio": -0.1699585334,
    "incomeTaxExpense": 65000,
    "netIncome": -24056000,
    "netIncomeRatio": -0.1640659101,
    "eps": -0.15,
    "epsdiluted": -0.15,
    "weightedAverageShsOut": 156131000,
    "weightedAverageShsOutDil": 156131000,
    "link": "https://www.sec.gov/Archives/edgar/data/74208/000095012310043447/0000950123-10-043447-index.htm",
    "finalLink": "https://www.sec.gov/Archives/edgar/data/74208/000095012310043447/c00070e10vq.htm"
  },
  {
    "date": "2009-12-31",
    "symbol": "UDR",
    "reportedCurrency": "USD",
    "cik": "0000074208",
    "fillingDate": "2010-02-25",
    "acceptedDate": "2010-02-25 15:45:44",
    "calendarYear": "2009",
    "period": "Q4",
    "revenue": 153795000,
    "costOfRevenue": 333968000,
    "grossProfit": -180173000,
    "grossProfitRatio": -1.1715140284,
    "researchAndDevelopmentExpenses": 0,
    "generalAndAdministrativeExpenses": 39812000,
    "sellingAndMarketingExpenses": 0,
    "sellingGeneralAndAdministrativeExpenses": 12015000,
    "otherExpenses": -167189000,
    "operatingExpenses": -155174000,
    "costAndExpenses": 178794000,
    "interestIncome": 0,
    "interestExpense": 39127000,
    "depreciationAndAmortization": 72075000,
    "ebitda": 85103000,
    "ebitdaratio": 0.55335349,
    "operatingIncome": -24999000,
    "operatingIncomeRatio": -0.1625475471,
    "totalOtherIncomeExpensesNet": -1100000,
    "incomeBeforeTax": -26099000,
    "incomeBeforeTaxRatio": -0.1696999252,
    "incomeTaxExpense": -376000,
    "netIncome": -24869000,
    "netIncomeRatio": -0.161702266,
    "eps": -0.16,
    "epsdiluted": -0.16,
    "weightedAverageShsOut": 152711000,
    "weightedAverageShsOutDil": 156131000,
    "link": "https://www.sec.gov/Archives/edgar/data/74208/000095012310017015/0000950123-10-017015-index.htm",
    "finalLink": "https://www.sec.gov/Archives/edgar/data/74208/000095012310017015/d71186e10vk.htm"
  },
  {
    "date": "2009-09-30",
    "symbol": "UDR",
    "reportedCurrency": "USD",
    "cik": "0000074208",
    "fillingDate": "2009-11-03",
    "acceptedDate": "2009-11-03 13:22:20",
    "calendarYear": "2009",
    "period": "Q3",
    "revenue": 151383000,
    "costOfRevenue": 57464000,
    "grossProfit": 93919000,
    "grossProfitRatio": 0.6204065186,
    "researchAndDevelopmentExpenses": 0,
    "generalAndAdministrativeExpenses": 8924000,
    "sellingAndMarketingExpenses": 0,
    "sellingGeneralAndAdministrativeExpenses": 8673000,
    "otherExpenses": 109059000,
    "operatingExpenses": 117732000,
    "costAndExpenses": 175196000,
    "interestIncome": 0,
    "interestExpense": 38640000,
    "depreciationAndAmortization": 70553000,
    "ebitda": 85380000,
    "ebitdaratio": 0.5639999207,
    "operatingIncome": -23813000,
    "operatingIncomeRatio": -0.1573029997,
    "totalOtherIncomeExpensesNet": -16529000,
    "incomeBeforeTax": -40342000,
    "incomeBeforeTaxRatio": -0.2664896323,
    "incomeTaxExpense": 14000,
    "netIncome": -37976000,
    "netIncomeRatio": -0.2508604004,
    "eps": -0.25,
    "epsdiluted": -0.25,
    "weightedAverageShsOut": 150000000,
    "weightedAverageShsOutDil": 150000000,
    "link": "https://www.sec.gov/Archives/edgar/data/74208/000095012309056760/0000950123-09-056760-index.htm",
    "finalLink": "https://www.sec.gov/Archives/edgar/data/74208/000095012309056760/c91753e10vq.htm"
  },
  {
    "date": "2009-06-30",
    "symbol": "UDR",
    "reportedCurrency": "USD",
    "cik": "0000074208",
    "fillingDate": "2009-08-06",
    "acceptedDate": "2009-08-06 17:02:07",
    "calendarYear": "2009",
    "period": "Q2",
    "revenue": 155802000,
    "costOfRevenue": 56644000,
    "grossProfit": 99158000,
    "grossProfitRatio": 0.6364359893,
    "researchAndDevelopmentExpenses": 0,
    "generalAndAdministrativeExpenses": 9145000,
    "sellingAndMarketingExpenses": 0,
    "sellingGeneralAndAdministrativeExpenses": 8905000,
    "otherExpenses": 104238000,
    "operatingExpenses": 113143000,
    "costAndExpenses": 169787000,
    "interestIncome": 0,
    "interestExpense": 33693000,
    "depreciationAndAmortization": 70545000,
    "ebitda": 89525000,
    "ebitdaratio": 0.5746075147,
    "operatingIncome": -13985000,
    "operatingIncomeRatio": -0.0897613638,
    "totalOtherIncomeExpensesNet": -728000,
    "incomeBeforeTax": -14713000,
    "incomeBeforeTaxRatio": -0.0944339611,
    "incomeTaxExpense": 29365000,
    "netIncome": -12058000,
    "netIncomeRatio": -0.0773931015,
    "eps": -0.0847,
    "epsdiluted": -0.0847,
    "weightedAverageShsOut": 149444000,
    "weightedAverageShsOutDil": 149444000,
    "link": "https://www.sec.gov/Archives/edgar/data/74208/000095012309031293/0000950123-09-031293-index.htm",
    "finalLink": "https://www.sec.gov/Archives/edgar/data/74208/000095012309031293/c88937e10vq.htm"
  },
  {
    "date": "2009-03-31",
    "symbol": "UDR",
    "reportedCurrency": "USD",
    "cik": "0000074208",
    "fillingDate": "2009-05-11",
    "acceptedDate": "2009-05-11 10:36:55",
    "calendarYear": "2009",
    "period": "Q1",
    "revenue": 155639000,
    "costOfRevenue": 57358000,
    "grossProfit": 98281000,
    "grossProfitRatio": 0.6314676913,
    "researchAndDevelopmentExpenses": 0,
    "generalAndAdministrativeExpenses": 9855000,
    "sellingAndMarketingExpenses": 0,
    "sellingGeneralAndAdministrativeExpenses": 9456000,
    "otherExpenses": 101312000,
    "operatingExpenses": 110768000,
    "costAndExpenses": 168126000,
    "interestIncome": 0,
    "interestExpense": 30692000,
    "depreciationAndAmortization": 70379000,
    "ebitda": 87867000,
    "ebitdaratio": 0.5645564415,
    "operatingIncome": -12487000,
    "operatingIncomeRatio": -0.0802305335,
    "totalOtherIncomeExpensesNet": -717000,
    "incomeBeforeTax": -13204000,
    "incomeBeforeTaxRatio": -0.084837348,
    "incomeTaxExpense": 51000,
    "netIncome": -12629000,
    "netIncomeRatio": -0.0811429012,
    "eps": -0.0876,
    "epsdiluted": -0.0876,
    "weightedAverageShsOut": 144176000,
    "weightedAverageShsOutDil": 144176000,
    "link": "https://www.sec.gov/Archives/edgar/data/74208/000136231009007020/0001362310-09-007020-index.htm",
    "finalLink": "https://www.sec.gov/Archives/edgar/data/74208/000136231009007020/c85150e10vq.htm"
  },
  {
    "date": "2008-12-31",
    "symbol": "UDR",
    "reportedCurrency": "USD",
    "cik": "0000074208",
    "fillingDate": "2009-02-26",
    "acceptedDate": "2009-02-26 16:39:22",
    "calendarYear": "2008",
    "period": "Q4",
    "revenue": 152879000,
    "costOfRevenue": 58457000,
    "grossProfit": 94422000,
    "grossProfitRatio": 0.617625704,
    "researchAndDevelopmentExpenses": 0,
    "generalAndAdministrativeExpenses": 47179000,
    "sellingAndMarketingExpenses": 0,
    "sellingGeneralAndAdministrativeExpenses": 17644000,
    "otherExpenses": 97880000,
    "operatingExpenses": 115524000,
    "costAndExpenses": 173981000,
    "interestIncome": 0,
    "interestExpense": 53045000,
    "depreciationAndAmortization": 73344000,
    "ebitda": 161764000,
    "ebitdaratio": 1.0581178579,
    "operatingIncome": -21102000,
    "operatingIncomeRatio": -0.1380307302,
    "totalOtherIncomeExpensesNet": 728031000,
    "incomeBeforeTax": 706929000,
    "incomeBeforeTaxRatio": 4.6241079547,
    "incomeTaxExpense": 717751000,
    "netIncome": -10822000,
    "netIncomeRatio": -0.0707880088,
    "eps": -0.0733,
    "epsdiluted": -0.0733,
    "weightedAverageShsOut": 147614000,
    "weightedAverageShsOutDil": 147614000,
    "link": "https://www.sec.gov/Archives/edgar/data/74208/000095013409003865/0000950134-09-003865-index.htm",
    "finalLink": "https://www.sec.gov/Archives/edgar/data/74208/000095013409003865/d66511e10vk.htm"
  },
  {
    "date": "2008-09-30",
    "symbol": "UDR",
    "reportedCurrency": "USD",
    "cik": "0000074208",
    "fillingDate": "2008-11-07",
    "acceptedDate": "2008-11-07 12:04:42",
    "calendarYear": "2008",
    "period": "Q3",
    "revenue": 157383000,
    "costOfRevenue": 57049000,
    "grossProfit": 100334000,
    "grossProfitRatio": 0.6375148523,
    "researchAndDevelopmentExpenses": 0,
    "generalAndAdministrativeExpenses": 9835000,
    "sellingAndMarketingExpenses": 0,
    "sellingGeneralAndAdministrativeExpenses": 9835000,
    "otherExpenses": 106531000,
    "operatingExpenses": 116366000,
    "costAndExpenses": 173415000,
    "interestIncome": 0,
    "interestExpense": 39007000,
    "depreciationAndAmortization": 66691000,
    "ebitda": 87769000,
    "ebitdaratio": 0.557677767,
    "operatingIncome": -16032000,
    "operatingIncomeRatio": -0.1018661482,
    "totalOtherIncomeExpensesNet": -15310000,
    "incomeBeforeTax": -8373000,
    "incomeBeforeTaxRatio": -0.0532014258,
    "incomeTaxExpense": 96921000,
    "netIncome": -9914000,
    "netIncomeRatio": -0.0629928264,
    "eps": -0.066,
    "epsdiluted": -0.066,
    "weightedAverageShsOut": 126845000,
    "weightedAverageShsOutDil": 126845000,
    "link": "https://www.sec.gov/Archives/edgar/data/74208/000136231008006846/0001362310-08-006846-index.htm",
    "finalLink": "https://www.sec.gov/Archives/edgar/data/74208/000136231008006846/c76847e10vq.htm"
  },
  {
    "date": "2008-06-30",
    "symbol": "UDR",
    "reportedCurrency": "USD",
    "cik": "0000074208",
    "fillingDate": "2008-08-11",
    "acceptedDate": "2008-08-11 14:19:53",
    "calendarYear": "2008",
    "period": "Q2",
    "revenue": 146645000,
    "costOfRevenue": 51226000,
    "grossProfit": 95419000,
    "grossProfitRatio": 0.6506802141,
    "researchAndDevelopmentExpenses": 0,
    "generalAndAdministrativeExpenses": 9931000,
    "sellingAndMarketingExpenses": 0,
    "sellingGeneralAndAdministrativeExpenses": 9931000,
    "otherExpenses": 101803000,
    "operatingExpenses": 111734000,
    "costAndExpenses": 162960000,
    "interestIncome": 0,
    "interestExpense": 38352000,
    "depreciationAndAmortization": 63451000,
    "ebitda": 84473000,
    "ebitdaratio": 0.5760373692,
    "operatingIncome": -16315000,
    "operatingIncomeRatio": -0.1112550718,
    "totalOtherIncomeExpensesNet": 12655000,
    "incomeBeforeTax": 865000,
    "incomeBeforeTaxRatio": 0.0058985987,
    "incomeTaxExpense": 24481000,
    "netIncome": -677000,
    "netIncomeRatio": -0.0046165911,
    "eps": 0.0063,
    "epsdiluted": 0.0063,
    "weightedAverageShsOut": 137969000,
    "weightedAverageShsOutDil": 137969000,
    "link": "https://www.sec.gov/Archives/edgar/data/74208/000136231008004423/0001362310-08-004423-index.htm",
    "finalLink": "https://www.sec.gov/Archives/edgar/data/74208/000136231008004423/c74462e10vq.htm"
  },
  {
    "date": "2008-03-31",
    "symbol": "UDR",
    "reportedCurrency": "USD",
    "cik": "0000074208",
    "fillingDate": "2008-05-12",
    "acceptedDate": "2008-05-12 13:12:18",
    "calendarYear": "2008",
    "period": "Q1",
    "revenue": 131213000,
    "costOfRevenue": 45935000,
    "grossProfit": 85278000,
    "grossProfitRatio": 0.6499203585,
    "researchAndDevelopmentExpenses": 0,
    "generalAndAdministrativeExpenses": 9769000,
    "sellingAndMarketingExpenses": 0,
    "sellingGeneralAndAdministrativeExpenses": 9769000,
    "otherExpenses": 90801000,
    "operatingExpenses": 100570000,
    "costAndExpenses": 146505000,
    "interestIncome": 0,
    "interestExpense": 40506000,
    "depreciationAndAmortization": 53364000,
    "ebitda": 78204000,
    "ebitdaratio": 0.5960080175,
    "operatingIncome": -15292000,
    "operatingIncomeRatio": -0.1165433303,
    "totalOtherIncomeExpensesNet": -374000,
    "incomeBeforeTax": 725259000,
    "incomeBeforeTaxRatio": 5.5273410409,
    "incomeTaxExpense": -702753000,
    "netIncome": 723719000,
    "netIncomeRatio": 5.515604399,
    "eps": 5.05,
    "epsdiluted": 5.05,
    "weightedAverageShsOut": 142547000,
    "weightedAverageShsOutDil": 142547000,
    "link": "https://www.sec.gov/Archives/edgar/data/74208/000103570408000207/0001035704-08-000207-index.htm",
    "finalLink": "https://www.sec.gov/Archives/edgar/data/74208/000103570408000207/d56779e10vq.htm"
  },
  {
    "date": "2007-12-31",
    "symbol": "UDR",
    "reportedCurrency": "USD",
    "cik": "0000074208",
    "fillingDate": "2008-02-26",
    "acceptedDate": "2008-02-26 16:42:10",
    "calendarYear": "2007",
    "period": "Q4",
    "revenue": -36346000,
    "costOfRevenue": -17928000,
    "grossProfit": -18418000,
    "grossProfitRatio": 0.5067407693,
    "researchAndDevelopmentExpenses": 0,
    "generalAndAdministrativeExpenses": 39566000,
    "sellingAndMarketingExpenses": 0,
    "sellingGeneralAndAdministrativeExpenses": 11416000,
    "otherExpenses": 48282000,
    "operatingExpenses": 59698000,
    "costAndExpenses": 41770000,
    "interestIncome": 0,
    "interestExpense": 41602000,
    "depreciationAndAmortization": 65147000,
    "ebitda": 32966000,
    "ebitdaratio": -0.9070048974,
    "operatingIncome": -78116000,
    "operatingIncomeRatio": 2.1492323777,
    "totalOtherIncomeExpensesNet": 299465000,
    "incomeBeforeTax": 221349000,
    "incomeBeforeTaxRatio": -6.0900511748,
    "incomeTaxExpense": 117357000,
    "netIncome": 103991000,
    "netIncomeRatio": -2.861140153,
    "eps": 0.79,
    "epsdiluted": 0.79,
    "weightedAverageShsOut": 131665000,
    "weightedAverageShsOutDil": 131665000,
    "link": "https://www.sec.gov/Archives/edgar/data/74208/000095013408003462/0000950134-08-003462-index.htm",
    "finalLink": "https://www.sec.gov/Archives/edgar/data/74208/000095013408003462/d53793e10vk.htm"
  },
  {
    "date": "2007-09-30",
    "symbol": "UDR",
    "reportedCurrency": "USD",
    "cik": "0000074208",
    "fillingDate": "2007-11-09",
    "acceptedDate": "2007-11-09 14:28:52",
    "calendarYear": "2007",
    "period": "Q3",
    "revenue": 134487000,
    "costOfRevenue": 47688000,
    "grossProfit": 86799000,
    "grossProfitRatio": 0.6454081064,
    "researchAndDevelopmentExpenses": 0,
    "generalAndAdministrativeExpenses": 8720000,
    "sellingAndMarketingExpenses": 0,
    "sellingGeneralAndAdministrativeExpenses": 8788000,
    "otherExpenses": 91110000,
    "operatingExpenses": 99898000,
    "costAndExpenses": 147586000,
    "interestIncome": 0,
    "interestExpense": 42170000,
    "depreciationAndAmortization": 65626000,
    "ebitda": 94697000,
    "ebitdaratio": 0.7041349722,
    "operatingIncome": -13099000,
    "operatingIncomeRatio": -0.0973997487,
    "totalOtherIncomeExpensesNet": -6256000,
    "incomeBeforeTax": 78829000,
    "incomeBeforeTaxRatio": 0.5861458728,
    "incomeTaxExpense": -38939000,
    "netIncome": 78829000,
    "netIncomeRatio": 0.5861458728,
    "eps": 0.56,
    "epsdiluted": 0.56,
    "weightedAverageShsOut": 133854000,
    "weightedAverageShsOutDil": 133854000,
    "link": "https://www.sec.gov/Archives/edgar/data/74208/000095013407023499/0000950134-07-023499-index.htm",
    "finalLink": "https://www.sec.gov/Archives/edgar/data/74208/000095013407023499/d51243e10vq.htm"
  },
  {
    "date": "2007-06-30",
    "symbol": "UDR",
    "reportedCurrency": "USD",
    "cik": "0000074208",
    "fillingDate": "2007-08-09",
    "acceptedDate": "2007-08-09 14:11:51",
    "calendarYear": "2007",
    "period": "Q2",
    "revenue": 127235000,
    "costOfRevenue": 44446000,
    "grossProfit": 82789000,
    "grossProfitRatio": 0.6506778795,
    "researchAndDevelopmentExpenses": 0,
    "generalAndAdministrativeExpenses": 9604000,
    "sellingAndMarketingExpenses": 0,
    "sellingGeneralAndAdministrativeExpenses": 9670000,
    "otherExpenses": 86762000,
    "operatingExpenses": 96432000,
    "costAndExpenses": 140878000,
    "interestIncome": 0,
    "interestExpense": 38230000,
    "depreciationAndAmortization": 65250000,
    "ebitda": 89837000,
    "ebitdaratio": 0.7060714426,
    "operatingIncome": -13643000,
    "operatingIncomeRatio": -0.1072267851,
    "totalOtherIncomeExpensesNet": 12701000,
    "incomeBeforeTax": 6696000,
    "incomeBeforeTaxRatio": 0.0526270287,
    "incomeTaxExpense": 30727000,
    "netIncome": 6696000,
    "netIncomeRatio": 0.0526270287,
    "eps": 0.0497,
    "epsdiluted": 0.0497,
    "weightedAverageShsOut": 134727000,
    "weightedAverageShsOutDil": 134727000,
    "link": "https://www.sec.gov/Archives/edgar/data/74208/000103570407000581/0001035704-07-000581-index.htm",
    "finalLink": "https://www.sec.gov/Archives/edgar/data/74208/000103570407000581/d48807e10vq.htm"
  },
  {
    "date": "2007-03-31",
    "symbol": "UDR",
    "reportedCurrency": "USD",
    "cik": "0000074208",
    "fillingDate": "2007-05-10",
    "acceptedDate": "2007-05-10 16:31:35",
    "calendarYear": "2007",
    "period": "Q1",
    "revenue": 126418000,
    "costOfRevenue": 45853000,
    "grossProfit": 80565000,
    "grossProfitRatio": 0.6372905757,
    "researchAndDevelopmentExpenses": 0,
    "generalAndAdministrativeExpenses": 9826000,
    "sellingAndMarketingExpenses": 0,
    "sellingGeneralAndAdministrativeExpenses": 9892000,
    "otherExpenses": 84918000,
    "operatingExpenses": 94810000,
    "costAndExpenses": 140663000,
    "interestIncome": 0,
    "interestExpense": 39726000,
    "depreciationAndAmortization": 65014000,
    "ebitda": 90495000,
    "ebitdaratio": 0.7158395165,
    "operatingIncome": -14245000,
    "operatingIncomeRatio": -0.1126817384,
    "totalOtherIncomeExpensesNet": -8129000,
    "incomeBeforeTax": 31832000,
    "incomeBeforeTaxRatio": 0.2517995855,
    "incomeTaxExpense": 4233000,
    "netIncome": 31832000,
    "netIncomeRatio": 0.2517995855,
    "eps": 0.21,
    "epsdiluted": 0.21,
    "weightedAverageShsOut": 134511000,
    "weightedAverageShsOutDil": 134511000,
    "link": "https://www.sec.gov/Archives/edgar/data/74208/000103570407000386/0001035704-07-000386-index.htm",
    "finalLink": "https://www.sec.gov/Archives/edgar/data/74208/000103570407000386/d46318e10vq.htm"
  },
  {
    "date": "2006-12-31",
    "symbol": "UDR",
    "reportedCurrency": "USD",
    "cik": "0000074208",
    "fillingDate": "2007-03-01",
    "acceptedDate": "2007-03-01 14:54:43",
    "calendarYear": "2006",
    "period": "Q4",
    "revenue": 180674000,
    "costOfRevenue": 70899000,
    "grossProfit": 109775000,
    "grossProfitRatio": 0.6075860389,
    "researchAndDevelopmentExpenses": 0,
    "generalAndAdministrativeExpenses": 31198000,
    "sellingAndMarketingExpenses": 0,
    "sellingGeneralAndAdministrativeExpenses": 10217000,
    "otherExpenses": 109186000,
    "operatingExpenses": 119403000,
    "costAndExpenses": 190302000,
    "interestIncome": 0,
    "interestExpense": 44236000,
    "depreciationAndAmortization": 65085000,
    "ebitda": 99693000,
    "ebitdaratio": 0.5517838759,
    "operatingIncome": -9628000,
    "operatingIncomeRatio": -0.0532893499,
    "totalOtherIncomeExpensesNet": 138233000,
    "incomeBeforeTax": 128605000,
    "incomeBeforeTaxRatio": 0.7118069008,
    "incomeTaxExpense": 103543000,
    "netIncome": 25060000,
    "netIncomeRatio": 0.1387028571,
    "eps": 0.19,
    "epsdiluted": 0.19,
    "weightedAverageShsOut": 133948000,
    "weightedAverageShsOutDil": 134511000,
    "link": "https://www.sec.gov/Archives/edgar/data/74208/000103570407000184/0001035704-07-000184-index.htm",
    "finalLink": "https://www.sec.gov/Archives/edgar/data/74208/000103570407000184/d43664e10vk.htm"
  },
  {
    "date": "2006-09-30",
    "symbol": "UDR",
    "reportedCurrency": "USD",
    "cik": "0000074208",
    "fillingDate": "2006-11-09",
    "acceptedDate": "2006-11-09 17:16:34",
    "calendarYear": "2006",
    "period": "Q3",
    "revenue": 171640000,
    "costOfRevenue": 66559000,
    "grossProfit": 105081000,
    "grossProfitRatio": 0.6122174318,
    "researchAndDevelopmentExpenses": 0,
    "generalAndAdministrativeExpenses": 7381000,
    "sellingAndMarketingExpenses": 0,
    "sellingGeneralAndAdministrativeExpenses": 7381000,
    "otherExpenses": 105355000,
    "operatingExpenses": 112736000,
    "costAndExpenses": 179295000,
    "interestIncome": 0,
    "interestExpense": 47068000,
    "depreciationAndAmortization": 62684000,
    "ebitda": 102097000,
    "ebitdaratio": 0.5948322069,
    "operatingIncome": -7655000,
    "operatingIncomeRatio": -0.044599161,
    "totalOtherIncomeExpensesNet": -6541000,
    "incomeBeforeTax": 59352000,
    "incomeBeforeTaxRatio": 0.3457935213,
    "incomeTaxExpense": -18745000,
    "netIncome": 59352000,
    "netIncomeRatio": 0.3457935213,
    "eps": 0.42,
    "epsdiluted": 0.42,
    "weightedAverageShsOut": 133712000,
    "weightedAverageShsOutDil": 133712000,
    "link": "https://www.sec.gov/Archives/edgar/data/74208/000110465906073745/0001104659-06-073745-index.htm",
    "finalLink": "https://www.sec.gov/Archives/edgar/data/74208/000110465906073745/a06-22170_210q.htm"
  },
  {
    "date": "2006-06-30",
    "symbol": "UDR",
    "reportedCurrency": "USD",
    "cik": "0000074208",
    "fillingDate": "2006-08-09",
    "acceptedDate": "2006-08-09 15:08:17",
    "calendarYear": "2006",
    "period": "Q2",
    "revenue": 165921000,
    "costOfRevenue": 64241000,
    "grossProfit": 101680000,
    "grossProfitRatio": 0.6128217646,
    "researchAndDevelopmentExpenses": 0,
    "generalAndAdministrativeExpenses": 6837000,
    "sellingAndMarketingExpenses": 0,
    "sellingGeneralAndAdministrativeExpenses": 6837000,
    "otherExpenses": 101829000,
    "operatingExpenses": 108666000,
    "costAndExpenses": 172907000,
    "interestIncome": 0,
    "interestExpense": 46430000,
    "depreciationAndAmortization": 59730000,
    "ebitda": 99174000,
    "ebitdaratio": 0.5977181912,
    "operatingIncome": -6986000,
    "operatingIncomeRatio": -0.042104375,
    "totalOtherIncomeExpensesNet": -3979000,
    "incomeBeforeTax": 32184000,
    "incomeBeforeTaxRatio": 0.19397183,
    "incomeTaxExpense": 9930000,
    "netIncome": 32184000,
    "netIncomeRatio": 0.19397183,
    "eps": 0.21,
    "epsdiluted": 0.21,
    "weightedAverageShsOut": 133676000,
    "weightedAverageShsOutDil": 133676000,
    "link": "https://www.sec.gov/Archives/edgar/data/74208/000110465906053051/0001104659-06-053051-index.htm",
    "finalLink": "https://www.sec.gov/Archives/edgar/data/74208/000110465906053051/a06-17571_110q.htm"
  },
  {
    "date": "2006-03-31",
    "symbol": "UDR",
    "reportedCurrency": "USD",
    "cik": "0000074208",
    "fillingDate": "2006-05-10",
    "acceptedDate": "2006-05-10 15:11:44",
    "calendarYear": "2006",
    "period": "Q1",
    "revenue": 167610000,
    "costOfRevenue": 68543000,
    "grossProfit": 99067000,
    "grossProfitRatio": 0.5910566195,
    "researchAndDevelopmentExpenses": 0,
    "generalAndAdministrativeExpenses": 6764000,
    "sellingAndMarketingExpenses": 0,
    "sellingGeneralAndAdministrativeExpenses": 6764000,
    "otherExpenses": 99496000,
    "operatingExpenses": 106260000,
    "costAndExpenses": 174803000,
    "interestIncome": 0,
    "interestExpense": 44470000,
    "depreciationAndAmortization": 59435000,
    "ebitda": 96712000,
    "ebitdaratio": 0.5770061452,
    "operatingIncome": -7193000,
    "operatingIncomeRatio": -0.0429151005,
    "totalOtherIncomeExpensesNet": 15811000,
    "incomeBeforeTax": 12007000,
    "incomeBeforeTaxRatio": 0.0716365372,
    "incomeTaxExpense": 28735000,
    "netIncome": 12007000,
    "netIncomeRatio": 0.0716365372,
    "eps": 0.0899,
    "epsdiluted": 0.0899,
    "weightedAverageShsOut": 133589000,
    "weightedAverageShsOutDil": 133589000,
    "link": "https://www.sec.gov/Archives/edgar/data/74208/000103570406000344/0001035704-06-000344-index.htm",
    "finalLink": "https://www.sec.gov/Archives/edgar/data/74208/000103570406000344/d35953e10vq.htm"
  },
  {
    "date": "2005-12-31",
    "symbol": "UDR",
    "reportedCurrency": "USD",
    "cik": "0000074208",
    "fillingDate": "2006-03-07",
    "acceptedDate": "2006-03-07 15:49:33",
    "calendarYear": "2005",
    "period": "Q4",
    "revenue": 181484000,
    "costOfRevenue": 69500000,
    "grossProfit": 111984000,
    "grossProfitRatio": 0.6170461308,
    "researchAndDevelopmentExpenses": 0,
    "generalAndAdministrativeExpenses": 24819000,
    "sellingAndMarketingExpenses": 0,
    "sellingGeneralAndAdministrativeExpenses": 7997000,
    "otherExpenses": 99794000,
    "operatingExpenses": 107791000,
    "costAndExpenses": 177291000,
    "interestIncome": 0,
    "interestExpense": 43161000,
    "depreciationAndAmortization": 56688000,
    "ebitda": 104110000,
    "ebitdaratio": 0.573659386,
    "operatingIncome": 4193000,
    "operatingIncomeRatio": 0.0231039651,
    "totalOtherIncomeExpensesNet": 33631000,
    "incomeBeforeTax": 155166000,
    "incomeBeforeTaxRatio": 0.8549844614,
    "incomeTaxExpense": 82517000,
    "netIncome": 72648000,
    "netIncomeRatio": 0.4002997509,
    "eps": 0.54,
    "epsdiluted": 0.54,
    "weightedAverageShsOut": 133589000,
    "weightedAverageShsOutDil": 133589000,
    "link": "https://www.sec.gov/Archives/edgar/data/74208/000103570406000151/0001035704-06-000151-index.htm",
    "finalLink": "https://www.sec.gov/Archives/edgar/data/74208/000103570406000151/d33186e10vk.htm"
  },
  {
    "date": "2005-09-30",
    "symbol": "UDR",
    "reportedCurrency": "USD",
    "cik": "0000074208",
    "fillingDate": "2005-11-09",
    "acceptedDate": "2005-11-09 14:51:16",
    "calendarYear": "2005",
    "period": "Q3",
    "revenue": 160034000,
    "costOfRevenue": 65473000,
    "grossProfit": 94561000,
    "grossProfitRatio": 0.5908806879,
    "researchAndDevelopmentExpenses": 0,
    "generalAndAdministrativeExpenses": 4913000,
    "sellingAndMarketingExpenses": 0,
    "sellingGeneralAndAdministrativeExpenses": 4913000,
    "otherExpenses": 91009000,
    "operatingExpenses": 95922000,
    "costAndExpenses": 161395000,
    "interestIncome": 0,
    "interestExpense": 41586000,
    "depreciationAndAmortization": 53730000,
    "ebitda": 93955000,
    "ebitdaratio": 0.5870939925,
    "operatingIncome": -1361000,
    "operatingIncomeRatio": -0.0085044428,
    "totalOtherIncomeExpensesNet": 12029000,
    "incomeBeforeTax": 15135000,
    "incomeBeforeTaxRatio": 0.0945736531,
    "incomeTaxExpense": 29379000,
    "netIncome": 15135000,
    "netIncomeRatio": 0.0945736531,
    "eps": 0.11,
    "epsdiluted": 0.11,
    "weightedAverageShsOut": 136392000,
    "weightedAverageShsOutDil": 136392000,
    "link": "https://www.sec.gov/Archives/edgar/data/74208/000103570405000644/0001035704-05-000644-index.htm",
    "finalLink": "https://www.sec.gov/Archives/edgar/data/74208/000103570405000644/d29999e10vq.htm"
  },
  {
    "date": "2005-06-30",
    "symbol": "UDR",
    "reportedCurrency": "USD",
    "cik": "0000074208",
    "fillingDate": "2005-08-09",
    "acceptedDate": "2005-08-09 12:52:13",
    "calendarYear": "2005",
    "period": "Q2",
    "revenue": 157430000,
    "costOfRevenue": 62870000,
    "grossProfit": 94560000,
    "grossProfitRatio": 0.600647907,
    "researchAndDevelopmentExpenses": 0,
    "generalAndAdministrativeExpenses": 4909000,
    "sellingAndMarketingExpenses": 0,
    "sellingGeneralAndAdministrativeExpenses": 4909000,
    "otherExpenses": 87941000,
    "operatingExpenses": 92850000,
    "costAndExpenses": 155720000,
    "interestIncome": 0,
    "interestExpense": 38834000,
    "depreciationAndAmortization": 52384000,
    "ebitda": 92928000,
    "ebitdaratio": 0.5902813949,
    "operatingIncome": 1710000,
    "operatingIncomeRatio": 0.0108619704,
    "totalOtherIncomeExpensesNet": -1710000,
    "incomeBeforeTax": 52441000,
    "incomeBeforeTaxRatio": 0.3331067776,
    "incomeTaxExpense": -7962000,
    "netIncome": 52441000,
    "netIncomeRatio": 0.3331067776,
    "eps": 0.36,
    "epsdiluted": 0.36,
    "weightedAverageShsOut": 136150000,
    "weightedAverageShsOutDil": 136150000,
    "link": "https://www.sec.gov/Archives/edgar/data/74208/000103570405000429/0001035704-05-000429-index.htm",
    "finalLink": "https://www.sec.gov/Archives/edgar/data/74208/000103570405000429/d27563e10vq.htm"
  },
  {
    "date": "2005-03-31",
    "symbol": "UDR",
    "reportedCurrency": "USD",
    "cik": "0000074208",
    "fillingDate": "2005-05-09",
    "acceptedDate": "2005-05-09 14:15:55",
    "calendarYear": "2005",
    "period": "Q1",
    "revenue": 171560000,
    "costOfRevenue": 65220000,
    "grossProfit": 106340000,
    "grossProfitRatio": 0.6198414549,
    "researchAndDevelopmentExpenses": 0,
    "generalAndAdministrativeExpenses": 7000000,
    "sellingAndMarketingExpenses": 0,
    "sellingGeneralAndAdministrativeExpenses": 7000000,
    "otherExpenses": 94434000,
    "operatingExpenses": 101434000,
    "costAndExpenses": 166654000,
    "interestIncome": 0,
    "interestExpense": 38572000,
    "depreciationAndAmortization": 52390000,
    "ebitda": 95868000,
    "ebitdaratio": 0.5588015855,
    "operatingIncome": 4906000,
    "operatingIncomeRatio": 0.0285964094,
    "totalOtherIncomeExpensesNet": 6442000,
    "incomeBeforeTax": 14941000,
    "incomeBeforeTaxRatio": 0.0870890651,
    "incomeTaxExpense": 30661000,
    "netIncome": 14941000,
    "netIncomeRatio": 0.0870890651,
    "eps": 0.11,
    "epsdiluted": 0.11,
    "weightedAverageShsOut": 136067000,
    "weightedAverageShsOutDil": 137073000,
    "link": "https://www.sec.gov/Archives/edgar/data/74208/000103570405000248/0001035704-05-000248-index.htm",
    "finalLink": "https://www.sec.gov/Archives/edgar/data/74208/000103570405000248/d24956e10vq.htm"
  },
  {
    "date": "2004-12-31",
    "symbol": "UDR",
    "reportedCurrency": "USD",
    "cik": "0000074208",
    "fillingDate": "2005-03-15",
    "acceptedDate": "2005-03-14 21:46:43",
    "calendarYear": "2004",
    "period": "Q4",
    "revenue": 149448000,
    "costOfRevenue": 0,
    "grossProfit": 0,
    "grossProfitRatio": 0,
    "researchAndDevelopmentExpenses": 0,
    "generalAndAdministrativeExpenses": 11094000,
    "sellingAndMarketingExpenses": 0,
    "sellingGeneralAndAdministrativeExpenses": 11094000,
    "otherExpenses": 101161000,
    "operatingExpenses": 112255000,
    "costAndExpenses": 112255000,
    "interestIncome": 0,
    "interestExpense": 0,
    "depreciationAndAmortization": 50810000,
    "ebitda": 88003000,
    "ebitdaratio": 0.5888536481,
    "operatingIncome": 37193000,
    "operatingIncomeRatio": 0.2488691719,
    "totalOtherIncomeExpensesNet": 59959000,
    "incomeBeforeTax": 97152000,
    "incomeBeforeTaxRatio": 0.6500722659,
    "incomeTaxExpense": 71639000,
    "netIncome": 25514000,
    "netIncomeRatio": 0.1707215888,
    "eps": 0.19,
    "epsdiluted": 0.19,
    "weightedAverageShsOut": 136067000,
    "weightedAverageShsOutDil": 137073000,
    "link": "https://www.sec.gov/Archives/edgar/data/74208/000095013405004967/0000950134-05-004967-index.htm",
    "finalLink": "https://www.sec.gov/Archives/edgar/data/74208/000095013405004967/d23068e10vk.htm"
  },
  {
    "date": "2004-09-30",
    "symbol": "UDR",
    "reportedCurrency": "USD",
    "cik": "0000074208",
    "fillingDate": "2004-11-08",
    "acceptedDate": "2004-11-08 17:00:35",
    "calendarYear": "2004",
    "period": "Q3",
    "revenue": 143397000,
    "costOfRevenue": 59519000,
    "grossProfit": 83878000,
    "grossProfitRatio": 0.5849355286,
    "researchAndDevelopmentExpenses": 0,
    "generalAndAdministrativeExpenses": 9421000,
    "sellingAndMarketingExpenses": -5568000,
    "sellingGeneralAndAdministrativeExpenses": 3853000,
    "otherExpenses": 76662000,
    "operatingExpenses": 80515000,
    "costAndExpenses": 140034000,
    "interestIncome": 0,
    "interestExpense": 29780000,
    "depreciationAndAmortization": 45334000,
    "ebitda": 83980000,
    "ebitdaratio": 0.5856468406,
    "operatingIncome": 3363000,
    "operatingIncomeRatio": 0.0234523735,
    "totalOtherIncomeExpensesNet": -8886000,
    "incomeBeforeTax": 27816000,
    "incomeBeforeTaxRatio": 0.1939789535,
    "incomeTaxExpense": 15556000,
    "netIncome": 27816000,
    "netIncomeRatio": 0.1939789535,
    "eps": 0.22,
    "epsdiluted": 0.22,
    "weightedAverageShsOut": 127182000,
    "weightedAverageShsOutDil": 127182000,
    "link": "https://www.sec.gov/Archives/edgar/data/74208/000103570404000676/0001035704-04-000676-index.htm",
    "finalLink": "https://www.sec.gov/Archives/edgar/data/74208/000103570404000676/d19793e10vq.htm"
  },
  {
    "date": "2004-06-30",
    "symbol": "UDR",
    "reportedCurrency": "USD",
    "cik": "0000074208",
    "fillingDate": "2004-08-06",
    "acceptedDate": "2004-08-06 15:32:26",
    "calendarYear": "2004",
    "period": "Q2",
    "revenue": 141713000,
    "costOfRevenue": 57959000,
    "grossProfit": 83754000,
    "grossProfitRatio": 0.5910114104,
    "researchAndDevelopmentExpenses": 0,
    "generalAndAdministrativeExpenses": 10249000,
    "sellingAndMarketingExpenses": -5622000,
    "sellingGeneralAndAdministrativeExpenses": 4627000,
    "otherExpenses": 69045000,
    "operatingExpenses": 73672000,
    "costAndExpenses": 131631000,
    "interestIncome": 0,
    "interestExpense": 29084000,
    "depreciationAndAmortization": 44085000,
    "ebitda": 83251000,
    "ebitdaratio": 0.587461983,
    "operatingIncome": 10082000,
    "operatingIncomeRatio": 0.0711437906,
    "totalOtherIncomeExpensesNet": -15800000,
    "incomeBeforeTax": 28511000,
    "incomeBeforeTaxRatio": 0.2011883172,
    "incomeTaxExpense": 30244000,
    "netIncome": 28511000,
    "netIncomeRatio": 0.2011883172,
    "eps": 0.22,
    "epsdiluted": 0.22,
    "weightedAverageShsOut": 127150000,
    "weightedAverageShsOutDil": 128065000,
    "link": "https://www.sec.gov/Archives/edgar/data/74208/000103570404000422/0001035704-04-000422-index.htm",
    "finalLink": "https://www.sec.gov/Archives/edgar/data/74208/000103570404000422/d17218e10vq.htm"
  },
  {
    "date": "2004-03-31",
    "symbol": "UDR",
    "reportedCurrency": "USD",
    "cik": "0000074208",
    "fillingDate": "2004-05-07",
    "acceptedDate": "2004-05-06 18:01:57",
    "calendarYear": "2004",
    "period": "Q1",
    "revenue": 143626000,
    "costOfRevenue": 60016000,
    "grossProfit": 83610000,
    "grossProfitRatio": 0.582136939,
    "researchAndDevelopmentExpenses": 0,
    "generalAndAdministrativeExpenses": 10322000,
    "sellingAndMarketingExpenses": -5568000,
    "sellingGeneralAndAdministrativeExpenses": 4754000,
    "otherExpenses": 68938000,
    "operatingExpenses": 73692000,
    "costAndExpenses": 133708000,
    "interestIncome": 0,
    "interestExpense": 28913000,
    "depreciationAndAmortization": 43859000,
    "ebitda": 82690000,
    "ebitdaratio": 0.5757314135,
    "operatingIncome": 9918000,
    "operatingIncomeRatio": 0.0690543495,
    "totalOtherIncomeExpensesNet": -273000,
    "incomeBeforeTax": 42376000,
    "incomeBeforeTaxRatio": 0.2950440728,
    "incomeTaxExpense": 27337000,
    "netIncome": 15312000,
    "netIncomeRatio": 0.1066102238,
    "eps": 0.12,
    "epsdiluted": 0.12,
    "weightedAverageShsOut": 126984000,
    "weightedAverageShsOutDil": 127953000,
    "link": "https://www.sec.gov/Archives/edgar/data/74208/000095013404006853/0000950134-04-006853-index.htm",
    "finalLink": "https://www.sec.gov/Archives/edgar/data/74208/000095013404006853/d15069e10vq.htm"
  },
  {
    "date": "2003-12-31",
    "symbol": "UDR",
    "reportedCurrency": "USD",
    "cik": "0000074208",
    "fillingDate": "2004-03-11",
    "acceptedDate": "2004-03-10 19:29:22",
    "calendarYear": "2003",
    "period": "Q4",
    "revenue": 153337000,
    "costOfRevenue": 0,
    "grossProfit": 0,
    "grossProfitRatio": 0,
    "researchAndDevelopmentExpenses": 0,
    "generalAndAdministrativeExpenses": 10317000,
    "sellingAndMarketingExpenses": 0,
    "sellingGeneralAndAdministrativeExpenses": 10317000,
    "otherExpenses": 101786000,
    "operatingExpenses": 112103000,
    "costAndExpenses": 112103000,
    "interestIncome": 0,
    "interestExpense": 0,
    "depreciationAndAmortization": 44113000,
    "ebitda": 85347000,
    "ebitdaratio": 0.5565975596,
    "operatingIncome": 41234000,
    "operatingIncomeRatio": 0.2689109608,
    "totalOtherIncomeExpensesNet": 29170000,
    "incomeBeforeTax": 70404000,
    "incomeBeforeTaxRatio": 0.4591455422,
    "incomeTaxExpense": 49369000,
    "netIncome": 21035000,
    "netIncomeRatio": 0.1371815022,
    "eps": 0.17,
    "epsdiluted": 0.16,
    "weightedAverageShsOut": 126984000,
    "weightedAverageShsOutDil": 127953000,
    "link": "https://www.sec.gov/Archives/edgar/data/74208/000103570404000111/0001035704-04-000111-index.htm",
    "finalLink": "https://www.sec.gov/Archives/edgar/data/74208/000103570404000111/d13216e10vk.htm"
  },
  {
    "date": "2003-09-30",
    "symbol": "UDR",
    "reportedCurrency": "USD",
    "cik": "0000074208",
    "fillingDate": "2003-11-12",
    "acceptedDate": "2003-11-12 12:13:19",
    "calendarYear": "2003",
    "period": "Q3",
    "revenue": 142170000,
    "costOfRevenue": 0,
    "grossProfit": 0,
    "grossProfitRatio": 0,
    "researchAndDevelopmentExpenses": 0,
    "generalAndAdministrativeExpenses": 11184000,
    "sellingAndMarketingExpenses": -448000,
    "sellingGeneralAndAdministrativeExpenses": 10736000,
    "otherExpenses": 93842000,
    "operatingExpenses": 104578000,
    "costAndExpenses": 104578000,
    "interestIncome": 0,
    "interestExpense": 0,
    "depreciationAndAmortization": 41908000,
    "ebitda": 79500000,
    "ebitdaratio": 0.5591897025,
    "operatingIncome": 37592000,
    "operatingIncomeRatio": 0.2644158402,
    "totalOtherIncomeExpensesNet": -17148000,
    "incomeBeforeTax": 20444000,
    "incomeBeforeTaxRatio": 0.1437996764,
    "incomeTaxExpense": 32781000,
    "netIncome": 20444000,
    "netIncomeRatio": 0.1437996764,
    "eps": 0.18,
    "epsdiluted": 0.18,
    "weightedAverageShsOut": 116350000,
    "weightedAverageShsOutDil": 116350000,
    "link": "https://www.sec.gov/Archives/edgar/data/74208/000119312503077984/0001193125-03-077984-index.htm",
    "finalLink": "https://www.sec.gov/Archives/edgar/data/74208/000119312503077984/d10q.htm"
  },
  {
    "date": "2003-06-30",
    "symbol": "UDR",
    "reportedCurrency": "USD",
    "cik": "0000074208",
    "fillingDate": "2003-08-13",
    "acceptedDate": "2003-08-13 14:23:13",
    "calendarYear": "2003",
    "period": "Q2",
    "revenue": 144134000,
    "costOfRevenue": 0,
    "grossProfit": 0,
    "grossProfitRatio": 0,
    "researchAndDevelopmentExpenses": 0,
    "generalAndAdministrativeExpenses": 10833000,
    "sellingAndMarketingExpenses": 0,
    "sellingGeneralAndAdministrativeExpenses": 10540000,
    "otherExpenses": 90566000,
    "operatingExpenses": 101106000,
    "costAndExpenses": 101106000,
    "interestIncome": 0,
    "interestExpense": 0,
    "depreciationAndAmortization": 40551000,
    "ebitda": 83579000,
    "ebitdaratio": 0.5798701209,
    "operatingIncome": 43028000,
    "operatingIncomeRatio": 0.2985277589,
    "totalOtherIncomeExpensesNet": -27544000,
    "incomeBeforeTax": 15484000,
    "incomeBeforeTaxRatio": 0.1074278102,
    "incomeTaxExpense": 43226000,
    "netIncome": 15484000,
    "netIncomeRatio": 0.1074278102,
    "eps": 0.14,
    "epsdiluted": 0.14,
    "weightedAverageShsOut": 112467000,
    "weightedAverageShsOutDil": 113439000,
    "link": "https://www.sec.gov/Archives/edgar/data/74208/000119312503035692/0001193125-03-035692-index.htm",
    "finalLink": "https://www.sec.gov/Archives/edgar/data/74208/000119312503035692/d10q.htm"
  },
  {
    "date": "2003-03-31",
    "symbol": "UDR",
    "reportedCurrency": "USD",
    "cik": "0000074208",
    "fillingDate": "2003-05-12",
    "acceptedDate": "2003-05-12 11:33:31",
    "calendarYear": "2003",
    "period": "Q1",
    "revenue": 145002000,
    "costOfRevenue": 0,
    "grossProfit": 0,
    "grossProfitRatio": 0,
    "researchAndDevelopmentExpenses": 0,
    "generalAndAdministrativeExpenses": 11019000,
    "sellingAndMarketingExpenses": -291000,
    "sellingGeneralAndAdministrativeExpenses": 10728000,
    "otherExpenses": 92125000,
    "operatingExpenses": 102853000,
    "costAndExpenses": 102853000,
    "interestIncome": 0,
    "interestExpense": 0,
    "depreciationAndAmortization": 40065000,
    "ebitda": 82214000,
    "ebitdaratio": 0.566985283,
    "operatingIncome": 42149000,
    "operatingIncomeRatio": 0.2906787493,
    "totalOtherIncomeExpensesNet": -28708000,
    "incomeBeforeTax": 13441000,
    "incomeBeforeTaxRatio": 0.0926952732,
    "incomeTaxExpense": 30611000,
    "netIncome": 13441000,
    "netIncomeRatio": 0.0926952732,
    "eps": 0.12,
    "epsdiluted": 0.12,
    "weightedAverageShsOut": 107698000,
    "weightedAverageShsOutDil": 108590000,
    "link": "https://www.sec.gov/Archives/edgar/data/74208/000091664103001434/0000916641-03-001434-index.htm",
    "finalLink": "https://www.sec.gov/Archives/edgar/data/74208/000091664103001434/d10q.htm"
  },
  {
    "date": "2002-12-31",
    "symbol": "UDR",
    "reportedCurrency": "USD",
    "cik": "0000074208",
    "fillingDate": "2003-03-26",
    "acceptedDate": "2003-03-26 17:30:06",
    "calendarYear": "2002",
    "period": "Q4",
    "revenue": 155700000,
    "costOfRevenue": 0,
    "grossProfit": 0,
    "grossProfitRatio": 0,
    "researchAndDevelopmentExpenses": 0,
    "generalAndAdministrativeExpenses": 9781000,
    "sellingAndMarketingExpenses": 0,
    "sellingGeneralAndAdministrativeExpenses": 9781000,
    "otherExpenses": 98818000,
    "operatingExpenses": 108599000,
    "costAndExpenses": 108599000,
    "interestIncome": 0,
    "interestExpense": 0,
    "depreciationAndAmortization": 41643000,
    "ebitda": 88744000,
    "ebitdaratio": 0.569967887,
    "operatingIncome": 47101000,
    "operatingIncomeRatio": 0.3025112396,
    "totalOtherIncomeExpensesNet": 6128000,
    "incomeBeforeTax": 53229000,
    "incomeBeforeTaxRatio": 0.3418689788,
    "incomeTaxExpense": 46124000,
    "netIncome": 7103000,
    "netIncomeRatio": 0.0456197816,
    "eps": 0.066,
    "epsdiluted": 0.0654,
    "weightedAverageShsOut": 107698000,
    "weightedAverageShsOutDil": 108590000,
    "link": "https://www.sec.gov/Archives/edgar/data/74208/000104596903000773/0001045969-03-000773-index.htm",
    "finalLink": "https://www.sec.gov/Archives/edgar/data/74208/000104596903000773/d10k.htm"
  },
  {
    "date": "2002-09-30",
    "symbol": "UDR",
    "reportedCurrency": "USD",
    "cik": "0000074208",
    "fillingDate": "2002-11-13",
    "acceptedDate": "2002-11-13 15:21:12",
    "calendarYear": "2002",
    "period": "Q3",
    "revenue": 148963000,
    "costOfRevenue": 0,
    "grossProfit": 0,
    "grossProfitRatio": 0,
    "researchAndDevelopmentExpenses": 0,
    "generalAndAdministrativeExpenses": 8742000,
    "sellingAndMarketingExpenses": 0,
    "sellingGeneralAndAdministrativeExpenses": 8742000,
    "otherExpenses": 94861000,
    "operatingExpenses": 103603000,
    "costAndExpenses": 103603000,
    "interestIncome": 0,
    "interestExpense": 0,
    "depreciationAndAmortization": 40432000,
    "ebitda": 85792000,
    "ebitdaratio": 0.5759282506,
    "operatingIncome": 45360000,
    "operatingIncomeRatio": 0.3045051456,
    "totalOtherIncomeExpensesNet": -24961000,
    "incomeBeforeTax": 20399000,
    "incomeBeforeTaxRatio": 0.1369400455,
    "incomeTaxExpense": 24147000,
    "netIncome": 20399000,
    "netIncomeRatio": 0.1369400455,
    "eps": 0.19,
    "epsdiluted": 0.19,
    "weightedAverageShsOut": 107148000,
    "weightedAverageShsOutDil": 108094000,
    "link": "https://www.sec.gov/Archives/edgar/data/74208/000091664102001899/0000916641-02-001899-index.htm",
    "finalLink": "https://www.sec.gov/Archives/edgar/data/74208/000091664102001899/d10q.htm"
  },
  {
    "date": "2002-06-30",
    "symbol": "UDR",
    "reportedCurrency": "USD",
    "cik": "0000074208",
    "fillingDate": "2002-08-14",
    "acceptedDate": "2002-08-14 14:35:00",
    "calendarYear": "2002",
    "period": "Q2",
    "revenue": 147794000,
    "costOfRevenue": 0,
    "grossProfit": 0,
    "grossProfitRatio": 0,
    "researchAndDevelopmentExpenses": 0,
    "generalAndAdministrativeExpenses": 9754000,
    "sellingAndMarketingExpenses": 0,
    "sellingGeneralAndAdministrativeExpenses": 9754000,
    "otherExpenses": 90436000,
    "operatingExpenses": 100190000,
    "costAndExpenses": 100190000,
    "interestIncome": 0,
    "interestExpense": 0,
    "depreciationAndAmortization": 39717000,
    "ebitda": 87321000,
    "ebitdaratio": 0.590829127,
    "operatingIncome": 47604000,
    "operatingIncomeRatio": 0.3220969728,
    "totalOtherIncomeExpensesNet": -20216000,
    "incomeBeforeTax": 27388000,
    "incomeBeforeTaxRatio": 0.1853119883,
    "incomeTaxExpense": 0,
    "netIncome": 27388000,
    "netIncomeRatio": 0.1853119883,
    "eps": 0.26,
    "epsdiluted": 0.25,
    "weightedAverageShsOut": 107016000,
    "weightedAverageShsOutDil": 108242000,
    "link": "https://www.sec.gov/Archives/edgar/data/74208/000091664102001309/0000916641-02-001309-index.htm",
    "finalLink": "https://www.sec.gov/Archives/edgar/data/74208/000091664102001309/d10q.htm"
  },
  {
    "date": "2002-03-31",
    "symbol": "UDR",
    "reportedCurrency": "USD",
    "cik": "0000074208",
    "fillingDate": "2002-05-14",
    "acceptedDate": "2002-05-14 16:11:02",
    "calendarYear": "2002",
    "period": "Q1",
    "revenue": 147224000,
    "costOfRevenue": 0,
    "grossProfit": 0,
    "grossProfitRatio": 0,
    "researchAndDevelopmentExpenses": 0,
    "generalAndAdministrativeExpenses": 13357000,
    "sellingAndMarketingExpenses": 0,
    "sellingGeneralAndAdministrativeExpenses": 7621000,
    "otherExpenses": 94038000,
    "operatingExpenses": 101659000,
    "costAndExpenses": 101659000,
    "interestIncome": 0,
    "interestExpense": 0,
    "depreciationAndAmortization": 41536000,
    "ebitda": 283676000,
    "ebitdaratio": 1.9268325816,
    "operatingIncome": 45565000,
    "operatingIncomeRatio": 0.3094943759,
    "totalOtherIncomeExpensesNet": 1159000,
    "incomeBeforeTax": 46724000,
    "incomeBeforeTaxRatio": 0.3173667337,
    "incomeTaxExpense": 47228000,
    "netIncome": -1663000,
    "netIncomeRatio": -0.0112957127,
    "eps": -0.016,
    "epsdiluted": -0.016,
    "weightedAverageShsOut": 103654000,
    "weightedAverageShsOutDil": 103654000,
    "link": "https://www.sec.gov/Archives/edgar/data/74208/000091664102000805/0000916641-02-000805-index.htm",
    "finalLink": "https://www.sec.gov/Archives/edgar/data/74208/000091664102000805/d10q.txt"
  },
  {
    "date": "2001-12-31",
    "symbol": "UDR",
    "reportedCurrency": "USD",
    "cik": "0000074208",
    "fillingDate": "2002-03-29",
    "acceptedDate": "2002-03-29 00:00:00",
    "calendarYear": "2001",
    "period": "Q4",
    "revenue": 158262000,
    "costOfRevenue": 0,
    "grossProfit": 0,
    "grossProfitRatio": 0,
    "researchAndDevelopmentExpenses": 0,
    "generalAndAdministrativeExpenses": 13278000,
    "sellingAndMarketingExpenses": 0,
    "sellingGeneralAndAdministrativeExpenses": 13278000,
    "otherExpenses": 96448000,
    "operatingExpenses": 109726000,
    "costAndExpenses": 109726000,
    "interestIncome": 0,
    "interestExpense": 0,
    "depreciationAndAmortization": 38308000,
    "ebitda": 97684000,
    "ebitdaratio": 0.6172296572,
    "operatingIncome": 48536000,
    "operatingIncomeRatio": 0.3066813259,
    "totalOtherIncomeExpensesNet": 0,
    "incomeBeforeTax": 0,
    "incomeBeforeTaxRatio": 0,
    "incomeTaxExpense": 49072000,
    "netIncome": 10304000,
    "netIncomeRatio": 0.0651072273,
    "eps": 0.1,
    "epsdiluted": 0.0994,
    "weightedAverageShsOut": 99520000,
    "weightedAverageShsOutDil": 103654000,
    "link": "https://www.sec.gov/Archives/edgar/data/74208/000089924302000858/0000899243-02-000858-index.htm",
    "finalLink": "https://www.sec.gov/Archives/edgar/data/74208/000089924302000858/d10k.txt"
  },
  {
    "date": "2001-09-30",
    "symbol": "UDR",
    "reportedCurrency": "USD",
    "cik": "0000074208",
    "fillingDate": "2001-11-14",
    "acceptedDate": "2001-11-14 00:00:00",
    "calendarYear": "2001",
    "period": "Q3",
    "revenue": 140137000,
    "costOfRevenue": 0,
    "grossProfit": 0,
    "grossProfitRatio": 0,
    "researchAndDevelopmentExpenses": 0,
    "generalAndAdministrativeExpenses": 10248000,
    "sellingAndMarketingExpenses": 0,
    "sellingGeneralAndAdministrativeExpenses": 14618000,
    "otherExpenses": 74296000,
    "operatingExpenses": 88914000,
    "costAndExpenses": 88914000,
    "interestIncome": 0,
    "interestExpense": 0,
    "depreciationAndAmortization": 37862000,
    "ebitda": 256825000,
    "ebitdaratio": 1.8326708863,
    "operatingIncome": 51223000,
    "operatingIncomeRatio": 0.3655208831,
    "totalOtherIncomeExpensesNet": -51223000,
    "incomeBeforeTax": 0,
    "incomeBeforeTaxRatio": 0,
    "incomeTaxExpense": 37676000,
    "netIncome": 13547000,
    "netIncomeRatio": 0.0966696875,
    "eps": 0.14,
    "epsdiluted": 0.13,
    "weightedAverageShsOut": 99623000,
    "weightedAverageShsOutDil": 100466000,
    "link": "https://www.sec.gov/Archives/edgar/data/74208/000091664101501584/0000916641-01-501584-index.htm",
    "finalLink": "https://www.sec.gov/Archives/edgar/data/74208/000091664101501584/d10q.txt"
  },
  {
    "date": "2001-06-30",
    "symbol": "UDR",
    "reportedCurrency": "USD",
    "cik": "0000074208",
    "fillingDate": "2001-08-14",
    "acceptedDate": "2001-08-14 00:00:00",
    "calendarYear": "2001",
    "period": "Q2",
    "revenue": 161653000,
    "costOfRevenue": 0,
    "grossProfit": 0,
    "grossProfitRatio": 0,
    "researchAndDevelopmentExpenses": 0,
    "generalAndAdministrativeExpenses": 11181000,
    "sellingAndMarketingExpenses": 0,
    "sellingGeneralAndAdministrativeExpenses": 5642000,
    "otherExpenses": 106446000,
    "operatingExpenses": 112088000,
    "costAndExpenses": 112088000,
    "interestIncome": 0,
    "interestExpense": 0,
    "depreciationAndAmortization": 40544000,
    "ebitda": 291625000,
    "ebitdaratio": 1.804018484,
    "operatingIncome": 49565000,
    "operatingIncomeRatio": 0.3066135488,
    "totalOtherIncomeExpensesNet": 20647000,
    "incomeBeforeTax": 70212000,
    "incomeBeforeTaxRatio": 0.4343377481,
    "incomeTaxExpense": 17320000,
    "netIncome": 32245000,
    "netIncomeRatio": 0.1994704707,
    "eps": 0.32,
    "epsdiluted": 0.32,
    "weightedAverageShsOut": 100858000,
    "weightedAverageShsOutDil": 101590000,
    "link": "https://www.sec.gov/Archives/edgar/data/74208/000091664101500950/0000916641-01-500950-index.htm",
    "finalLink": "https://www.sec.gov/Archives/edgar/data/74208/000091664101500950/d10q.txt"
  },
  {
    "date": "2001-03-31",
    "symbol": "UDR",
    "reportedCurrency": "USD",
    "cik": "0000074208",
    "fillingDate": "2001-05-15",
    "acceptedDate": "2001-05-15 00:00:00",
    "calendarYear": "2001",
    "period": "Q1",
    "revenue": 157537000,
    "costOfRevenue": 0,
    "grossProfit": 0,
    "grossProfitRatio": 0,
    "researchAndDevelopmentExpenses": 0,
    "generalAndAdministrativeExpenses": 10338000,
    "sellingAndMarketingExpenses": 0,
    "sellingGeneralAndAdministrativeExpenses": 10338000,
    "otherExpenses": 107401000,
    "operatingExpenses": 117739000,
    "costAndExpenses": 117739000,
    "interestIncome": 0,
    "interestExpense": 0,
    "depreciationAndAmortization": 41279000,
    "ebitda": 81077000,
    "ebitdaratio": 0.5146537004,
    "operatingIncome": 39798000,
    "operatingIncomeRatio": 0.2526263671,
    "totalOtherIncomeExpensesNet": -4490000,
    "incomeBeforeTax": 35308000,
    "incomeBeforeTaxRatio": 0.2241251262,
    "incomeTaxExpense": 42658000,
    "netIncome": 5732000,
    "netIncomeRatio": 0.0363851032,
    "eps": 0.0566,
    "epsdiluted": 0.0566,
    "weightedAverageShsOut": 101346000,
    "weightedAverageShsOutDil": 101346000,
    "link": "https://www.sec.gov/Archives/edgar/data/74208/000091664101500405/0000916641-01-500405-index.htm",
    "finalLink": "https://www.sec.gov/Archives/edgar/data/74208/000091664101500405/d10q.txt"
  },
  {
    "date": "2000-12-31",
    "symbol": "UDR",
    "reportedCurrency": "USD",
    "cik": "0000074208",
    "fillingDate": "2001-03-15",
    "acceptedDate": "2001-03-15 00:00:00",
    "calendarYear": "2000",
    "period": "Q4",
    "revenue": 153872000,
    "costOfRevenue": 0,
    "grossProfit": 0,
    "grossProfitRatio": 0,
    "researchAndDevelopmentExpenses": 0,
    "generalAndAdministrativeExpenses": 10271000,
    "sellingAndMarketingExpenses": 0,
    "sellingGeneralAndAdministrativeExpenses": 10271000,
    "otherExpenses": 91704000,
    "operatingExpenses": 101975000,
    "costAndExpenses": 101975000,
    "interestIncome": 0,
    "interestExpense": 0,
    "depreciationAndAmortization": 38618000,
    "ebitda": 93953000,
    "ebitdaratio": 0.6105919206,
    "operatingIncome": 51897000,
    "operatingIncomeRatio": 0.337273838,
    "totalOtherIncomeExpensesNet": 0,
    "incomeBeforeTax": 0,
    "incomeBeforeTaxRatio": 0,
    "incomeTaxExpense": 30760000,
    "netIncome": 24575000,
    "netIncomeRatio": 0.1597106686,
    "eps": 0.24,
    "epsdiluted": 0.24,
    "weightedAverageShsOut": 101346000,
    "weightedAverageShsOutDil": 101346000,
    "link": "https://www.sec.gov/Archives/edgar/data/74208/000091664101000332/0000916641-01-000332-index.htm",
    "finalLink": "https://www.sec.gov/Archives/edgar/data/74208/000091664101000332/0000916641-01-000332-0001.txt"
  },
  {
    "date": "2000-09-30",
    "symbol": "UDR",
    "reportedCurrency": "USD",
    "cik": "0000074208",
    "fillingDate": "2000-11-14",
    "acceptedDate": "2000-11-14 00:00:00",
    "calendarYear": "2000",
    "period": "Q3",
    "revenue": 156028000,
    "costOfRevenue": 0,
    "grossProfit": 0,
    "grossProfitRatio": 0,
    "researchAndDevelopmentExpenses": 0,
    "generalAndAdministrativeExpenses": 13387000,
    "sellingAndMarketingExpenses": 0,
    "sellingGeneralAndAdministrativeExpenses": 13387000,
    "otherExpenses": 93342000,
    "operatingExpenses": 106729000,
    "costAndExpenses": 106729000,
    "interestIncome": 0,
    "interestExpense": 0,
    "depreciationAndAmortization": 38332000,
    "ebitda": 87631000,
    "ebitdaratio": 0.561636373,
    "operatingIncome": 49299000,
    "operatingIncomeRatio": 0.3159625195,
    "totalOtherIncomeExpensesNet": 0,
    "incomeBeforeTax": 0,
    "incomeBeforeTaxRatio": 0,
    "incomeTaxExpense": 29116000,
    "netIncome": 20183000,
    "netIncomeRatio": 0.1293549876,
    "eps": 0.2,
    "epsdiluted": 0.19,
    "weightedAverageShsOut": 103258000,
    "weightedAverageShsOutDil": 103514000,
    "link": "https://www.sec.gov/Archives/edgar/data/74208/000091664100001697/0000916641-00-001697-index.htm",
    "finalLink": "https://www.sec.gov/Archives/edgar/data/74208/000091664100001697/0000916641-00-001697-0001.txt"
  },
  {
    "date": "2000-06-30",
    "symbol": "UDR",
    "reportedCurrency": "USD",
    "cik": "0000074208",
    "fillingDate": "2000-08-11",
    "acceptedDate": "2000-08-11 00:00:00",
    "calendarYear": "2000",
    "period": "Q2",
    "revenue": 157124000,
    "costOfRevenue": 0,
    "grossProfit": 0,
    "grossProfitRatio": 0,
    "researchAndDevelopmentExpenses": 0,
    "generalAndAdministrativeExpenses": 9763000,
    "sellingAndMarketingExpenses": 0,
    "sellingGeneralAndAdministrativeExpenses": 9763000,
    "otherExpenses": 99992000,
    "operatingExpenses": 109755000,
    "costAndExpenses": 109755000,
    "interestIncome": 0,
    "interestExpense": 0,
    "depreciationAndAmortization": 45304000,
    "ebitda": 92673000,
    "ebitdaratio": 0.5898080497,
    "operatingIncome": 47369000,
    "operatingIncomeRatio": 0.3014752679,
    "totalOtherIncomeExpensesNet": 5928000,
    "incomeBeforeTax": 53297000,
    "incomeBeforeTaxRatio": 0.3392034317,
    "incomeTaxExpense": 34092000,
    "netIncome": 13277000,
    "netIncomeRatio": 0.08450014,
    "eps": 0.13,
    "epsdiluted": 0.13,
    "weightedAverageShsOut": 103271000,
    "weightedAverageShsOutDil": 103470000,
    "link": "https://www.sec.gov/Archives/edgar/data/74208/000091664100001127/0000916641-00-001127-index.htm",
    "finalLink": "https://www.sec.gov/Archives/edgar/data/74208/000091664100001127/0000916641-00-001127-0001.txt"
  },
  {
    "date": "2000-03-31",
    "symbol": "UDR",
    "reportedCurrency": "USD",
    "cik": "0000074208",
    "fillingDate": "2000-05-12",
    "acceptedDate": "2000-05-12 00:00:00",
    "calendarYear": "2000",
    "period": "Q1",
    "revenue": 155127000,
    "costOfRevenue": 0,
    "grossProfit": 0,
    "grossProfitRatio": 0,
    "researchAndDevelopmentExpenses": 0,
    "generalAndAdministrativeExpenses": 9793000,
    "sellingAndMarketingExpenses": 0,
    "sellingGeneralAndAdministrativeExpenses": 9793000,
    "otherExpenses": 89139000,
    "operatingExpenses": 98932000,
    "costAndExpenses": 98932000,
    "interestIncome": 0,
    "interestExpense": 0,
    "depreciationAndAmortization": 35107000,
    "ebitda": 91302000,
    "ebitdaratio": 0.5885629194,
    "operatingIncome": 56195000,
    "operatingIncomeRatio": 0.3622515745,
    "totalOtherIncomeExpensesNet": 2533000,
    "incomeBeforeTax": 58728000,
    "incomeBeforeTaxRatio": 0.3785801311,
    "incomeTaxExpense": 37615000,
    "netIncome": 18580000,
    "netIncomeRatio": 0.1197728313,
    "eps": 0.18,
    "epsdiluted": 0.18,
    "weightedAverageShsOut": 103019000,
    "weightedAverageShsOutDil": 103045000,
    "link": "https://www.sec.gov/Archives/edgar/data/74208/000091664100000659/0000916641-00-000659-index.html",
    "finalLink": "https://www.sec.gov/Archives/edgar/data/74208/000091664100000659/"
  },
  {
    "date": "1999-12-31",
    "symbol": "UDR",
    "reportedCurrency": "USD",
    "cik": "0000074208",
    "fillingDate": "2000-03-28",
    "acceptedDate": "2000-03-28 00:00:00",
    "calendarYear": "1999",
    "period": "Q4",
    "revenue": 122891000,
    "costOfRevenue": 0,
    "grossProfit": 0,
    "grossProfitRatio": 0,
    "researchAndDevelopmentExpenses": 0,
    "generalAndAdministrativeExpenses": 29760000,
    "sellingAndMarketingExpenses": 0,
    "sellingGeneralAndAdministrativeExpenses": 29760000,
    "otherExpenses": 93131000,
    "operatingExpenses": 122891000,
    "costAndExpenses": 122891000,
    "interestIncome": 0,
    "interestExpense": 0,
    "depreciationAndAmortization": 29452000,
    "ebitda": -534121000,
    "ebitdaratio": -4.3462987526,
    "operatingIncome": -563573000,
    "operatingIncomeRatio": -4.5859582882,
    "totalOtherIncomeExpensesNet": 563573000,
    "incomeBeforeTax": 0,
    "incomeBeforeTaxRatio": 0,
    "incomeTaxExpense": -576495000,
    "netIncome": 12922000,
    "netIncomeRatio": 0.1051500924,
    "eps": 0.13,
    "epsdiluted": 0.13,
    "weightedAverageShsOut": 103019000,
    "weightedAverageShsOutDil": 103045000,
    "link": "https://www.sec.gov/Archives/edgar/data/74208/000089843000000962/0000898430-00-000962-index.html",
    "finalLink": "https://www.sec.gov/Archives/edgar/data/74208/000089843000000962/"
  },
  {
    "date": "1999-09-30",
    "symbol": "UDR",
    "reportedCurrency": "USD",
    "cik": "0000074208",
    "fillingDate": "1999-11-12",
    "acceptedDate": "1999-11-12 00:00:00",
    "calendarYear": "1999",
    "period": "Q3",
    "revenue": 156200000,
    "costOfRevenue": 0,
    "grossProfit": 0,
    "grossProfitRatio": 0,
    "researchAndDevelopmentExpenses": 0,
    "generalAndAdministrativeExpenses": 3100000,
    "sellingAndMarketingExpenses": 0,
    "sellingGeneralAndAdministrativeExpenses": 3100000,
    "otherExpenses": 153100000,
    "operatingExpenses": 156200000,
    "costAndExpenses": 156200000,
    "interestIncome": 0,
    "interestExpense": 0,
    "depreciationAndAmortization": 32000000,
    "ebitda": 281800000,
    "ebitdaratio": 1.8040973111,
    "operatingIncome": 249800000,
    "operatingIncomeRatio": 1.5992317542,
    "totalOtherIncomeExpensesNet": -249800000,
    "incomeBeforeTax": 0,
    "incomeBeforeTaxRatio": 0,
    "incomeTaxExpense": 230000000,
    "netIncome": 19800000,
    "netIncomeRatio": 0.1267605634,
    "eps": 0.19,
    "epsdiluted": 0.19,
    "weightedAverageShsOut": 104000000,
    "weightedAverageShsOutDil": 104000000,
    "link": "https://www.sec.gov/Archives/edgar/data/74208/000091664199000869/0000916641-99-000869-index.html",
    "finalLink": "https://www.sec.gov/Archives/edgar/data/74208/000091664199000869/"
  },
  {
    "date": "1999-06-30",
    "symbol": "UDR",
    "reportedCurrency": "USD",
    "cik": "0000074208",
    "fillingDate": "1999-08-13",
    "acceptedDate": "1999-08-13 00:00:00",
    "calendarYear": "1999",
    "period": "Q2",
    "revenue": 187100000,
    "costOfRevenue": 0,
    "grossProfit": 0,
    "grossProfitRatio": 0,
    "researchAndDevelopmentExpenses": 0,
    "generalAndAdministrativeExpenses": 2800000,
    "sellingAndMarketingExpenses": 0,
    "sellingGeneralAndAdministrativeExpenses": 2800000,
    "otherExpenses": 184300000,
    "operatingExpenses": 187100000,
    "costAndExpenses": 187100000,
    "interestIncome": 0,
    "interestExpense": 0,
    "depreciationAndAmortization": 33700000,
    "ebitda": 322600000,
    "ebitdaratio": 1.7242116515,
    "operatingIncome": 288900000,
    "operatingIncomeRatio": 1.5440940673,
    "totalOtherIncomeExpensesNet": 32200000,
    "incomeBeforeTax": 321100000,
    "incomeBeforeTaxRatio": 1.7161945484,
    "incomeTaxExpense": 248100000,
    "netIncome": 40800000,
    "netIncomeRatio": 0.2180652058,
    "eps": 0.3,
    "epsdiluted": 0.3,
    "weightedAverageShsOut": 104666667,
    "weightedAverageShsOutDil": 104666667,
    "link": "https://www.sec.gov/Archives/edgar/data/74208/000091664199000692/0000916641-99-000692-index.html",
    "finalLink": "https://www.sec.gov/Archives/edgar/data/74208/000091664199000692/"
  },
  {
    "date": "1999-03-31",
    "symbol": "UDR",
    "reportedCurrency": "USD",
    "cik": "0000074208",
    "fillingDate": "1999-05-17",
    "acceptedDate": "1999-05-17 00:00:00",
    "calendarYear": "1999",
    "period": "Q1",
    "revenue": 154400000,
    "costOfRevenue": 0,
    "grossProfit": 0,
    "grossProfitRatio": 0,
    "researchAndDevelopmentExpenses": 0,
    "generalAndAdministrativeExpenses": 3500000,
    "sellingAndMarketingExpenses": 0,
    "sellingGeneralAndAdministrativeExpenses": 3500000,
    "otherExpenses": 150900000,
    "operatingExpenses": 154400000,
    "costAndExpenses": 154400000,
    "interestIncome": 0,
    "interestExpense": 0,
    "depreciationAndAmortization": 31000000,
    "ebitda": 277200000,
    "ebitdaratio": 1.7953367876,
    "operatingIncome": 246200000,
    "operatingIncomeRatio": 1.5945595855,
    "totalOtherIncomeExpensesNet": 0,
    "incomeBeforeTax": 0,
    "incomeBeforeTaxRatio": 0,
    "incomeTaxExpense": 226100000,
    "netIncome": 20100000,
    "netIncomeRatio": 0.1301813472,
    "eps": 0.19,
    "epsdiluted": 0.19,
    "weightedAverageShsOut": 107000000,
    "weightedAverageShsOutDil": 107000000,
    "link": "https://www.sec.gov/Archives/edgar/data/74208/000091664199000463/0000916641-99-000463-index.html",
    "finalLink": "https://www.sec.gov/Archives/edgar/data/74208/"
  },
  {
    "date": "1998-12-31",
    "symbol": "UDR",
    "reportedCurrency": "USD",
    "cik": "0000074208",
    "fillingDate": "1999-03-18",
    "acceptedDate": "1999-03-18 00:00:00",
    "calendarYear": "1998",
    "period": "Q4",
    "revenue": 112700000,
    "costOfRevenue": 0,
    "grossProfit": 0,
    "grossProfitRatio": 0,
    "researchAndDevelopmentExpenses": 0,
    "generalAndAdministrativeExpenses": 2839000,
    "sellingAndMarketingExpenses": 0,
    "sellingGeneralAndAdministrativeExpenses": 2839000,
    "otherExpenses": 109861000,
    "operatingExpenses": 112700000,
    "costAndExpenses": 112700000,
    "interestIncome": 0,
    "interestExpense": 0,
    "depreciationAndAmortization": 25933000,
    "ebitda": -408890000,
    "ebitdaratio": -3.6281277728,
    "operatingIncome": -434823000,
    "operatingIncomeRatio": -3.8582342502,
    "totalOtherIncomeExpensesNet": 434823000,
    "incomeBeforeTax": 0,
    "incomeBeforeTaxRatio": 0,
    "incomeTaxExpense": -441255000,
    "netIncome": 6432000,
    "netIncomeRatio": 0.0570718722,
    "eps": 0.0604,
    "epsdiluted": 0.0601,
    "weightedAverageShsOut": 106464000,
    "weightedAverageShsOutDil": 107000000,
    "link": "https://www.sec.gov/Archives/edgar/data/74208/000091664199000189/0000916641-99-000189-index.html",
    "finalLink": "https://www.sec.gov/Archives/edgar/data/74208/"
  },
  {
    "date": "1998-09-30",
    "symbol": "UDR",
    "reportedCurrency": "USD",
    "cik": "0000074208",
    "fillingDate": "1998-11-16",
    "acceptedDate": "1998-11-16 00:00:00",
    "calendarYear": "1998",
    "period": "Q3",
    "revenue": 124100000,
    "costOfRevenue": 0,
    "grossProfit": 0,
    "grossProfitRatio": 0,
    "researchAndDevelopmentExpenses": 0,
    "generalAndAdministrativeExpenses": 2500000,
    "sellingAndMarketingExpenses": 0,
    "sellingGeneralAndAdministrativeExpenses": 2500000,
    "otherExpenses": 121600000,
    "operatingExpenses": 124100000,
    "costAndExpenses": 124100000,
    "interestIncome": 0,
    "interestExpense": 0,
    "depreciationAndAmortization": 28300000,
    "ebitda": 232900000,
    "ebitdaratio": 1.8767123288,
    "operatingIncome": 204600000,
    "operatingIncomeRatio": 1.6486704271,
    "totalOtherIncomeExpensesNet": 0,
    "incomeBeforeTax": 0,
    "incomeBeforeTaxRatio": 0,
    "incomeTaxExpense": 190800000,
    "netIncome": 13800000,
    "netIncomeRatio": 0.1112006446,
    "eps": 0.14,
    "epsdiluted": 0.14,
    "weightedAverageShsOut": 101250000,
    "weightedAverageShsOutDil": 101250000,
    "link": "https://www.sec.gov/Archives/edgar/data/74208/000091664198001253/0000916641-98-001253-index.html",
    "finalLink": "https://www.sec.gov/Archives/edgar/data/74208/"
  },
  {
    "date": "1998-06-30",
    "symbol": "UDR",
    "reportedCurrency": "USD",
    "cik": "0000074208",
    "fillingDate": "1998-08-14",
    "acceptedDate": "1998-08-14 00:00:00",
    "calendarYear": "1998",
    "period": "Q2",
    "revenue": 140000000,
    "costOfRevenue": 0,
    "grossProfit": 0,
    "grossProfitRatio": 0,
    "researchAndDevelopmentExpenses": 0,
    "generalAndAdministrativeExpenses": 2500000,
    "sellingAndMarketingExpenses": 0,
    "sellingGeneralAndAdministrativeExpenses": 2500000,
    "otherExpenses": 137500000,
    "operatingExpenses": 140000000,
    "costAndExpenses": 140000000,
    "interestIncome": 0,
    "interestExpense": 0,
    "depreciationAndAmortization": 26800000,
    "ebitda": 242500000,
    "ebitdaratio": 1.7321428571,
    "operatingIncome": 215700000,
    "operatingIncomeRatio": 1.5407142857,
    "totalOtherIncomeExpensesNet": 20700000,
    "incomeBeforeTax": 236400000,
    "incomeBeforeTaxRatio": 1.6885714286,
    "incomeTaxExpense": 180700000,
    "netIncome": 35000000,
    "netIncomeRatio": 0.25,
    "eps": 0.29,
    "epsdiluted": 0.29,
    "weightedAverageShsOut": 101034483,
    "weightedAverageShsOutDil": 101034483,
    "link": "https://www.sec.gov/Archives/edgar/data/74208/000091664198000941/0000916641-98-000941-index.html",
    "finalLink": "https://www.sec.gov/Archives/edgar/data/74208/"
  },
  {
    "date": "1998-03-31",
    "symbol": "UDR",
    "reportedCurrency": "USD",
    "cik": "0000074208",
    "fillingDate": "1998-05-15",
    "acceptedDate": "1998-05-15 00:00:00",
    "calendarYear": "1998",
    "period": "Q1",
    "revenue": 105100000,
    "costOfRevenue": 0,
    "grossProfit": 0,
    "grossProfitRatio": 0,
    "researchAndDevelopmentExpenses": 0,
    "generalAndAdministrativeExpenses": 2200000,
    "sellingAndMarketingExpenses": 0,
    "sellingGeneralAndAdministrativeExpenses": 2200000,
    "otherExpenses": 102900000,
    "operatingExpenses": 105100000,
    "costAndExpenses": 105100000,
    "interestIncome": 0,
    "interestExpense": 0,
    "depreciationAndAmortization": 22200000,
    "ebitda": 190200000,
    "ebitdaratio": 1.8097050428,
    "operatingIncome": 168000000,
    "operatingIncomeRatio": 1.5984776403,
    "totalOtherIncomeExpensesNet": 0,
    "incomeBeforeTax": 0,
    "incomeBeforeTaxRatio": 0,
    "incomeTaxExpense": 150400000,
    "netIncome": 17200000,
    "netIncomeRatio": 0.1636536632,
    "eps": 0.19,
    "epsdiluted": 0.19,
    "weightedAverageShsOut": 88461538,
    "weightedAverageShsOutDil": 88461538,
    "link": "https://www.sec.gov/Archives/edgar/data/74208/000091664198000629/0000916641-98-000629-index.html",
    "finalLink": "https://www.sec.gov/Archives/edgar/data/74208/"
  },
  {
    "date": "1997-12-31",
    "symbol": "UDR",
    "reportedCurrency": "USD",
    "cik": "0000074208",
    "fillingDate": "1998-03-31",
    "acceptedDate": "1998-03-31 00:00:00",
    "calendarYear": "1997",
    "period": "Q4",
    "revenue": 89995000,
    "costOfRevenue": 0,
    "grossProfit": 0,
    "grossProfitRatio": 0,
    "researchAndDevelopmentExpenses": 0,
    "generalAndAdministrativeExpenses": 1775000,
    "sellingAndMarketingExpenses": 0,
    "sellingGeneralAndAdministrativeExpenses": 1775000,
    "otherExpenses": 88220000,
    "operatingExpenses": 89995000,
    "costAndExpenses": 89995000,
    "interestIncome": 0,
    "interestExpense": 0,
    "depreciationAndAmortization": 21072000,
    "ebitda": -318911000,
    "ebitdaratio": -3.5436524251,
    "operatingIncome": -339983000,
    "operatingIncomeRatio": -3.7777987666,
    "totalOtherIncomeExpensesNet": 339983000,
    "incomeBeforeTax": 0,
    "incomeBeforeTaxRatio": 0,
    "incomeTaxExpense": -355032000,
    "netIncome": 15049000,
    "netIncomeRatio": 0.1672204011,
    "eps": 0.17,
    "epsdiluted": 0.17,
    "weightedAverageShsOut": 88180000,
    "weightedAverageShsOutDil": 88461538,
    "link": "https://www.sec.gov/Archives/edgar/data/74208/000091664198000393/0000916641-98-000393-index.html",
    "finalLink": "https://www.sec.gov/Archives/edgar/data/74208/"
  },
  {
    "date": "1997-09-30",
    "symbol": "UDR",
    "reportedCurrency": "USD",
    "cik": "0000074208",
    "fillingDate": "1997-11-14",
    "acceptedDate": "1997-11-14 00:00:00",
    "calendarYear": "1997",
    "period": "Q3",
    "revenue": 108600000,
    "costOfRevenue": 0,
    "grossProfit": 0,
    "grossProfitRatio": 0,
    "researchAndDevelopmentExpenses": 0,
    "generalAndAdministrativeExpenses": 1600000,
    "sellingAndMarketingExpenses": 0,
    "sellingGeneralAndAdministrativeExpenses": 1600000,
    "otherExpenses": 107000000,
    "operatingExpenses": 108600000,
    "costAndExpenses": 108600000,
    "interestIncome": 0,
    "interestExpense": 0,
    "depreciationAndAmortization": 20800000,
    "ebitda": 193700000,
    "ebitdaratio": 1.7836095764,
    "operatingIncome": 172900000,
    "operatingIncomeRatio": 1.5920810313,
    "totalOtherIncomeExpensesNet": 9300000,
    "incomeBeforeTax": 182200000,
    "incomeBeforeTaxRatio": 1.6777163904,
    "incomeTaxExpense": 149600000,
    "netIncome": 23300000,
    "netIncomeRatio": 0.2145488029,
    "eps": 0.2,
    "epsdiluted": 0.2,
    "weightedAverageShsOut": 88000000,
    "weightedAverageShsOutDil": 88000000,
    "link": "https://www.sec.gov/Archives/edgar/data/74208/000091664197001087/0000916641-97-001087-index.html",
    "finalLink": "https://www.sec.gov/Archives/edgar/data/74208/"
  },
  {
    "date": "1997-06-30",
    "symbol": "UDR",
    "reportedCurrency": "USD",
    "cik": "0000074208",
    "fillingDate": "1997-08-14",
    "acceptedDate": "1997-08-14 00:00:00",
    "calendarYear": "1997",
    "period": "Q2",
    "revenue": 96800000,
    "costOfRevenue": 0,
    "grossProfit": 0,
    "grossProfitRatio": 0,
    "researchAndDevelopmentExpenses": 0,
    "generalAndAdministrativeExpenses": 1800000,
    "sellingAndMarketingExpenses": 0,
    "sellingGeneralAndAdministrativeExpenses": 1800000,
    "otherExpenses": 95000000,
    "operatingExpenses": 96800000,
    "costAndExpenses": 96800000,
    "interestIncome": 0,
    "interestExpense": 0,
    "depreciationAndAmortization": 19900000,
    "ebitda": 177200000,
    "ebitdaratio": 1.8305785124,
    "operatingIncome": 157300000,
    "operatingIncomeRatio": 1.625,
    "totalOtherIncomeExpensesNet": 0,
    "incomeBeforeTax": 0,
    "incomeBeforeTaxRatio": 0,
    "incomeTaxExpense": 142600000,
    "netIncome": 14700000,
    "netIncomeRatio": 0.1518595041,
    "eps": 0.13,
    "epsdiluted": 0.13,
    "weightedAverageShsOut": 85384615,
    "weightedAverageShsOutDil": 85384615,
    "link": "https://www.sec.gov/Archives/edgar/data/74208/000091664197000848/0000916641-97-000848-index.html",
    "finalLink": "https://www.sec.gov/Archives/edgar/data/74208/"
  },
  {
    "date": "1997-03-31",
    "symbol": "UDR",
    "reportedCurrency": "USD",
    "cik": "0000074208",
    "fillingDate": "1997-05-15",
    "acceptedDate": "1997-05-15 00:00:00",
    "calendarYear": "1997",
    "period": "Q1",
    "revenue": 92400000,
    "costOfRevenue": 0,
    "grossProfit": 0,
    "grossProfitRatio": 0,
    "researchAndDevelopmentExpenses": 0,
    "generalAndAdministrativeExpenses": 1800000,
    "sellingAndMarketingExpenses": 0,
    "sellingGeneralAndAdministrativeExpenses": 1800000,
    "otherExpenses": 90600000,
    "operatingExpenses": 92400000,
    "costAndExpenses": 92400000,
    "interestIncome": 0,
    "interestExpense": 0,
    "depreciationAndAmortization": 17000000,
    "ebitda": 163700000,
    "ebitdaratio": 1.7716450216,
    "operatingIncome": 146700000,
    "operatingIncomeRatio": 1.5876623377,
    "totalOtherIncomeExpensesNet": 0,
    "incomeBeforeTax": 0,
    "incomeBeforeTaxRatio": 0,
    "incomeTaxExpense": 129600000,
    "netIncome": 17100000,
    "netIncomeRatio": 0.1850649351,
    "eps": 0.17,
    "epsdiluted": 0.17,
    "weightedAverageShsOut": 86470588,
    "weightedAverageShsOutDil": 86470588,
    "link": "https://www.sec.gov/Archives/edgar/data/74208/000091664197000527/0000916641-97-000527-index.html",
    "finalLink": "https://www.sec.gov/Archives/edgar/data/74208/"
  },
  {
    "date": "1996-12-31",
    "symbol": "UDR",
    "reportedCurrency": "USD",
    "cik": "0000074208",
    "fillingDate": "1997-03-31",
    "acceptedDate": "1997-03-31 00:00:00",
    "calendarYear": "1996",
    "period": "Q4",
    "revenue": 65419000,
    "costOfRevenue": 0,
    "grossProfit": 0,
    "grossProfitRatio": 0,
    "researchAndDevelopmentExpenses": 0,
    "generalAndAdministrativeExpenses": 1218000,
    "sellingAndMarketingExpenses": 0,
    "sellingGeneralAndAdministrativeExpenses": 1218000,
    "otherExpenses": 64201000,
    "operatingExpenses": 65419000,
    "costAndExpenses": 65419000,
    "interestIncome": 0,
    "interestExpense": 0,
    "depreciationAndAmortization": 14109000,
    "ebitda": -191022000,
    "ebitdaratio": -2.9199773766,
    "operatingIncome": -205131000,
    "operatingIncomeRatio": -3.1356486648,
    "totalOtherIncomeExpensesNet": 205131000,
    "incomeBeforeTax": 0,
    "incomeBeforeTaxRatio": 0,
    "incomeTaxExpense": -215622000,
    "netIncome": 10491000,
    "netIncomeRatio": 0.1603662545,
    "eps": 0.12,
    "epsdiluted": 0.12,
    "weightedAverageShsOut": 86470588,
    "weightedAverageShsOutDil": 86470588,
    "link": "https://www.sec.gov/Archives/edgar/data/74208/000091664197000322/0000916641-97-000322-index.html",
    "finalLink": "https://www.sec.gov/Archives/edgar/data/74208/"
  },
  {
    "date": "1996-09-30",
    "symbol": "UDR",
    "reportedCurrency": "USD",
    "cik": "0000074208",
    "fillingDate": "1996-10-31",
    "acceptedDate": "1996-10-31 00:00:00",
    "calendarYear": "1996",
    "period": "Q3",
    "revenue": 64800000,
    "costOfRevenue": 0,
    "grossProfit": 0,
    "grossProfitRatio": 0,
    "researchAndDevelopmentExpenses": 0,
    "generalAndAdministrativeExpenses": 1300000,
    "sellingAndMarketingExpenses": 0,
    "sellingGeneralAndAdministrativeExpenses": 1300000,
    "otherExpenses": 63500000,
    "operatingExpenses": 64800000,
    "costAndExpenses": 64800000,
    "interestIncome": 0,
    "interestExpense": 0,
    "depreciationAndAmortization": 12700000,
    "ebitda": 117700000,
    "ebitdaratio": 1.8163580247,
    "operatingIncome": 105000000,
    "operatingIncomeRatio": 1.6203703704,
    "totalOtherIncomeExpensesNet": 0,
    "incomeBeforeTax": 0,
    "incomeBeforeTaxRatio": 0,
    "incomeTaxExpense": 95200000,
    "netIncome": 9800000,
    "netIncomeRatio": 0.1512345679,
    "eps": 0.13,
    "epsdiluted": 0.13,
    "weightedAverageShsOut": 56923077,
    "weightedAverageShsOutDil": 56923077,
    "link": "https://www.sec.gov/Archives/edgar/data/74208/000091664196000902/0000916641-96-000902-index.html",
    "finalLink": "https://www.sec.gov/Archives/edgar/data/74208/"
  },
  {
    "date": "1996-06-30",
    "symbol": "UDR",
    "reportedCurrency": "USD",
    "cik": "0000074208",
    "fillingDate": "1996-08-14",
    "acceptedDate": "1996-08-14 00:00:00",
    "calendarYear": "1996",
    "period": "Q2",
    "revenue": 57500000,
    "costOfRevenue": 0,
    "grossProfit": 0,
    "grossProfitRatio": 0,
    "researchAndDevelopmentExpenses": 0,
    "generalAndAdministrativeExpenses": 1500000,
    "sellingAndMarketingExpenses": 0,
    "sellingGeneralAndAdministrativeExpenses": 1500000,
    "otherExpenses": 56000000,
    "operatingExpenses": 57500000,
    "costAndExpenses": 57500000,
    "interestIncome": 0,
    "interestExpense": 0,
    "depreciationAndAmortization": 11100000,
    "ebitda": 105200000,
    "ebitdaratio": 1.8295652174,
    "operatingIncome": 94100000,
    "operatingIncomeRatio": 1.6365217391,
    "totalOtherIncomeExpensesNet": 0,
    "incomeBeforeTax": 0,
    "incomeBeforeTaxRatio": 0,
    "incomeTaxExpense": 85900000,
    "netIncome": 8200000,
    "netIncomeRatio": 0.1426086957,
    "eps": 0.14,
    "epsdiluted": 0.14,
    "weightedAverageShsOut": 58000000,
    "weightedAverageShsOutDil": 58000000,
    "link": "https://www.sec.gov/Archives/edgar/data/74208/000091664196000681/0000916641-96-000681-index.html",
    "finalLink": "https://www.sec.gov/Archives/edgar/data/74208/"
  },
  {
    "date": "1996-03-31",
    "symbol": "UDR",
    "reportedCurrency": "USD",
    "cik": "0000074208",
    "fillingDate": "1996-05-15",
    "acceptedDate": "1996-05-15 00:00:00",
    "calendarYear": "1996",
    "period": "Q1",
    "revenue": 56200000,
    "costOfRevenue": 0,
    "grossProfit": 0,
    "grossProfitRatio": 0,
    "researchAndDevelopmentExpenses": 0,
    "generalAndAdministrativeExpenses": 1400000,
    "sellingAndMarketingExpenses": 0,
    "sellingGeneralAndAdministrativeExpenses": 1400000,
    "otherExpenses": 54800000,
    "operatingExpenses": 56200000,
    "costAndExpenses": 56200000,
    "interestIncome": 0,
    "interestExpense": 0,
    "depreciationAndAmortization": 10800000,
    "ebitda": 101600000,
    "ebitdaratio": 1.8078291815,
    "operatingIncome": 90800000,
    "operatingIncomeRatio": 1.615658363,
    "totalOtherIncomeExpensesNet": 0,
    "incomeBeforeTax": 0,
    "incomeBeforeTaxRatio": 0,
    "incomeTaxExpense": 81200000,
    "netIncome": 9600000,
    "netIncomeRatio": 0.1708185053,
    "eps": 0.13,
    "epsdiluted": 0.13,
    "weightedAverageShsOut": 55384615,
    "weightedAverageShsOutDil": 55384615,
    "link": "https://www.sec.gov/Archives/edgar/data/74208/000091664196000382/0000916641-96-000382-index.html",
    "finalLink": "https://www.sec.gov/Archives/edgar/data/74208/"
  },
  {
    "date": "1995-12-31",
    "symbol": "UDR",
    "reportedCurrency": "USD",
    "cik": "0000074208",
    "fillingDate": "1996-05-21",
    "acceptedDate": "1996-05-21 00:00:00",
    "calendarYear": "1995",
    "period": "Q4",
    "revenue": 46340000,
    "costOfRevenue": 0,
    "grossProfit": 0,
    "grossProfitRatio": 0,
    "researchAndDevelopmentExpenses": 0,
    "generalAndAdministrativeExpenses": 1065000,
    "sellingAndMarketingExpenses": 0,
    "sellingGeneralAndAdministrativeExpenses": 1065000,
    "otherExpenses": 45275000,
    "operatingExpenses": 46340000,
    "costAndExpenses": 46340000,
    "interestIncome": 0,
    "interestExpense": 0,
    "depreciationAndAmortization": 10642000,
    "ebitda": -152899000,
    "ebitdaratio": -3.2995036685,
    "operatingIncome": -163541000,
    "operatingIncomeRatio": -3.5291540785,
    "totalOtherIncomeExpensesNet": 0,
    "incomeBeforeTax": 0,
    "incomeBeforeTaxRatio": 0,
    "incomeTaxExpense": -171468000,
    "netIncome": 7927000,
    "netIncomeRatio": 0.1710617177,
    "eps": 0.14,
    "epsdiluted": 0.14,
    "weightedAverageShsOut": 55384615,
    "weightedAverageShsOutDil": 55384615,
    "link": "https://www.sec.gov/Archives/edgar/data/74208/000091664196000411/0000916641-96-000411-index.html",
    "finalLink": "https://www.sec.gov/Archives/edgar/data/74208/"
  },
  {
    "date": "1995-09-30",
    "symbol": "UDR",
    "reportedCurrency": "USD",
    "cik": "0000074208",
    "fillingDate": "1996-04-12",
    "acceptedDate": "1996-04-12 00:00:00",
    "calendarYear": "1995",
    "period": "Q3",
    "revenue": 50500000,
    "costOfRevenue": 0,
    "grossProfit": 0,
    "grossProfitRatio": 0,
    "researchAndDevelopmentExpenses": 0,
    "generalAndAdministrativeExpenses": 1000000,
    "sellingAndMarketingExpenses": 0,
    "sellingGeneralAndAdministrativeExpenses": 1000000,
    "otherExpenses": 49500000,
    "operatingExpenses": 50500000,
    "costAndExpenses": 50500000,
    "interestIncome": 0,
    "interestExpense": 0,
    "depreciationAndAmortization": 10300000,
    "ebitda": 92900000,
    "ebitdaratio": 1.8396039604,
    "operatingIncome": 82600000,
    "operatingIncomeRatio": 1.6356435644,
    "totalOtherIncomeExpensesNet": 0,
    "incomeBeforeTax": 0,
    "incomeBeforeTaxRatio": 0,
    "incomeTaxExpense": 75100000,
    "netIncome": 7500000,
    "netIncomeRatio": 0.1485148515,
    "eps": 0.15,
    "epsdiluted": 0.15,
    "weightedAverageShsOut": 51000000,
    "weightedAverageShsOutDil": 51000000,
    "link": "https://www.sec.gov/Archives/edgar/data/74208/000091664196000242/0000916641-96-000242-index.html",
    "finalLink": "https://www.sec.gov/Archives/edgar/data/74208/"
  }
]