[
  {
    "date": "2025-06-30",
    "symbol": "UHS",
    "reportedCurrency": "USD",
    "cik": "0000352915",
    "fillingDate": "2025-08-08",
    "acceptedDate": "2025-08-08 16:16:06",
    "calendarYear": "2025",
    "period": "Q2",
    "revenue": 4283816000,
    "costOfRevenue": 418785000,
    "grossProfit": 3865031000,
    "grossProfitRatio": 0.9022401989,
    "researchAndDevelopmentExpenses": 0,
    "generalAndAdministrativeExpenses": 2050191000,
    "sellingAndMarketingExpenses": 0,
    "sellingGeneralAndAdministrativeExpenses": 2050191000,
    "otherExpenses": 1314570000,
    "operatingExpenses": 3364761000,
    "costAndExpenses": 3783546000,
    "interestIncome": 349000,
    "interestExpense": 34461000,
    "depreciationAndAmortization": 152004000,
    "ebitda": 659850000,
    "ebitdaratio": 0.1540332265,
    "operatingIncome": 500270000,
    "operatingIncomeRatio": 0.116781393,
    "totalOtherIncomeExpensesNet": -26885000,
    "incomeBeforeTax": 473385000,
    "incomeBeforeTaxRatio": 0.1105054465,
    "incomeTaxExpense": 110773000,
    "netIncome": 353218000,
    "netIncomeRatio": 0.082454055,
    "eps": 5.49,
    "epsdiluted": 5.43,
    "weightedAverageShsOut": 64356000,
    "weightedAverageShsOutDil": 64991000,
    "link": "https://www.sec.gov/Archives/edgar/data/352915/000095017025105857/0000950170-25-105857-index.htm",
    "finalLink": "https://www.sec.gov/Archives/edgar/data/352915/000095017025105857/uhs-20250630.htm"
  },
  {
    "date": "2025-03-31",
    "symbol": "UHS",
    "reportedCurrency": "USD",
    "cik": "0000352915",
    "fillingDate": "2025-05-08",
    "acceptedDate": "2025-05-08 16:16:29",
    "calendarYear": "2025",
    "period": "Q1",
    "revenue": 4099720000,
    "costOfRevenue": 402881000,
    "grossProfit": 3696839000,
    "grossProfitRatio": 0.9017296303,
    "researchAndDevelopmentExpenses": 0,
    "generalAndAdministrativeExpenses": 1987917000,
    "sellingAndMarketingExpenses": 0,
    "sellingGeneralAndAdministrativeExpenses": 1987917000,
    "otherExpenses": 1254097000,
    "operatingExpenses": 3242014000,
    "costAndExpenses": 3644895000,
    "interestIncome": 407000,
    "interestExpense": 40463000,
    "depreciationAndAmortization": 148345000,
    "ebitda": 607984000,
    "ebitdaratio": 0.1482989082,
    "operatingIncome": 454825000,
    "operatingIncomeRatio": 0.1109405033,
    "totalOtherIncomeExpensesNet": -34397000,
    "incomeBeforeTax": 420428000,
    "incomeBeforeTaxRatio": 0.1025504181,
    "incomeTaxExpense": 98800000,
    "netIncome": 316680000,
    "netIncomeRatio": 0.0772442996,
    "eps": 4.87,
    "epsdiluted": 4.8,
    "weightedAverageShsOut": 64970000,
    "weightedAverageShsOutDil": 66037000,
    "link": "https://www.sec.gov/Archives/edgar/data/352915/000095017025067010/0000950170-25-067010-index.htm",
    "finalLink": "https://www.sec.gov/Archives/edgar/data/352915/000095017025067010/uhs-20250331.htm"
  },
  {
    "date": "2024-12-31",
    "symbol": "UHS",
    "reportedCurrency": "USD",
    "cik": "0000352915",
    "fillingDate": "2025-02-26",
    "acceptedDate": "2025-02-26 16:20:42",
    "calendarYear": "2024",
    "period": "Q4",
    "revenue": 4113722000,
    "costOfRevenue": 405900000,
    "grossProfit": 3707822000,
    "grossProfitRatio": 0.9013302309,
    "researchAndDevelopmentExpenses": 0,
    "generalAndAdministrativeExpenses": 1945651000,
    "sellingAndMarketingExpenses": 0,
    "sellingGeneralAndAdministrativeExpenses": 1945651000,
    "otherExpenses": 1289682000,
    "operatingExpenses": 3235333000,
    "costAndExpenses": 3641233000,
    "interestIncome": 389000,
    "interestExpense": 40113000,
    "depreciationAndAmortization": 146781000,
    "ebitda": 623953000,
    "ebitdaratio": 0.1516760248,
    "operatingIncome": 472489000,
    "operatingIncomeRatio": 0.1148568134,
    "totalOtherIncomeExpensesNet": -34178000,
    "incomeBeforeTax": 438311000,
    "incomeBeforeTaxRatio": 0.1065485222,
    "incomeTaxExpense": 101264000,
    "netIncome": 332397000,
    "netIncomeRatio": 0.0808020085,
    "eps": 5.07,
    "epsdiluted": 4.96,
    "weightedAverageShsOut": 65596999,
    "weightedAverageShsOutDil": 67074000,
    "link": "https://www.sec.gov/Archives/edgar/data/352915/000095017025027785/0000950170-25-027785-index.htm",
    "finalLink": "https://www.sec.gov/Archives/edgar/data/352915/000095017025027785/uhs-20241231.htm"
  },
  {
    "date": "2024-09-30",
    "symbol": "UHS",
    "reportedCurrency": "USD",
    "cik": "0000352915",
    "fillingDate": "2024-11-08",
    "acceptedDate": "2024-11-08 16:15:28",
    "calendarYear": "2024",
    "period": "Q3",
    "revenue": 3963027000,
    "costOfRevenue": 390250000,
    "grossProfit": 3572777000,
    "grossProfitRatio": 0.9015272921,
    "researchAndDevelopmentExpenses": 0,
    "generalAndAdministrativeExpenses": 1948848000,
    "sellingAndMarketingExpenses": 0,
    "sellingGeneralAndAdministrativeExpenses": 1948848000,
    "otherExpenses": 1239764000,
    "operatingExpenses": 3188612000,
    "costAndExpenses": 3578862000,
    "interestIncome": 368000,
    "interestExpense": 45028000,
    "depreciationAndAmortization": 149567000,
    "ebitda": 534873000,
    "ebitdaratio": 0.1349657724,
    "operatingIncome": 384165000,
    "operatingIncomeRatio": 0.0969372654,
    "totalOtherIncomeExpensesNet": -42632000,
    "incomeBeforeTax": 341533000,
    "incomeBeforeTaxRatio": 0.0861798317,
    "incomeTaxExpense": 75623000,
    "netIncome": 258714000,
    "netIncomeRatio": 0.0652819171,
    "eps": 3.89,
    "epsdiluted": 3.8,
    "weightedAverageShsOut": 66537000,
    "weightedAverageShsOutDil": 68108000,
    "link": "https://www.sec.gov/Archives/edgar/data/352915/000095017024124103/0000950170-24-124103-index.htm",
    "finalLink": "https://www.sec.gov/Archives/edgar/data/352915/000095017024124103/uhs-20240930.htm"
  },
  {
    "date": "2024-06-30",
    "symbol": "UHS",
    "reportedCurrency": "USD",
    "cik": "0000352915",
    "fillingDate": "2024-08-08",
    "acceptedDate": "2024-08-08 16:15:41",
    "calendarYear": "2024",
    "period": "Q2",
    "revenue": 3907604000,
    "costOfRevenue": 388063000,
    "grossProfit": 3519541000,
    "grossProfitRatio": 0.9006902951,
    "researchAndDevelopmentExpenses": 0,
    "generalAndAdministrativeExpenses": 1892547000,
    "sellingAndMarketingExpenses": 0,
    "sellingGeneralAndAdministrativeExpenses": 1892547000,
    "otherExpenses": 1190596000,
    "operatingExpenses": 3083143000,
    "costAndExpenses": 3471206000,
    "interestIncome": 353000,
    "interestExpense": 49252000,
    "depreciationAndAmortization": 147480000,
    "ebitda": 577480000,
    "ebitdaratio": 0.1477836546,
    "operatingIncome": 436398000,
    "operatingIncomeRatio": 0.1116791773,
    "totalOtherIncomeExpensesNet": -54392000,
    "incomeBeforeTax": 382006000,
    "incomeBeforeTaxRatio": 0.0977596502,
    "incomeTaxExpense": 87676000,
    "netIncome": 289152000,
    "netIncomeRatio": 0.0739972628,
    "eps": 4.32,
    "epsdiluted": 4.26,
    "weightedAverageShsOut": 66878000,
    "weightedAverageShsOutDil": 67920000,
    "link": "https://www.sec.gov/Archives/edgar/data/352915/000095017024094006/0000950170-24-094006-index.htm",
    "finalLink": "https://www.sec.gov/Archives/edgar/data/352915/000095017024094006/uhs-20240630.htm"
  },
  {
    "date": "2024-03-31",
    "symbol": "UHS",
    "reportedCurrency": "USD",
    "cik": "0000352915",
    "fillingDate": "2024-05-08",
    "acceptedDate": "2024-05-08 16:15:53",
    "calendarYear": "2024",
    "period": "Q1",
    "revenue": 3843582000,
    "costOfRevenue": 403573000,
    "grossProfit": 3440009000,
    "grossProfitRatio": 0.8950008091,
    "researchAndDevelopmentExpenses": 0,
    "generalAndAdministrativeExpenses": 1878074000,
    "sellingAndMarketingExpenses": 0,
    "sellingGeneralAndAdministrativeExpenses": 1878074000,
    "otherExpenses": 1173173000,
    "operatingExpenses": 3051247000,
    "costAndExpenses": 3454820000,
    "interestIncome": 315000,
    "interestExpense": 53141000,
    "depreciationAndAmortization": 141003000,
    "ebitda": 528974000,
    "ebitdaratio": 0.1376252673,
    "operatingIncome": 388762000,
    "operatingIncomeRatio": 0.1011457541,
    "totalOtherIncomeExpensesNet": -52676000,
    "incomeBeforeTax": 336086000,
    "incomeBeforeTaxRatio": 0.0874408299,
    "incomeTaxExpense": 70264000,
    "netIncome": 261834000,
    "netIncomeRatio": 0.0681223921,
    "eps": 3.9,
    "epsdiluted": 3.82,
    "weightedAverageShsOut": 67204000,
    "weightedAverageShsOutDil": 68482000,
    "link": "https://www.sec.gov/Archives/edgar/data/352915/000095017024055683/0000950170-24-055683-index.htm",
    "finalLink": "https://www.sec.gov/Archives/edgar/data/352915/000095017024055683/uhs-20240331.htm"
  },
  {
    "date": "2023-12-31",
    "symbol": "UHS",
    "reportedCurrency": "USD",
    "cik": "0000352915",
    "fillingDate": "2024-02-27",
    "acceptedDate": "2024-02-27 16:18:12",
    "calendarYear": "2023",
    "period": "Q4",
    "revenue": 3703546000,
    "costOfRevenue": 393878000,
    "grossProfit": 3309668000,
    "grossProfitRatio": 0.8936484115,
    "researchAndDevelopmentExpenses": 0,
    "generalAndAdministrativeExpenses": 1834259000,
    "sellingAndMarketingExpenses": 0,
    "sellingGeneralAndAdministrativeExpenses": 1834259000,
    "otherExpenses": 1144213000,
    "operatingExpenses": 2978472000,
    "costAndExpenses": 3372350000,
    "interestIncome": 114000,
    "interestExpense": 53703000,
    "depreciationAndAmortization": 145481000,
    "ebitda": 479049000,
    "ebitdaratio": 0.1293487377,
    "operatingIncome": 331196000,
    "operatingIncomeRatio": 0.0894267278,
    "totalOtherIncomeExpensesNet": -50073000,
    "incomeBeforeTax": 281123000,
    "incomeBeforeTaxRatio": 0.0759064421,
    "incomeTaxExpense": 61501000,
    "netIncome": 216378000,
    "netIncomeRatio": 0.0584245477,
    "eps": 3.19,
    "epsdiluted": 3.16,
    "weightedAverageShsOut": 67809000,
    "weightedAverageShsOutDil": 68550000,
    "link": "https://www.sec.gov/Archives/edgar/data/352915/000095017024021175/0000950170-24-021175-index.htm",
    "finalLink": "https://www.sec.gov/Archives/edgar/data/352915/000095017024021175/uhs-20231231.htm"
  },
  {
    "date": "2023-09-30",
    "symbol": "UHS",
    "reportedCurrency": "USD",
    "cik": "0000352915",
    "fillingDate": "2023-11-08",
    "acceptedDate": "2023-11-08 16:15:50",
    "calendarYear": "2023",
    "period": "Q3",
    "revenue": 3562774000,
    "costOfRevenue": 378667000,
    "grossProfit": 3184107000,
    "grossProfitRatio": 0.8937156833,
    "researchAndDevelopmentExpenses": 0,
    "generalAndAdministrativeExpenses": 1820336000,
    "sellingAndMarketingExpenses": 0,
    "sellingGeneralAndAdministrativeExpenses": 1820336000,
    "otherExpenses": 1078414000,
    "operatingExpenses": 2898750000,
    "costAndExpenses": 3277417000,
    "interestIncome": 106000,
    "interestExpense": 53378000,
    "depreciationAndAmortization": 137195000,
    "ebitda": 409926000,
    "ebitdaratio": 0.115058098,
    "operatingIncome": 285357000,
    "operatingIncomeRatio": 0.0800940503,
    "totalOtherIncomeExpensesNet": -64850000,
    "incomeBeforeTax": 220507000,
    "incomeBeforeTaxRatio": 0.0618919415,
    "incomeTaxExpense": 52499000,
    "netIncome": 166989000,
    "netIncomeRatio": 0.0468705003,
    "eps": 2.42,
    "epsdiluted": 2.4,
    "weightedAverageShsOut": 68867000,
    "weightedAverageShsOutDil": 69624000,
    "link": "https://www.sec.gov/Archives/edgar/data/352915/000095017023061147/0000950170-23-061147-index.htm",
    "finalLink": "https://www.sec.gov/Archives/edgar/data/352915/000095017023061147/uhs-20230930.htm"
  },
  {
    "date": "2023-06-30",
    "symbol": "UHS",
    "reportedCurrency": "USD",
    "cik": "0000352915",
    "fillingDate": "2023-08-08",
    "acceptedDate": "2023-08-08 16:18:42",
    "calendarYear": "2023",
    "period": "Q2",
    "revenue": 3548138000,
    "costOfRevenue": 380294000,
    "grossProfit": 3167844000,
    "grossProfitRatio": 0.8928187122,
    "researchAndDevelopmentExpenses": 0,
    "generalAndAdministrativeExpenses": 1805658000,
    "sellingAndMarketingExpenses": 0,
    "sellingGeneralAndAdministrativeExpenses": 1805658000,
    "otherExpenses": 1082058000,
    "operatingExpenses": 2887716000,
    "costAndExpenses": 3268010000,
    "interestIncome": 222000,
    "interestExpense": 49053000,
    "depreciationAndAmortization": 143744000,
    "ebitda": 416233000,
    "ebitdaratio": 0.1173102625,
    "operatingIncome": 280128000,
    "operatingIncomeRatio": 0.078950706,
    "totalOtherIncomeExpensesNet": -55433000,
    "incomeBeforeTax": 224695000,
    "incomeBeforeTaxRatio": 0.063327582,
    "incomeTaxExpense": 55393000,
    "netIncome": 171313000,
    "netIncomeRatio": 0.0482825076,
    "eps": 2.44,
    "epsdiluted": 2.42,
    "weightedAverageShsOut": 70073000,
    "weightedAverageShsOutDil": 70839000,
    "link": "https://www.sec.gov/Archives/edgar/data/352915/000095017023039845/0000950170-23-039845-index.htm",
    "finalLink": "https://www.sec.gov/Archives/edgar/data/352915/000095017023039845/uhs-20230630.htm"
  },
  {
    "date": "2023-03-31",
    "symbol": "UHS",
    "reportedCurrency": "USD",
    "cik": "0000352915",
    "fillingDate": "2023-05-08",
    "acceptedDate": "2023-05-08 16:17:24",
    "calendarYear": "2023",
    "period": "Q1",
    "revenue": 3467518000,
    "costOfRevenue": 379989000,
    "grossProfit": 3087529000,
    "grossProfitRatio": 0.8904147001,
    "researchAndDevelopmentExpenses": 0,
    "generalAndAdministrativeExpenses": 1788257000,
    "sellingAndMarketingExpenses": 0,
    "sellingGeneralAndAdministrativeExpenses": 1788257000,
    "otherExpenses": 1020572000,
    "operatingExpenses": 2808829000,
    "costAndExpenses": 3188818000,
    "interestIncome": 130000,
    "interestExpense": 50876000,
    "depreciationAndAmortization": 141621000,
    "ebitda": 405470000,
    "ebitdaratio": 0.1169337838,
    "operatingIncome": 278700000,
    "operatingIncomeRatio": 0.0803744926,
    "totalOtherIncomeExpensesNet": -64599000,
    "incomeBeforeTax": 214101000,
    "incomeBeforeTaxRatio": 0.0617447408,
    "incomeTaxExpense": 51726000,
    "netIncome": 163115000,
    "netIncomeRatio": 0.0470408517,
    "eps": 2.31,
    "epsdiluted": 2.28,
    "weightedAverageShsOut": 70535000,
    "weightedAverageShsOutDil": 71487000,
    "link": "https://www.sec.gov/Archives/edgar/data/352915/000095017023018827/0000950170-23-018827-index.htm",
    "finalLink": "https://www.sec.gov/Archives/edgar/data/352915/000095017023018827/uhs-20230331.htm"
  },
  {
    "date": "2022-12-31",
    "symbol": "UHS",
    "reportedCurrency": "USD",
    "cik": "0000352915",
    "fillingDate": "2023-02-27",
    "acceptedDate": "2023-02-27 16:18:16",
    "calendarYear": "2022",
    "period": "Q4",
    "revenue": 3446980000,
    "costOfRevenue": 381936000,
    "grossProfit": 3065044000,
    "grossProfitRatio": 0.8891969202,
    "researchAndDevelopmentExpenses": 0,
    "generalAndAdministrativeExpenses": 1735634000,
    "sellingAndMarketingExpenses": 0,
    "sellingGeneralAndAdministrativeExpenses": 1735634000,
    "otherExpenses": 1068026000,
    "operatingExpenses": 2803660000,
    "costAndExpenses": 3185596000,
    "interestIncome": 195000,
    "interestExpense": 43887000,
    "depreciationAndAmortization": 148353000,
    "ebitda": 413348000,
    "ebitdaratio": 0.1199159844,
    "operatingIncome": 261384000,
    "operatingIncomeRatio": 0.0758298569,
    "totalOtherIncomeExpensesNet": -39049000,
    "incomeBeforeTax": 222335000,
    "incomeBeforeTaxRatio": 0.0645013896,
    "incomeTaxExpense": 51966000,
    "netIncome": 174820000,
    "netIncomeRatio": 0.0507168594,
    "eps": 2.45,
    "epsdiluted": 2.43,
    "weightedAverageShsOut": 71165000,
    "weightedAverageShsOutDil": 71792000,
    "link": "https://www.sec.gov/Archives/edgar/data/352915/000095017023004656/0000950170-23-004656-index.htm",
    "finalLink": "https://www.sec.gov/Archives/edgar/data/352915/000095017023004656/uhs-20221231.htm"
  },
  {
    "date": "2022-09-30",
    "symbol": "UHS",
    "reportedCurrency": "USD",
    "cik": "0000352915",
    "fillingDate": "2022-11-08",
    "acceptedDate": "2022-11-08 16:18:49",
    "calendarYear": "2022",
    "period": "Q3",
    "revenue": 3336027000,
    "costOfRevenue": 366337000,
    "grossProfit": 2969690000,
    "grossProfitRatio": 0.8901876394,
    "researchAndDevelopmentExpenses": 0,
    "generalAndAdministrativeExpenses": 1710695000,
    "sellingAndMarketingExpenses": 0,
    "sellingGeneralAndAdministrativeExpenses": 1710695000,
    "otherExpenses": 983115000,
    "operatingExpenses": 2693810000,
    "costAndExpenses": 3060147000,
    "interestIncome": 107000,
    "interestExpense": 35653000,
    "depreciationAndAmortization": 145874000,
    "ebitda": 414587000,
    "ebitdaratio": 0.1242756728,
    "operatingIncome": 275880000,
    "operatingIncomeRatio": 0.0826971724,
    "totalOtherIncomeExpensesNet": -41668000,
    "incomeBeforeTax": 234212000,
    "incomeBeforeTaxRatio": 0.0702068658,
    "incomeTaxExpense": 57401000,
    "netIncome": 182635000,
    "netIncomeRatio": 0.0547462595,
    "eps": 2.52,
    "epsdiluted": 2.5,
    "weightedAverageShsOut": 72595000,
    "weightedAverageShsOutDil": 73060000,
    "link": "https://www.sec.gov/Archives/edgar/data/352915/000156459022037046/0001564590-22-037046-index.htm",
    "finalLink": "https://www.sec.gov/Archives/edgar/data/352915/000156459022037046/uhs-10q_20220930.htm"
  },
  {
    "date": "2022-06-30",
    "symbol": "UHS",
    "reportedCurrency": "USD",
    "cik": "0000352915",
    "fillingDate": "2022-08-08",
    "acceptedDate": "2022-08-08 16:07:18",
    "calendarYear": "2022",
    "period": "Q2",
    "revenue": 3323407000,
    "costOfRevenue": 354993000,
    "grossProfit": 2968414000,
    "grossProfitRatio": 0.8931840127,
    "researchAndDevelopmentExpenses": 0,
    "generalAndAdministrativeExpenses": 1723245000,
    "sellingAndMarketingExpenses": 0,
    "sellingGeneralAndAdministrativeExpenses": 1723245000,
    "otherExpenses": 1011735000,
    "operatingExpenses": 2734980000,
    "costAndExpenses": 3089973000,
    "interestIncome": 63000,
    "interestExpense": 25676000,
    "depreciationAndAmortization": 143850000,
    "ebitda": 378202000,
    "ebitdaratio": 0.1137994835,
    "operatingIncome": 233434000,
    "operatingIncomeRatio": 0.0702393658,
    "totalOtherIncomeExpensesNet": -23704000,
    "incomeBeforeTax": 209730000,
    "incomeBeforeTaxRatio": 0.0631069261,
    "incomeTaxExpense": 50949000,
    "netIncome": 163898000,
    "netIncomeRatio": 0.0493162589,
    "eps": 2.22,
    "epsdiluted": 2.2,
    "weightedAverageShsOut": 73682000,
    "weightedAverageShsOutDil": 74435000,
    "link": "https://www.sec.gov/Archives/edgar/data/352915/000156459022028437/0001564590-22-028437-index.htm",
    "finalLink": "https://www.sec.gov/Archives/edgar/data/352915/000156459022028437/uhs-10q_20220630.htm"
  },
  {
    "date": "2022-03-31",
    "symbol": "UHS",
    "reportedCurrency": "USD",
    "cik": "0000352915",
    "fillingDate": "2022-05-06",
    "acceptedDate": "2022-05-06 16:01:24",
    "calendarYear": "2022",
    "period": "Q1",
    "revenue": 3292956000,
    "costOfRevenue": 371073000,
    "grossProfit": 2921883000,
    "grossProfitRatio": 0.8873131011,
    "researchAndDevelopmentExpenses": 0,
    "generalAndAdministrativeExpenses": 1724308000,
    "sellingAndMarketingExpenses": 0,
    "sellingGeneralAndAdministrativeExpenses": 1724308000,
    "otherExpenses": 964718000,
    "operatingExpenses": 2689026000,
    "costAndExpenses": 3060099000,
    "interestIncome": 13000,
    "interestExpense": 21673000,
    "depreciationAndAmortization": 143784000,
    "ebitda": 364348000,
    "ebitdaratio": 0.1106446609,
    "operatingIncome": 232857000,
    "operatingIncomeRatio": 0.0707136688,
    "totalOtherIncomeExpensesNet": -32874000,
    "incomeBeforeTax": 199983000,
    "incomeBeforeTaxRatio": 0.0607305412,
    "incomeTaxExpense": 48962000,
    "netIncome": 153664000,
    "netIncomeRatio": 0.0466644559,
    "eps": 2.05,
    "epsdiluted": 2.02,
    "weightedAverageShsOut": 75030000,
    "weightedAverageShsOutDil": 76041000,
    "link": "https://www.sec.gov/Archives/edgar/data/352915/000156459022018570/0001564590-22-018570-index.htm",
    "finalLink": "https://www.sec.gov/Archives/edgar/data/352915/000156459022018570/uhs-10q_20220331.htm"
  },
  {
    "date": "2021-12-31",
    "symbol": "UHS",
    "reportedCurrency": "USD",
    "cik": "0000352915",
    "fillingDate": "2022-02-24",
    "acceptedDate": "2022-02-24 16:17:42",
    "calendarYear": "2021",
    "period": "Q4",
    "revenue": 3275251000,
    "costOfRevenue": 374157000,
    "grossProfit": 2901094000,
    "grossProfitRatio": 0.8857623431,
    "researchAndDevelopmentExpenses": 0,
    "generalAndAdministrativeExpenses": 1651803000,
    "sellingAndMarketingExpenses": 0,
    "sellingGeneralAndAdministrativeExpenses": 1651803000,
    "otherExpenses": 935642000,
    "operatingExpenses": 2587445000,
    "costAndExpenses": 2961602000,
    "interestIncome": 116000,
    "interestExpense": 18228000,
    "depreciationAndAmortization": 133363000,
    "ebitda": 458339000,
    "ebitdaratio": 0.1399401145,
    "operatingIncome": 313649000,
    "operatingIncomeRatio": 0.0957633476,
    "totalOtherIncomeExpensesNet": -6901000,
    "incomeBeforeTax": 306748000,
    "incomeBeforeTaxRatio": 0.0936563335,
    "incomeTaxExpense": 72837000,
    "netIncome": 238674000,
    "netIncomeRatio": 0.0728719723,
    "eps": 3.03,
    "epsdiluted": 3,
    "weightedAverageShsOut": 78808000,
    "weightedAverageShsOutDil": 79675000,
    "link": "https://www.sec.gov/Archives/edgar/data/352915/000156459022006717/0001564590-22-006717-index.htm",
    "finalLink": "https://www.sec.gov/Archives/edgar/data/352915/000156459022006717/uhs-10k_20211231.htm"
  },
  {
    "date": "2021-09-30",
    "symbol": "UHS",
    "reportedCurrency": "USD",
    "cik": "0000352915",
    "fillingDate": "2021-11-08",
    "acceptedDate": "2021-11-08 16:16:08",
    "calendarYear": "2021",
    "period": "Q3",
    "revenue": 3155999000,
    "costOfRevenue": 367834000,
    "grossProfit": 2788165000,
    "grossProfitRatio": 0.883449266,
    "researchAndDevelopmentExpenses": 0,
    "generalAndAdministrativeExpenses": 1584823000,
    "sellingAndMarketingExpenses": 0,
    "sellingGeneralAndAdministrativeExpenses": 1584823000,
    "otherExpenses": 888534000,
    "operatingExpenses": 2473357000,
    "costAndExpenses": 2841191000,
    "interestIncome": 166000,
    "interestExpense": 20278000,
    "depreciationAndAmortization": 134462000,
    "ebitda": 441630000,
    "ebitdaratio": 0.1399335044,
    "operatingIncome": 314808000,
    "operatingIncomeRatio": 0.099749081,
    "totalOtherIncomeExpensesNet": -27918000,
    "incomeBeforeTax": 286890000,
    "incomeBeforeTaxRatio": 0.0909030706,
    "incomeTaxExpense": 67515000,
    "netIncome": 217955000,
    "netIncomeRatio": 0.0690605415,
    "eps": 2.65,
    "epsdiluted": 2.6,
    "weightedAverageShsOut": 82262000,
    "weightedAverageShsOutDil": 83673000,
    "link": "https://www.sec.gov/Archives/edgar/data/352915/000156459021055254/0001564590-21-055254-index.htm",
    "finalLink": "https://www.sec.gov/Archives/edgar/data/352915/000156459021055254/uhs-10q_20210930.htm"
  },
  {
    "date": "2021-06-30",
    "symbol": "UHS",
    "reportedCurrency": "USD",
    "cik": "0000352915",
    "fillingDate": "2021-08-06",
    "acceptedDate": "2021-08-06 16:22:37",
    "calendarYear": "2021",
    "period": "Q2",
    "revenue": 3197880000,
    "costOfRevenue": 338033000,
    "grossProfit": 2859847000,
    "grossProfitRatio": 0.8942946577,
    "researchAndDevelopmentExpenses": 0,
    "generalAndAdministrativeExpenses": 1517084000,
    "sellingAndMarketingExpenses": 0,
    "sellingGeneralAndAdministrativeExpenses": 1517084000,
    "otherExpenses": 903795000,
    "operatingExpenses": 2420879000,
    "costAndExpenses": 2758912000,
    "interestIncome": 410000,
    "interestExpense": 21709000,
    "depreciationAndAmortization": 133985000,
    "ebitda": 581466000,
    "ebitdaratio": 0.1818285864,
    "operatingIncome": 438968000,
    "operatingIncomeRatio": 0.1372684403,
    "totalOtherIncomeExpensesNet": -12170000,
    "incomeBeforeTax": 426798000,
    "incomeBeforeTaxRatio": 0.1334627941,
    "incomeTaxExpense": 101522000,
    "netIncome": 324363000,
    "netIncomeRatio": 0.1014306353,
    "eps": 3.85,
    "epsdiluted": 3.79,
    "weightedAverageShsOut": 84224000,
    "weightedAverageShsOutDil": 85624000,
    "link": "https://www.sec.gov/Archives/edgar/data/352915/000156459021042157/0001564590-21-042157-index.htm",
    "finalLink": "https://www.sec.gov/Archives/edgar/data/352915/000156459021042157/uhs-10q_20210630.htm"
  },
  {
    "date": "2021-03-31",
    "symbol": "UHS",
    "reportedCurrency": "USD",
    "cik": "0000352915",
    "fillingDate": "2021-05-07",
    "acceptedDate": "2021-05-07 16:12:59",
    "calendarYear": "2021",
    "period": "Q1",
    "revenue": 3012987000,
    "costOfRevenue": 347110000,
    "grossProfit": 2665877000,
    "grossProfitRatio": 0.8847953874,
    "researchAndDevelopmentExpenses": 0,
    "generalAndAdministrativeExpenses": 1529097000,
    "sellingAndMarketingExpenses": 0,
    "sellingGeneralAndAdministrativeExpenses": 1529097000,
    "otherExpenses": 841111000,
    "operatingExpenses": 2370208000,
    "costAndExpenses": 2717318000,
    "interestIncome": 904000,
    "interestExpense": 22026000,
    "depreciationAndAmortization": 131403000,
    "ebitda": 426049000,
    "ebitdaratio": 0.1414041946,
    "operatingIncome": 295669000,
    "operatingIncomeRatio": 0.098131522,
    "totalOtherIncomeExpensesNet": -22792000,
    "incomeBeforeTax": 272877000,
    "incomeBeforeTaxRatio": 0.0905669357,
    "incomeTaxExpense": 63807000,
    "netIncome": 208539000,
    "netIncomeRatio": 0.0692133753,
    "eps": 2.46,
    "epsdiluted": 2.43,
    "weightedAverageShsOut": 84782000,
    "weightedAverageShsOutDil": 85796000,
    "link": "https://www.sec.gov/Archives/edgar/data/352915/000156459021025562/0001564590-21-025562-index.htm",
    "finalLink": "https://www.sec.gov/Archives/edgar/data/352915/000156459021025562/uhs-10q_20210331.htm"
  },
  {
    "date": "2020-12-31",
    "symbol": "UHS",
    "reportedCurrency": "USD",
    "cik": "0000352915",
    "fillingDate": "2021-02-25",
    "acceptedDate": "2021-02-25 16:17:03",
    "calendarYear": "2020",
    "period": "Q4",
    "revenue": 3086935000,
    "costOfRevenue": 351324000,
    "grossProfit": 2735611000,
    "grossProfitRatio": 0.8861900234,
    "researchAndDevelopmentExpenses": 0,
    "generalAndAdministrativeExpenses": 1497162000,
    "sellingAndMarketingExpenses": 0,
    "sellingGeneralAndAdministrativeExpenses": 1497162000,
    "otherExpenses": 824490000,
    "operatingExpenses": 2321652000,
    "costAndExpenses": 2672976000,
    "interestIncome": 1937000,
    "interestExpense": 21823000,
    "depreciationAndAmortization": 133930000,
    "ebitda": 557058000,
    "ebitdaratio": 0.1804566666,
    "operatingIncome": 413959000,
    "operatingIncomeRatio": 0.1341003293,
    "totalOtherIncomeExpensesNet": -11581000,
    "incomeBeforeTax": 402378000,
    "incomeBeforeTaxRatio": 0.1303487116,
    "incomeTaxExpense": 94644000,
    "netIncome": 307714000,
    "netIncomeRatio": 0.099682695,
    "eps": 3.63,
    "epsdiluted": 3.6,
    "weightedAverageShsOut": 84728000,
    "weightedAverageShsOutDil": 85587000,
    "link": "https://www.sec.gov/Archives/edgar/data/352915/000156459021008851/0001564590-21-008851-index.htm",
    "finalLink": "https://www.sec.gov/Archives/edgar/data/352915/000156459021008851/uhs-10k_20201231.htm"
  },
  {
    "date": "2020-09-30",
    "symbol": "UHS",
    "reportedCurrency": "USD",
    "cik": "0000352915",
    "fillingDate": "2020-11-06",
    "acceptedDate": "2020-11-06 16:17:26",
    "calendarYear": "2020",
    "period": "Q3",
    "revenue": 2912541000,
    "costOfRevenue": 335409000,
    "grossProfit": 2577132000,
    "grossProfitRatio": 0.8848397327,
    "researchAndDevelopmentExpenses": 0,
    "generalAndAdministrativeExpenses": 1434836000,
    "sellingAndMarketingExpenses": 0,
    "sellingGeneralAndAdministrativeExpenses": 1434836000,
    "otherExpenses": 792626000,
    "operatingExpenses": 2227462000,
    "costAndExpenses": 2562871000,
    "interestIncome": 520000,
    "interestExpense": 25095000,
    "depreciationAndAmortization": 125961000,
    "ebitda": 473015000,
    "ebitdaratio": 0.1624062975,
    "operatingIncome": 349670000,
    "operatingIncomeRatio": 0.120056679,
    "totalOtherIncomeExpensesNet": -26406000,
    "incomeBeforeTax": 323264000,
    "incomeBeforeTaxRatio": 0.1109903689,
    "incomeTaxExpense": 79172000,
    "netIncome": 240489000,
    "netIncomeRatio": 0.0825701681,
    "eps": 2.84,
    "epsdiluted": 2.82,
    "weightedAverageShsOut": 84672000,
    "weightedAverageShsOutDil": 85247000,
    "link": "https://www.sec.gov/Archives/edgar/data/352915/000156459020051981/0001564590-20-051981-index.htm",
    "finalLink": "https://www.sec.gov/Archives/edgar/data/352915/000156459020051981/uhs-10q_20200930.htm"
  },
  {
    "date": "2020-06-30",
    "symbol": "UHS",
    "reportedCurrency": "USD",
    "cik": "0000352915",
    "fillingDate": "2020-08-07",
    "acceptedDate": "2020-08-07 17:41:17",
    "calendarYear": "2020",
    "period": "Q2",
    "revenue": 2729754000,
    "costOfRevenue": 283572000,
    "grossProfit": 2446182000,
    "grossProfitRatio": 0.8961181117,
    "researchAndDevelopmentExpenses": 0,
    "generalAndAdministrativeExpenses": 1336196000,
    "sellingAndMarketingExpenses": 0,
    "sellingGeneralAndAdministrativeExpenses": 1336196000,
    "otherExpenses": 751955000,
    "operatingExpenses": 2088151000,
    "costAndExpenses": 2371723000,
    "interestIncome": 317000,
    "interestExpense": 25790000,
    "depreciationAndAmortization": 126208000,
    "ebitda": 486378000,
    "ebitdaratio": 0.178176495,
    "operatingIncome": 358031000,
    "operatingIncomeRatio": 0.1311587051,
    "totalOtherIncomeExpensesNet": -22373000,
    "incomeBeforeTax": 335658000,
    "incomeBeforeTaxRatio": 0.1229627285,
    "incomeTaxExpense": 79154000,
    "netIncome": 251105000,
    "netIncomeRatio": 0.0919881425,
    "eps": 2.97,
    "epsdiluted": 2.95,
    "weightedAverageShsOut": 84632000,
    "weightedAverageShsOutDil": 85059000,
    "link": "https://www.sec.gov/Archives/edgar/data/352915/000156459020038367/0001564590-20-038367-index.htm",
    "finalLink": "https://www.sec.gov/Archives/edgar/data/352915/000156459020038367/uhs-10q_20200630.htm"
  },
  {
    "date": "2020-03-31",
    "symbol": "UHS",
    "reportedCurrency": "USD",
    "cik": "0000352915",
    "fillingDate": "2020-05-08",
    "acceptedDate": "2020-05-08 16:18:25",
    "calendarYear": "2020",
    "period": "Q1",
    "revenue": 2829667000,
    "costOfRevenue": 317827000,
    "grossProfit": 2511840000,
    "grossProfitRatio": 0.8876804232,
    "researchAndDevelopmentExpenses": 0,
    "generalAndAdministrativeExpenses": 1460962000,
    "sellingAndMarketingExpenses": 0,
    "sellingGeneralAndAdministrativeExpenses": 1460962000,
    "otherExpenses": 814184000,
    "operatingExpenses": 2275146000,
    "costAndExpenses": 2592973000,
    "interestIncome": 30000,
    "interestExpense": 36351000,
    "depreciationAndAmortization": 124394000,
    "ebitda": 350276000,
    "ebitdaratio": 0.1237870039,
    "operatingIncome": 236694000,
    "operatingIncomeRatio": 0.0836472984,
    "totalOtherIncomeExpensesNet": -45911000,
    "incomeBeforeTax": 190783000,
    "incomeBeforeTaxRatio": 0.0674224211,
    "incomeTaxExpense": 46323000,
    "netIncome": 141664000,
    "netIncomeRatio": 0.0500638414,
    "eps": 1.64,
    "epsdiluted": 1.64,
    "weightedAverageShsOut": 86212000,
    "weightedAverageShsOutDil": 86455000,
    "link": "https://www.sec.gov/Archives/edgar/data/352915/000156459020023579/0001564590-20-023579-index.htm",
    "finalLink": "https://www.sec.gov/Archives/edgar/data/352915/000156459020023579/uhs-10q_20200331.htm"
  },
  {
    "date": "2019-12-31",
    "symbol": "UHS",
    "reportedCurrency": "USD",
    "cik": "0000352915",
    "fillingDate": "2020-02-26",
    "acceptedDate": "2020-02-26 16:19:33",
    "calendarYear": "2019",
    "period": "Q4",
    "revenue": 2896247000,
    "costOfRevenue": 324090000,
    "grossProfit": 2572157000,
    "grossProfitRatio": 0.8881000136,
    "researchAndDevelopmentExpenses": 0,
    "generalAndAdministrativeExpenses": 1459129000,
    "sellingAndMarketingExpenses": 0,
    "sellingGeneralAndAdministrativeExpenses": 1459129000,
    "otherExpenses": 772049000,
    "operatingExpenses": 2231178000,
    "costAndExpenses": 2555268000,
    "interestIncome": 86000,
    "interestExpense": 39159000,
    "depreciationAndAmortization": 127656000,
    "ebitda": 486779000,
    "ebitdaratio": 0.1680723364,
    "operatingIncome": 340979000,
    "operatingIncomeRatio": 0.1177313261,
    "totalOtherIncomeExpensesNet": -19821000,
    "incomeBeforeTax": 321158000,
    "incomeBeforeTaxRatio": 0.1108876418,
    "incomeTaxExpense": 73148000,
    "netIncome": 244562000,
    "netIncomeRatio": 0.0844410024,
    "eps": 2.81,
    "epsdiluted": 2.79,
    "weightedAverageShsOut": 87184000,
    "weightedAverageShsOutDil": 87603000,
    "link": "https://www.sec.gov/Archives/edgar/data/352915/000156459020006793/0001564590-20-006793-index.htm",
    "finalLink": "https://www.sec.gov/Archives/edgar/data/352915/000156459020006793/uhs-10k_20191231.htm"
  },
  {
    "date": "2019-09-30",
    "symbol": "UHS",
    "reportedCurrency": "USD",
    "cik": "0000352915",
    "fillingDate": "2019-11-08",
    "acceptedDate": "2019-11-08 16:18:26",
    "calendarYear": "2019",
    "period": "Q3",
    "revenue": 2822453000,
    "costOfRevenue": 313936000,
    "grossProfit": 2508517000,
    "grossProfitRatio": 0.8887719299,
    "researchAndDevelopmentExpenses": 0,
    "generalAndAdministrativeExpenses": 1435886000,
    "sellingAndMarketingExpenses": 0,
    "sellingGeneralAndAdministrativeExpenses": 1435886000,
    "otherExpenses": 883702000,
    "operatingExpenses": 2319588000,
    "costAndExpenses": 2633524000,
    "interestIncome": 65000,
    "interestExpense": 41447000,
    "depreciationAndAmortization": 121528000,
    "ebitda": 299833000,
    "ebitdaratio": 0.1062313527,
    "operatingIncome": 188929000,
    "operatingIncomeRatio": 0.0669378728,
    "totalOtherIncomeExpensesNet": -50854000,
    "incomeBeforeTax": 138075000,
    "incomeBeforeTaxRatio": 0.0489202123,
    "incomeTaxExpense": 37205000,
    "netIncome": 96947000,
    "netIncomeRatio": 0.0343484905,
    "eps": 1.1,
    "epsdiluted": 1.1,
    "weightedAverageShsOut": 87952000,
    "weightedAverageShsOutDil": 88355000,
    "link": "https://www.sec.gov/Archives/edgar/data/352915/000156459019042267/0001564590-19-042267-index.htm",
    "finalLink": "https://www.sec.gov/Archives/edgar/data/352915/000156459019042267/uhs-10q_20190930.htm"
  },
  {
    "date": "2019-06-30",
    "symbol": "UHS",
    "reportedCurrency": "USD",
    "cik": "0000352915",
    "fillingDate": "2019-08-08",
    "acceptedDate": "2019-08-08 16:18:07",
    "calendarYear": "2019",
    "period": "Q2",
    "revenue": 2855168000,
    "costOfRevenue": 305857000,
    "grossProfit": 2549311000,
    "grossProfitRatio": 0.8928760059,
    "researchAndDevelopmentExpenses": 0,
    "generalAndAdministrativeExpenses": 1410016000,
    "sellingAndMarketingExpenses": 0,
    "sellingGeneralAndAdministrativeExpenses": 1410016000,
    "otherExpenses": 793732000,
    "operatingExpenses": 2203748000,
    "costAndExpenses": 2509605000,
    "interestIncome": 49000,
    "interestExpense": 42992000,
    "depreciationAndAmortization": 121168000,
    "ebitda": 473690000,
    "ebitdaratio": 0.1659061743,
    "operatingIncome": 345563000,
    "operatingIncomeRatio": 0.1210307064,
    "totalOtherIncomeExpensesNet": -34755000,
    "incomeBeforeTax": 310808000,
    "incomeBeforeTaxRatio": 0.1088580427,
    "incomeTaxExpense": 69543000,
    "netIncome": 237664000,
    "netIncomeRatio": 0.0832399354,
    "eps": 2.67,
    "epsdiluted": 2.66,
    "weightedAverageShsOut": 89136000,
    "weightedAverageShsOutDil": 89235000,
    "link": "https://www.sec.gov/Archives/edgar/data/352915/000156459019030802/0001564590-19-030802-index.htm",
    "finalLink": "https://www.sec.gov/Archives/edgar/data/352915/000156459019030802/uhs-10q_20190630.htm"
  },
  {
    "date": "2019-03-31",
    "symbol": "UHS",
    "reportedCurrency": "USD",
    "cik": "0000352915",
    "fillingDate": "2019-05-08",
    "acceptedDate": "2019-05-08 16:27:00",
    "calendarYear": "2019",
    "period": "Q1",
    "revenue": 2804391000,
    "costOfRevenue": 307463000,
    "grossProfit": 2496928000,
    "grossProfitRatio": 0.8903637189,
    "researchAndDevelopmentExpenses": 0,
    "generalAndAdministrativeExpenses": 1391671000,
    "sellingAndMarketingExpenses": 0,
    "sellingGeneralAndAdministrativeExpenses": 1391671000,
    "otherExpenses": 764820000,
    "operatingExpenses": 2156491000,
    "costAndExpenses": 2463954000,
    "interestIncome": 269000,
    "interestExpense": 42853000,
    "depreciationAndAmortization": 120040000,
    "ebitda": 457911000,
    "ebitdaratio": 0.1632835792,
    "operatingIncome": 340437000,
    "operatingIncomeRatio": 0.1213942706,
    "totalOtherIncomeExpensesNet": -44141000,
    "incomeBeforeTax": 296296000,
    "incomeBeforeTaxRatio": 0.1056543114,
    "incomeTaxExpense": 58898000,
    "netIncome": 233653000,
    "netIncomeRatio": 0.0833168413,
    "eps": 2.57,
    "epsdiluted": 2.57,
    "weightedAverageShsOut": 90776000,
    "weightedAverageShsOutDil": 90967000,
    "link": "https://www.sec.gov/Archives/edgar/data/352915/000156459019017239/0001564590-19-017239-index.htm",
    "finalLink": "https://www.sec.gov/Archives/edgar/data/352915/000156459019017239/uhs-10q_20190331.htm"
  },
  {
    "date": "2018-12-31",
    "symbol": "UHS",
    "reportedCurrency": "USD",
    "cik": "0000352915",
    "fillingDate": "2019-02-27",
    "acceptedDate": "2019-02-27 16:23:06",
    "calendarYear": "2018",
    "period": "Q4",
    "revenue": 2754496000,
    "costOfRevenue": 300791000,
    "grossProfit": 2453705000,
    "grossProfitRatio": 0.8907999866,
    "researchAndDevelopmentExpenses": 0,
    "generalAndAdministrativeExpenses": 1357866000,
    "sellingAndMarketingExpenses": 0,
    "sellingGeneralAndAdministrativeExpenses": 1357866000,
    "otherExpenses": 836017000,
    "operatingExpenses": 2193883000,
    "costAndExpenses": 2494674000,
    "interestIncome": 846000,
    "interestExpense": 43243000,
    "depreciationAndAmortization": 118074000,
    "ebitda": 366354000,
    "ebitdaratio": 0.1330021899,
    "operatingIncome": 259822000,
    "operatingIncomeRatio": 0.094326512,
    "totalOtherIncomeExpensesNet": -52372000,
    "incomeBeforeTax": 207450000,
    "incomeBeforeTaxRatio": 0.0753132333,
    "incomeTaxExpense": 43828000,
    "netIncome": 157797000,
    "netIncomeRatio": 0.0572870681,
    "eps": 1.71,
    "epsdiluted": 1.7,
    "weightedAverageShsOut": 92187000,
    "weightedAverageShsOutDil": 92706000,
    "link": "https://www.sec.gov/Archives/edgar/data/352915/000156459019004919/0001564590-19-004919-index.htm",
    "finalLink": "https://www.sec.gov/Archives/edgar/data/352915/000156459019004919/uhs-10k_20181231.htm"
  },
  {
    "date": "2018-09-30",
    "symbol": "UHS",
    "reportedCurrency": "USD",
    "cik": "0000352915",
    "fillingDate": "2018-11-08",
    "acceptedDate": "2018-11-08 16:17:59",
    "calendarYear": "2018",
    "period": "Q3",
    "revenue": 2648913000,
    "costOfRevenue": 285201000,
    "grossProfit": 2363712000,
    "grossProfitRatio": 0.8923328173,
    "researchAndDevelopmentExpenses": 0,
    "generalAndAdministrativeExpenses": 1342820000,
    "sellingAndMarketingExpenses": 0,
    "sellingGeneralAndAdministrativeExpenses": 1342820000,
    "otherExpenses": 763728000,
    "operatingExpenses": 2106548000,
    "costAndExpenses": 2391749000,
    "interestIncome": 36000,
    "interestExpense": 41510000,
    "depreciationAndAmortization": 112286000,
    "ebitda": 380621000,
    "ebitdaratio": 0.1436895058,
    "operatingIncome": 257164000,
    "operatingIncomeRatio": 0.0970828412,
    "totalOtherIncomeExpensesNet": -28097000,
    "incomeBeforeTax": 229067000,
    "incomeBeforeTaxRatio": 0.0864758488,
    "incomeTaxExpense": 54186000,
    "netIncome": 171429000,
    "netIncomeRatio": 0.0647167348,
    "eps": 1.85,
    "epsdiluted": 1.84,
    "weightedAverageShsOut": 92849000,
    "weightedAverageShsOutDil": 93330000,
    "link": "https://www.sec.gov/Archives/edgar/data/352915/000156459018028566/0001564590-18-028566-index.htm",
    "finalLink": "https://www.sec.gov/Archives/edgar/data/352915/000156459018028566/uhs-10q_20180930.htm"
  },
  {
    "date": "2018-06-30",
    "symbol": "UHS",
    "reportedCurrency": "USD",
    "cik": "0000352915",
    "fillingDate": "2018-08-08",
    "acceptedDate": "2018-08-08 16:17:06",
    "calendarYear": "2018",
    "period": "Q2",
    "revenue": 2681353000,
    "costOfRevenue": 289733000,
    "grossProfit": 2391620000,
    "grossProfitRatio": 0.8919452232,
    "researchAndDevelopmentExpenses": 0,
    "generalAndAdministrativeExpenses": 1333093000,
    "sellingAndMarketingExpenses": 0,
    "sellingGeneralAndAdministrativeExpenses": 1333093000,
    "otherExpenses": 734065000,
    "operatingExpenses": 2067158000,
    "costAndExpenses": 2356891000,
    "interestIncome": 546000,
    "interestExpense": 40072000,
    "depreciationAndAmortization": 109582000,
    "ebitda": 449184000,
    "ebitdaratio": 0.1675213968,
    "operatingIncome": 324462000,
    "operatingIncomeRatio": 0.1210068201,
    "totalOtherIncomeExpensesNet": -22692000,
    "incomeBeforeTax": 301770000,
    "incomeBeforeTaxRatio": 0.1125439284,
    "incomeTaxExpense": 71059000,
    "netIncome": 225660000,
    "netIncomeRatio": 0.0841590048,
    "eps": 2.4,
    "epsdiluted": 2.39,
    "weightedAverageShsOut": 93842000,
    "weightedAverageShsOutDil": 94281000,
    "link": "https://www.sec.gov/Archives/edgar/data/352915/000156459018020489/0001564590-18-020489-index.htm",
    "finalLink": "https://www.sec.gov/Archives/edgar/data/352915/000156459018020489/uhs-10q_20180630.htm"
  },
  {
    "date": "2018-03-31",
    "symbol": "UHS",
    "reportedCurrency": "USD",
    "cik": "0000352915",
    "fillingDate": "2018-05-09",
    "acceptedDate": "2018-05-09 06:31:17",
    "calendarYear": "2018",
    "period": "Q1",
    "revenue": 2687516000,
    "costOfRevenue": 292929000,
    "grossProfit": 2394587000,
    "grossProfitRatio": 0.8910038117,
    "researchAndDevelopmentExpenses": 0,
    "generalAndAdministrativeExpenses": 1326851000,
    "sellingAndMarketingExpenses": 0,
    "sellingGeneralAndAdministrativeExpenses": 1326851000,
    "otherExpenses": 733922000,
    "operatingExpenses": 2060773000,
    "costAndExpenses": 2353702000,
    "interestIncome": 103000,
    "interestExpense": 38388000,
    "depreciationAndAmortization": 113134000,
    "ebitda": 445513000,
    "ebitdaratio": 0.1657712922,
    "operatingIncome": 333814000,
    "operatingIncomeRatio": 0.124209121,
    "totalOtherIncomeExpensesNet": -37576000,
    "incomeBeforeTax": 296238000,
    "incomeBeforeTaxRatio": 0.1102274368,
    "incomeTaxExpense": 67569000,
    "netIncome": 223728000,
    "netIncomeRatio": 0.0832471323,
    "eps": 2.37,
    "epsdiluted": 2.36,
    "weightedAverageShsOut": 94226000,
    "weightedAverageShsOutDil": 94683000,
    "link": "https://www.sec.gov/Archives/edgar/data/352915/000156459018012089/0001564590-18-012089-index.htm",
    "finalLink": "https://www.sec.gov/Archives/edgar/data/352915/000156459018012089/uhs-10q_20180331.htm"
  },
  {
    "date": "2017-12-31",
    "symbol": "UHS",
    "reportedCurrency": "USD",
    "cik": "0000352915",
    "fillingDate": "2018-02-28",
    "acceptedDate": "2018-02-28 16:19:04",
    "calendarYear": "2017",
    "period": "Q4",
    "revenue": 2642787000,
    "costOfRevenue": 284854000,
    "grossProfit": 2357933000,
    "grossProfitRatio": 0.8922145447,
    "researchAndDevelopmentExpenses": 0,
    "generalAndAdministrativeExpenses": 1280565000,
    "sellingAndMarketingExpenses": 0,
    "sellingGeneralAndAdministrativeExpenses": 1280565000,
    "otherExpenses": 738624000,
    "operatingExpenses": 2019189000,
    "costAndExpenses": 2304043000,
    "interestIncome": 39000,
    "interestExpense": 36786000,
    "depreciationAndAmortization": 113756000,
    "ebitda": 450231000,
    "ebitdaratio": 0.1703621972,
    "operatingIncome": 338744000,
    "operatingIncomeRatio": 0.1281768073,
    "totalOtherIncomeExpensesNet": -36786000,
    "incomeBeforeTax": 301958000,
    "incomeBeforeTaxRatio": 0.1142574108,
    "incomeTaxExpense": 76923000,
    "netIncome": 219504000,
    "netIncomeRatio": 0.083057772,
    "eps": 2.32,
    "epsdiluted": 2.31,
    "weightedAverageShsOut": 94530000,
    "weightedAverageShsOutDil": 94909000,
    "link": "https://www.sec.gov/Archives/edgar/data/352915/000156459018003808/0001564590-18-003808-index.htm",
    "finalLink": "https://www.sec.gov/Archives/edgar/data/352915/000156459018003808/uhs-10k_20171231.htm"
  },
  {
    "date": "2017-09-30",
    "symbol": "UHS",
    "reportedCurrency": "USD",
    "cik": "0000352915",
    "fillingDate": "2017-11-08",
    "acceptedDate": "2017-11-08 16:31:23",
    "calendarYear": "2017",
    "period": "Q3",
    "revenue": 2541864000,
    "costOfRevenue": 268089000,
    "grossProfit": 2273775000,
    "grossProfitRatio": 0.8945305492,
    "researchAndDevelopmentExpenses": 0,
    "generalAndAdministrativeExpenses": 1277725000,
    "sellingAndMarketingExpenses": 0,
    "sellingGeneralAndAdministrativeExpenses": 1277725000,
    "otherExpenses": 738740000,
    "operatingExpenses": 2016465000,
    "costAndExpenses": 2284554000,
    "interestIncome": 17000,
    "interestExpense": 36956000,
    "depreciationAndAmortization": 110217000,
    "ebitda": 365059000,
    "ebitdaratio": 0.14361862,
    "operatingIncome": 257310000,
    "operatingIncomeRatio": 0.101228862,
    "totalOtherIncomeExpensesNet": -36956000,
    "incomeBeforeTax": 220354000,
    "incomeBeforeTaxRatio": 0.0866899252,
    "incomeTaxExpense": 74992000,
    "netIncome": 141083000,
    "netIncomeRatio": 0.0555037563,
    "eps": 1.48,
    "epsdiluted": 1.47,
    "weightedAverageShsOut": 95246000,
    "weightedAverageShsOutDil": 95977000,
    "link": "https://www.sec.gov/Archives/edgar/data/352915/000156459017022782/0001564590-17-022782-index.htm",
    "finalLink": "https://www.sec.gov/Archives/edgar/data/352915/000156459017022782/uhs-10q_20170930.htm"
  },
  {
    "date": "2017-06-30",
    "symbol": "UHS",
    "reportedCurrency": "USD",
    "cik": "0000352915",
    "fillingDate": "2017-08-07",
    "acceptedDate": "2017-08-07 16:17:31",
    "calendarYear": "2017",
    "period": "Q2",
    "revenue": 2612356000,
    "costOfRevenue": 274539000,
    "grossProfit": 2337817000,
    "grossProfitRatio": 0.8949075088,
    "researchAndDevelopmentExpenses": 0,
    "generalAndAdministrativeExpenses": 1262321000,
    "sellingAndMarketingExpenses": 0,
    "sellingGeneralAndAdministrativeExpenses": 1262321000,
    "otherExpenses": 745305000,
    "operatingExpenses": 2007626000,
    "costAndExpenses": 2282165000,
    "interestIncome": 12000,
    "interestExpense": 35159000,
    "depreciationAndAmortization": 113112000,
    "ebitda": 440317000,
    "ebitdaratio": 0.1685516828,
    "operatingIncome": 330191000,
    "operatingIncomeRatio": 0.1263958664,
    "totalOtherIncomeExpensesNet": -35920000,
    "incomeBeforeTax": 294271000,
    "incomeBeforeTaxRatio": 0.1126458262,
    "incomeTaxExpense": 103883000,
    "netIncome": 185312000,
    "netIncomeRatio": 0.070936733,
    "eps": 1.93,
    "epsdiluted": 1.91,
    "weightedAverageShsOut": 96247000,
    "weightedAverageShsOutDil": 97042000,
    "link": "https://www.sec.gov/Archives/edgar/data/352915/000156459017016003/0001564590-17-016003-index.htm",
    "finalLink": "https://www.sec.gov/Archives/edgar/data/352915/000156459017016003/uhs-10q_20170630.htm"
  },
  {
    "date": "2017-03-31",
    "symbol": "UHS",
    "reportedCurrency": "USD",
    "cik": "0000352915",
    "fillingDate": "2017-05-08",
    "acceptedDate": "2017-05-08 16:17:23",
    "calendarYear": "2017",
    "period": "Q1",
    "revenue": 2612858000,
    "costOfRevenue": 277614000,
    "grossProfit": 2335244000,
    "grossProfitRatio": 0.8937508276,
    "researchAndDevelopmentExpenses": 0,
    "generalAndAdministrativeExpenses": 1263153000,
    "sellingAndMarketingExpenses": 0,
    "sellingGeneralAndAdministrativeExpenses": 1263153000,
    "otherExpenses": 718158000,
    "operatingExpenses": 1981311000,
    "costAndExpenses": 2258925000,
    "interestIncome": 13000,
    "interestExpense": 34202000,
    "depreciationAndAmortization": 110798000,
    "ebitda": 461200000,
    "ebitdaratio": 0.1765116972,
    "operatingIncome": 353933000,
    "operatingIncomeRatio": 0.1354581841,
    "totalOtherIncomeExpensesNet": -35507000,
    "incomeBeforeTax": 318426000,
    "incomeBeforeTaxRatio": 0.1218688501,
    "incomeTaxExpense": 107899000,
    "netIncome": 205961000,
    "netIncomeRatio": 0.0788259446,
    "eps": 2.13,
    "epsdiluted": 2.12,
    "weightedAverageShsOut": 96585000,
    "weightedAverageShsOutDil": 97372000,
    "link": "https://www.sec.gov/Archives/edgar/data/352915/000156459017009398/0001564590-17-009398-index.htm",
    "finalLink": "https://www.sec.gov/Archives/edgar/data/352915/000156459017009398/uhs-10q_20170331.htm"
  },
  {
    "date": "2016-12-31",
    "symbol": "UHS",
    "reportedCurrency": "USD",
    "cik": "0000352915",
    "fillingDate": "2017-02-28",
    "acceptedDate": "2017-02-28 16:18:15",
    "calendarYear": "2016",
    "period": "Q4",
    "revenue": 2475685000,
    "costOfRevenue": 263872000,
    "grossProfit": 2211813000,
    "grossProfitRatio": 0.8934145499,
    "researchAndDevelopmentExpenses": 0,
    "generalAndAdministrativeExpenses": 1180996000,
    "sellingAndMarketingExpenses": 0,
    "sellingGeneralAndAdministrativeExpenses": 1180996000,
    "otherExpenses": 716587000,
    "operatingExpenses": 1897583000,
    "costAndExpenses": 2161455000,
    "interestIncome": 82000,
    "interestExpense": 31082000,
    "depreciationAndAmortization": 107436000,
    "ebitda": 417643000,
    "ebitdaratio": 0.1686979563,
    "operatingIncome": 314230000,
    "operatingIncomeRatio": 0.126926487,
    "totalOtherIncomeExpensesNet": -32882000,
    "incomeBeforeTax": 281348000,
    "incomeBeforeTaxRatio": 0.1136445065,
    "incomeTaxExpense": 102610000,
    "netIncome": 174136000,
    "netIncomeRatio": 0.0703385124,
    "eps": 1.8,
    "epsdiluted": 1.78,
    "weightedAverageShsOut": 96998000,
    "weightedAverageShsOutDil": 97915000,
    "link": "https://www.sec.gov/Archives/edgar/data/352915/000156459017002860/0001564590-17-002860-index.htm",
    "finalLink": "https://www.sec.gov/Archives/edgar/data/352915/000156459017002860/uhs-10k_20161231.htm"
  },
  {
    "date": "2016-09-30",
    "symbol": "UHS",
    "reportedCurrency": "USD",
    "cik": "0000352915",
    "fillingDate": "2016-11-08",
    "acceptedDate": "2016-11-08 16:31:47",
    "calendarYear": "2016",
    "period": "Q3",
    "revenue": 2409872000,
    "costOfRevenue": 257793000,
    "grossProfit": 2152079000,
    "grossProfitRatio": 0.8930262686,
    "researchAndDevelopmentExpenses": 0,
    "generalAndAdministrativeExpenses": 1173528000,
    "sellingAndMarketingExpenses": 0,
    "sellingGeneralAndAdministrativeExpenses": 1173528000,
    "otherExpenses": 700982000,
    "operatingExpenses": 1874510000,
    "costAndExpenses": 2132303000,
    "interestIncome": 25000,
    "interestExpense": 30008000,
    "depreciationAndAmortization": 103712000,
    "ebitda": 376939000,
    "ebitdaratio": 0.1564145316,
    "operatingIncome": 277569000,
    "operatingIncomeRatio": 0.1151799764,
    "totalOtherIncomeExpensesNet": -32129000,
    "incomeBeforeTax": 245440000,
    "incomeBeforeTaxRatio": 0.101847733,
    "incomeTaxExpense": 88175000,
    "netIncome": 151796000,
    "netIncomeRatio": 0.0629892376,
    "eps": 1.56,
    "epsdiluted": 1.54,
    "weightedAverageShsOut": 97118000,
    "weightedAverageShsOutDil": 98321000,
    "link": "https://www.sec.gov/Archives/edgar/data/352915/000156459016028360/0001564590-16-028360-index.htm",
    "finalLink": "https://www.sec.gov/Archives/edgar/data/352915/000156459016028360/uhs-10q_20160930.htm"
  },
  {
    "date": "2016-06-30",
    "symbol": "UHS",
    "reportedCurrency": "USD",
    "cik": "0000352915",
    "fillingDate": "2016-08-05",
    "acceptedDate": "2016-08-05 12:22:44",
    "calendarYear": "2016",
    "period": "Q2",
    "revenue": 2430855000,
    "costOfRevenue": 254422000,
    "grossProfit": 2176433000,
    "grossProfitRatio": 0.8953364146,
    "researchAndDevelopmentExpenses": 0,
    "generalAndAdministrativeExpenses": 1155739000,
    "sellingAndMarketingExpenses": 0,
    "sellingGeneralAndAdministrativeExpenses": 1155739000,
    "otherExpenses": 687406000,
    "operatingExpenses": 1843145000,
    "costAndExpenses": 2097567000,
    "interestIncome": 13000,
    "interestExpense": 30442000,
    "depreciationAndAmortization": 101411000,
    "ebitda": 430652000,
    "ebitdaratio": 0.1771607109,
    "operatingIncome": 333288000,
    "operatingIncomeRatio": 0.1371073141,
    "totalOtherIncomeExpensesNet": -30442000,
    "incomeBeforeTax": 302846000,
    "incomeBeforeTaxRatio": 0.1245841484,
    "incomeTaxExpense": 107397000,
    "netIncome": 185493000,
    "netIncomeRatio": 0.0763077189,
    "eps": 1.91,
    "epsdiluted": 1.89,
    "weightedAverageShsOut": 97109000,
    "weightedAverageShsOutDil": 98389000,
    "link": "https://www.sec.gov/Archives/edgar/data/352915/000156459016022902/0001564590-16-022902-index.htm",
    "finalLink": "https://www.sec.gov/Archives/edgar/data/352915/000156459016022902/uhs-10q_20160630.htm"
  },
  {
    "date": "2016-03-31",
    "symbol": "UHS",
    "reportedCurrency": "USD",
    "cik": "0000352915",
    "fillingDate": "2016-05-06",
    "acceptedDate": "2016-05-06 06:07:01",
    "calendarYear": "2016",
    "period": "Q1",
    "revenue": 2449798000,
    "costOfRevenue": 255250000,
    "grossProfit": 2194548000,
    "grossProfitRatio": 0.895807736,
    "researchAndDevelopmentExpenses": 0,
    "generalAndAdministrativeExpenses": 1172591000,
    "sellingAndMarketingExpenses": 0,
    "sellingGeneralAndAdministrativeExpenses": 1172591000,
    "otherExpenses": 665633000,
    "operatingExpenses": 1838224000,
    "costAndExpenses": 2093474000,
    "interestIncome": 30000,
    "interestExpense": 29600000,
    "depreciationAndAmortization": 104049000,
    "ebitda": 456354000,
    "ebitdaratio": 0.1862822976,
    "operatingIncome": 356324000,
    "operatingIncomeRatio": 0.1454503596,
    "totalOtherIncomeExpensesNet": -29600000,
    "incomeBeforeTax": 326724000,
    "incomeBeforeTaxRatio": 0.1333677307,
    "incomeTaxExpense": 111005000,
    "netIncome": 190670000,
    "netIncomeRatio": 0.0778309069,
    "eps": 1.95,
    "epsdiluted": 1.93,
    "weightedAverageShsOut": 97607000,
    "weightedAverageShsOutDil": 98895000,
    "link": "https://www.sec.gov/Archives/edgar/data/352915/000156459016018123/0001564590-16-018123-index.htm",
    "finalLink": "https://www.sec.gov/Archives/edgar/data/352915/000156459016018123/uhs-10q_20160331.htm"
  },
  {
    "date": "2015-12-31",
    "symbol": "UHS",
    "reportedCurrency": "USD",
    "cik": "0000352915",
    "fillingDate": "2016-02-25",
    "acceptedDate": "2016-02-25 16:20:05",
    "calendarYear": "2015",
    "period": "Q4",
    "revenue": 2315239000,
    "costOfRevenue": 252109000,
    "grossProfit": 2063130000,
    "grossProfitRatio": 0.8911088661,
    "researchAndDevelopmentExpenses": 0,
    "generalAndAdministrativeExpenses": 1103736000,
    "sellingAndMarketingExpenses": 0,
    "sellingGeneralAndAdministrativeExpenses": 1103736000,
    "otherExpenses": 637602000,
    "operatingExpenses": 1741338000,
    "costAndExpenses": 1993447000,
    "interestIncome": 264000,
    "interestExpense": 28643000,
    "depreciationAndAmortization": 102921000,
    "ebitda": 420741000,
    "ebitdaratio": 0.1817268109,
    "operatingIncome": 321792000,
    "operatingIncomeRatio": 0.1389886746,
    "totalOtherIncomeExpensesNet": -28643000,
    "incomeBeforeTax": 293149000,
    "incomeBeforeTaxRatio": 0.1266171657,
    "incomeTaxExpense": 101832000,
    "netIncome": 173689000,
    "netIncomeRatio": 0.0750199008,
    "eps": 1.76,
    "epsdiluted": 1.74,
    "weightedAverageShsOut": 98416000,
    "weightedAverageShsOutDil": 100043000,
    "link": "https://www.sec.gov/Archives/edgar/data/352915/000156459016013375/0001564590-16-013375-index.htm",
    "finalLink": "https://www.sec.gov/Archives/edgar/data/352915/000156459016013375/uhs-10k_20151231.htm"
  },
  {
    "date": "2015-09-30",
    "symbol": "UHS",
    "reportedCurrency": "USD",
    "cik": "0000352915",
    "fillingDate": "2015-11-06",
    "acceptedDate": "2015-11-06 06:09:16",
    "calendarYear": "2015",
    "period": "Q3",
    "revenue": 2227655000,
    "costOfRevenue": 242259000,
    "grossProfit": 1985396000,
    "grossProfitRatio": 0.8912493182,
    "researchAndDevelopmentExpenses": 0,
    "generalAndAdministrativeExpenses": 1081770000,
    "sellingAndMarketingExpenses": 0,
    "sellingGeneralAndAdministrativeExpenses": 1081770000,
    "otherExpenses": 628469000,
    "operatingExpenses": 1710239000,
    "costAndExpenses": 1952498000,
    "interestIncome": 5000,
    "interestExpense": 27130000,
    "depreciationAndAmortization": 99442000,
    "ebitda": 371201000,
    "ebitdaratio": 0.1666330738,
    "operatingIncome": 275157000,
    "operatingIncomeRatio": 0.1235186777,
    "totalOtherIncomeExpensesNet": -27130000,
    "incomeBeforeTax": 248027000,
    "incomeBeforeTaxRatio": 0.1113399517,
    "incomeTaxExpense": 84373000,
    "netIncome": 150205000,
    "netIncomeRatio": 0.0674274068,
    "eps": 1.52,
    "epsdiluted": 1.48,
    "weightedAverageShsOut": 98858000,
    "weightedAverageShsOutDil": 101159000,
    "link": "https://www.sec.gov/Archives/edgar/data/352915/000156459015009816/0001564590-15-009816-index.htm",
    "finalLink": "https://www.sec.gov/Archives/edgar/data/352915/000156459015009816/uhs-10q_20150930.htm"
  },
  {
    "date": "2015-06-30",
    "symbol": "UHS",
    "reportedCurrency": "USD",
    "cik": "0000352915",
    "fillingDate": "2015-08-07",
    "acceptedDate": "2015-08-07 06:03:57",
    "calendarYear": "2015",
    "period": "Q2",
    "revenue": 2275204000,
    "costOfRevenue": 240979000,
    "grossProfit": 2034225000,
    "grossProfitRatio": 0.8940846623,
    "researchAndDevelopmentExpenses": 0,
    "generalAndAdministrativeExpenses": 1067260000,
    "sellingAndMarketingExpenses": 0,
    "sellingGeneralAndAdministrativeExpenses": 1067260000,
    "otherExpenses": 631573000,
    "operatingExpenses": 1698833000,
    "costAndExpenses": 1939812000,
    "interestIncome": 5000,
    "interestExpense": 27684000,
    "depreciationAndAmortization": 97257000,
    "ebitda": 428864000,
    "ebitdaratio": 0.188494746,
    "operatingIncome": 335392000,
    "operatingIncomeRatio": 0.1474118365,
    "totalOtherIncomeExpensesNet": -27684000,
    "incomeBeforeTax": 307708000,
    "incomeBeforeTaxRatio": 0.1352441363,
    "incomeTaxExpense": 106304000,
    "netIncome": 182122000,
    "netIncomeRatio": 0.0800464486,
    "eps": 1.84,
    "epsdiluted": 1.8,
    "weightedAverageShsOut": 99004000,
    "weightedAverageShsOutDil": 100927000,
    "link": "https://www.sec.gov/Archives/edgar/data/352915/000119312515281740/0001193125-15-281740-index.htm",
    "finalLink": "https://www.sec.gov/Archives/edgar/data/352915/000119312515281740/d941004d10q.htm"
  },
  {
    "date": "2015-03-31",
    "symbol": "UHS",
    "reportedCurrency": "USD",
    "cik": "0000352915",
    "fillingDate": "2015-05-08",
    "acceptedDate": "2015-05-08 06:32:42",
    "calendarYear": "2015",
    "period": "Q1",
    "revenue": 2225353000,
    "costOfRevenue": 238741000,
    "grossProfit": 1986612000,
    "grossProfitRatio": 0.8927176947,
    "researchAndDevelopmentExpenses": 0,
    "generalAndAdministrativeExpenses": 1054594000,
    "sellingAndMarketingExpenses": 0,
    "sellingGeneralAndAdministrativeExpenses": 1054594000,
    "otherExpenses": 604964000,
    "operatingExpenses": 1659558000,
    "costAndExpenses": 1898299000,
    "interestIncome": 5000,
    "interestExpense": 30037000,
    "depreciationAndAmortization": 98998000,
    "ebitda": 420146000,
    "ebitdaratio": 0.1887997095,
    "operatingIncome": 327054000,
    "operatingIncomeRatio": 0.1469672452,
    "totalOtherIncomeExpensesNet": -30037000,
    "incomeBeforeTax": 297017000,
    "incomeBeforeTaxRatio": 0.1334696113,
    "incomeTaxExpense": 102694000,
    "netIncome": 174231000,
    "netIncomeRatio": 0.078293646,
    "eps": 1.76,
    "epsdiluted": 1.73,
    "weightedAverageShsOut": 98910000,
    "weightedAverageShsOutDil": 100647000,
    "link": "https://www.sec.gov/Archives/edgar/data/352915/000119312515178216/0001193125-15-178216-index.htm",
    "finalLink": "https://www.sec.gov/Archives/edgar/data/352915/000119312515178216/d904058d10q.htm"
  },
  {
    "date": "2014-12-31",
    "symbol": "UHS",
    "reportedCurrency": "USD",
    "cik": "0000352915",
    "fillingDate": "2015-02-26",
    "acceptedDate": "2015-02-26 17:03:31",
    "calendarYear": "2014",
    "period": "Q4",
    "revenue": 2107581000,
    "costOfRevenue": 233413000,
    "grossProfit": 1874168000,
    "grossProfitRatio": 0.8892507571,
    "researchAndDevelopmentExpenses": 0,
    "generalAndAdministrativeExpenses": 1017930000,
    "sellingAndMarketingExpenses": 0,
    "sellingGeneralAndAdministrativeExpenses": 1017930000,
    "otherExpenses": 533952000,
    "operatingExpenses": 1551882000,
    "costAndExpenses": 1785295000,
    "interestIncome": 86000,
    "interestExpense": 31225000,
    "depreciationAndAmortization": 98118000,
    "ebitda": 414000000,
    "ebitdaratio": 0.1964337314,
    "operatingIncome": 322286000,
    "operatingIncomeRatio": 0.1529174917,
    "totalOtherIncomeExpensesNet": -31225000,
    "incomeBeforeTax": 291061000,
    "incomeBeforeTaxRatio": 0.1381019282,
    "incomeTaxExpense": 100569000,
    "netIncome": 172725000,
    "netIncomeRatio": 0.0819541455,
    "eps": 1.75,
    "epsdiluted": 1.71,
    "weightedAverageShsOut": 98808000,
    "weightedAverageShsOutDil": 100751000,
    "link": "https://www.sec.gov/Archives/edgar/data/352915/000119312515065954/0001193125-15-065954-index.htm",
    "finalLink": "https://www.sec.gov/Archives/edgar/data/352915/000119312515065954/d836398d10k.htm"
  },
  {
    "date": "2014-09-30",
    "symbol": "UHS",
    "reportedCurrency": "USD",
    "cik": "0000352915",
    "fillingDate": "2014-11-07",
    "acceptedDate": "2014-11-07 06:08:40",
    "calendarYear": "2014",
    "period": "Q3",
    "revenue": 2017758000,
    "costOfRevenue": 222708000,
    "grossProfit": 1816009000,
    "grossProfitRatio": 0.9000132821,
    "researchAndDevelopmentExpenses": 0,
    "generalAndAdministrativeExpenses": 977443000,
    "sellingAndMarketingExpenses": 0,
    "sellingGeneralAndAdministrativeExpenses": 977443000,
    "otherExpenses": 661955000,
    "operatingExpenses": 1639398000,
    "costAndExpenses": 1862106000,
    "interestIncome": 441000,
    "interestExpense": 32133000,
    "depreciationAndAmortization": 93456000,
    "ebitda": 262507000,
    "ebitdaratio": 0.1300983567,
    "operatingIncome": 176611000,
    "operatingIncomeRatio": 0.0875283359,
    "totalOtherIncomeExpensesNet": -32133000,
    "incomeBeforeTax": 144478000,
    "incomeBeforeTaxRatio": 0.0716032349,
    "incomeTaxExpense": 48440000,
    "netIncome": 82780000,
    "netIncomeRatio": 0.0410257325,
    "eps": 0.84,
    "epsdiluted": 0.82,
    "weightedAverageShsOut": 99052000,
    "weightedAverageShsOutDil": 101033000,
    "link": "https://www.sec.gov/Archives/edgar/data/352915/000119312514402037/0001193125-14-402037-index.htm",
    "finalLink": "https://www.sec.gov/Archives/edgar/data/352915/000119312514402037/d786362d10q.htm"
  },
  {
    "date": "2014-06-30",
    "symbol": "UHS",
    "reportedCurrency": "USD",
    "cik": "0000352915",
    "fillingDate": "2014-08-08",
    "acceptedDate": "2014-08-08 06:06:01",
    "calendarYear": "2014",
    "period": "Q2",
    "revenue": 2019821000,
    "costOfRevenue": 223774000,
    "grossProfit": 1827992000,
    "grossProfitRatio": 0.9050267326,
    "researchAndDevelopmentExpenses": 0,
    "generalAndAdministrativeExpenses": 985378000,
    "sellingAndMarketingExpenses": 0,
    "sellingGeneralAndAdministrativeExpenses": 985378000,
    "otherExpenses": 549182000,
    "operatingExpenses": 1534560000,
    "costAndExpenses": 1758334000,
    "interestIncome": 5000,
    "interestExpense": 35087000,
    "depreciationAndAmortization": 90691000,
    "ebitda": 374105000,
    "ebitdaratio": 0.1852169078,
    "operatingIncome": 293432000,
    "operatingIncomeRatio": 0.1452762398,
    "totalOtherIncomeExpensesNet": -35087000,
    "incomeBeforeTax": 258345000,
    "incomeBeforeTaxRatio": 0.1279048985,
    "incomeTaxExpense": 91731000,
    "netIncome": 151594000,
    "netIncomeRatio": 0.0750531854,
    "eps": 1.53,
    "epsdiluted": 1.51,
    "weightedAverageShsOut": 98872000,
    "weightedAverageShsOutDil": 100235000,
    "link": "https://www.sec.gov/Archives/edgar/data/352915/000119312514301628/0001193125-14-301628-index.htm",
    "finalLink": "https://www.sec.gov/Archives/edgar/data/352915/000119312514301628/d734997d10q.htm"
  },
  {
    "date": "2014-03-31",
    "symbol": "UHS",
    "reportedCurrency": "USD",
    "cik": "0000352915",
    "fillingDate": "2014-05-07",
    "acceptedDate": "2014-05-07 06:33:03",
    "calendarYear": "2014",
    "period": "Q1",
    "revenue": 1920166000,
    "costOfRevenue": 215798000,
    "grossProfit": 1722516000,
    "grossProfitRatio": 0.8970661912,
    "researchAndDevelopmentExpenses": 0,
    "generalAndAdministrativeExpenses": 958703000,
    "sellingAndMarketingExpenses": 0,
    "sellingGeneralAndAdministrativeExpenses": 958703000,
    "otherExpenses": 492837000,
    "operatingExpenses": 1451540000,
    "costAndExpenses": 1667338000,
    "interestIncome": 5000,
    "interestExpense": 35193000,
    "depreciationAndAmortization": 93359000,
    "ebitda": 354391000,
    "ebitdaratio": 0.1845626889,
    "operatingIncome": 270976000,
    "operatingIncomeRatio": 0.1411211322,
    "totalOtherIncomeExpensesNet": -35193000,
    "incomeBeforeTax": 235783000,
    "incomeBeforeTaxRatio": 0.1227930294,
    "incomeTaxExpense": 83931000,
    "netIncome": 138008000,
    "netIncomeRatio": 0.0718729527,
    "eps": 1.4,
    "epsdiluted": 1.38,
    "weightedAverageShsOut": 98572000,
    "weightedAverageShsOutDil": 100157000,
    "link": "https://www.sec.gov/Archives/edgar/data/352915/000119312514186064/0001193125-14-186064-index.htm",
    "finalLink": "https://www.sec.gov/Archives/edgar/data/352915/000119312514186064/d702658d10q.htm"
  },
  {
    "date": "2013-12-31",
    "symbol": "UHS",
    "reportedCurrency": "USD",
    "cik": "0000352915",
    "fillingDate": "2014-02-27",
    "acceptedDate": "2014-02-27 17:05:57",
    "calendarYear": "2013",
    "period": "Q4",
    "revenue": 1800846000,
    "costOfRevenue": 207108000,
    "grossProfit": 1593738000,
    "grossProfitRatio": 0.8849940528,
    "researchAndDevelopmentExpenses": 0,
    "generalAndAdministrativeExpenses": 926885000,
    "sellingAndMarketingExpenses": 0,
    "sellingGeneralAndAdministrativeExpenses": 926885000,
    "otherExpenses": 424252000,
    "operatingExpenses": 1351137000,
    "costAndExpenses": 1558245000,
    "interestIncome": 1041000,
    "interestExpense": 26384000,
    "depreciationAndAmortization": 88708000,
    "ebitda": 322050000,
    "ebitdaratio": 0.1788326153,
    "operatingIncome": 242601000,
    "operatingIncomeRatio": 0.1347150173,
    "totalOtherIncomeExpensesNet": -35643000,
    "incomeBeforeTax": 206958000,
    "incomeBeforeTaxRatio": 0.114922653,
    "incomeTaxExpense": 73772000,
    "netIncome": 124427000,
    "netIncomeRatio": 0.0690936371,
    "eps": 1.26,
    "epsdiluted": 1.24,
    "weightedAverageShsOut": 98572000,
    "weightedAverageShsOutDil": 100157000,
    "link": "https://www.sec.gov/Archives/edgar/data/352915/000119312514073337/0001193125-14-073337-index.htm",
    "finalLink": "https://www.sec.gov/Archives/edgar/data/352915/000119312514073337/d649956d10k.htm"
  },
  {
    "date": "2013-09-30",
    "symbol": "UHS",
    "reportedCurrency": "USD",
    "cik": "0000352915",
    "fillingDate": "2013-11-07",
    "acceptedDate": "2013-11-07 06:32:00",
    "calendarYear": "2013",
    "period": "Q3",
    "revenue": 1816369000,
    "costOfRevenue": 206995000,
    "grossProfit": 1609374000,
    "grossProfitRatio": 0.8860391253,
    "researchAndDevelopmentExpenses": 0,
    "generalAndAdministrativeExpenses": 927116000,
    "sellingAndMarketingExpenses": 0,
    "sellingGeneralAndAdministrativeExpenses": 927116000,
    "otherExpenses": 457372000,
    "operatingExpenses": 1384488000,
    "costAndExpenses": 1591483000,
    "interestIncome": 4686000,
    "interestExpense": 32314000,
    "depreciationAndAmortization": 86971000,
    "ebitda": 306236000,
    "ebitdaratio": 0.1685979005,
    "operatingIncome": 224886000,
    "operatingIncomeRatio": 0.1238107455,
    "totalOtherIncomeExpensesNet": -32314000,
    "incomeBeforeTax": 192572000,
    "incomeBeforeTaxRatio": 0.1060203075,
    "incomeTaxExpense": 69473000,
    "netIncome": 114544000,
    "netIncomeRatio": 0.063062076,
    "eps": 1.17,
    "epsdiluted": 1.15,
    "weightedAverageShsOut": 98151000,
    "weightedAverageShsOutDil": 99587000,
    "link": "https://www.sec.gov/Archives/edgar/data/352915/000119312513431367/0001193125-13-431367-index.htm",
    "finalLink": "https://www.sec.gov/Archives/edgar/data/352915/000119312513431367/d594971d10q.htm"
  },
  {
    "date": "2013-06-30",
    "symbol": "UHS",
    "reportedCurrency": "USD",
    "cik": "0000352915",
    "fillingDate": "2013-08-08",
    "acceptedDate": "2013-08-08 06:19:37",
    "calendarYear": "2013",
    "period": "Q2",
    "revenue": 1834975000,
    "costOfRevenue": 202344000,
    "grossProfit": 1632631000,
    "grossProfitRatio": 0.8897292879,
    "researchAndDevelopmentExpenses": 0,
    "generalAndAdministrativeExpenses": 921416000,
    "sellingAndMarketingExpenses": 0,
    "sellingGeneralAndAdministrativeExpenses": 921416000,
    "otherExpenses": 407161000,
    "operatingExpenses": 1328577000,
    "costAndExpenses": 1530921000,
    "interestIncome": 18000,
    "interestExpense": 38236000,
    "depreciationAndAmortization": 81754000,
    "ebitda": 375600000,
    "ebitdaratio": 0.2046894372,
    "operatingIncome": 304054000,
    "operatingIncomeRatio": 0.1656992602,
    "totalOtherIncomeExpensesNet": -38236000,
    "incomeBeforeTax": 265818000,
    "incomeBeforeTaxRatio": 0.1448619191,
    "incomeTaxExpense": 98015000,
    "netIncome": 151753000,
    "netIncomeRatio": 0.0827003093,
    "eps": 1.55,
    "epsdiluted": 1.53,
    "weightedAverageShsOut": 98033000,
    "weightedAverageShsOutDil": 99211000,
    "link": "https://www.sec.gov/Archives/edgar/data/352915/000119312513325377/0001193125-13-325377-index.htm",
    "finalLink": "https://www.sec.gov/Archives/edgar/data/352915/000119312513325377/d545907d10q.htm"
  },
  {
    "date": "2013-03-31",
    "symbol": "UHS",
    "reportedCurrency": "USD",
    "cik": "0000352915",
    "fillingDate": "2013-05-08",
    "acceptedDate": "2013-05-08 08:29:50",
    "calendarYear": "2013",
    "period": "Q1",
    "revenue": 1831632000,
    "costOfRevenue": 204642000,
    "grossProfit": 1626990000,
    "grossProfitRatio": 0.8882734086,
    "researchAndDevelopmentExpenses": 0,
    "generalAndAdministrativeExpenses": 926961000,
    "sellingAndMarketingExpenses": 0,
    "sellingGeneralAndAdministrativeExpenses": 926961000,
    "otherExpenses": 456107000,
    "operatingExpenses": 1383068000,
    "costAndExpenses": 1587710000,
    "interestIncome": 9000,
    "interestExpense": 39938000,
    "depreciationAndAmortization": 79923000,
    "ebitda": 313721000,
    "ebitdaratio": 0.1712794928,
    "operatingIncome": 243922000,
    "operatingIncomeRatio": 0.1331719472,
    "totalOtherIncomeExpensesNet": -39938000,
    "incomeBeforeTax": 203984000,
    "incomeBeforeTaxRatio": 0.1113673489,
    "incomeTaxExpense": 74049000,
    "netIncome": 119715000,
    "netIncomeRatio": 0.0653597448,
    "eps": 1.23,
    "epsdiluted": 1.21,
    "weightedAverageShsOut": 97711000,
    "weightedAverageShsOutDil": 98571000,
    "link": "https://www.sec.gov/Archives/edgar/data/352915/000119312513206131/0001193125-13-206131-index.htm",
    "finalLink": "https://www.sec.gov/Archives/edgar/data/352915/000119312513206131/d507296d10q.htm"
  },
  {
    "date": "2012-12-31",
    "symbol": "UHS",
    "reportedCurrency": "USD",
    "cik": "0000352915",
    "fillingDate": "2013-02-28",
    "acceptedDate": "2013-02-28 17:02:17",
    "calendarYear": "2012",
    "period": "Q4",
    "revenue": 1764927000,
    "costOfRevenue": 204697000,
    "grossProfit": 1560230000,
    "grossProfitRatio": 0.8840195657,
    "researchAndDevelopmentExpenses": 0,
    "generalAndAdministrativeExpenses": 899844000,
    "sellingAndMarketingExpenses": 0,
    "sellingGeneralAndAdministrativeExpenses": 899844000,
    "otherExpenses": 385877000,
    "operatingExpenses": 1285721000,
    "costAndExpenses": 1490418000,
    "interestIncome": 15000,
    "interestExpense": 30887000,
    "depreciationAndAmortization": 81049000,
    "ebitda": 345332000,
    "ebitdaratio": 0.1956636167,
    "operatingIncome": 274509000,
    "operatingIncomeRatio": 0.1555356114,
    "totalOtherIncomeExpensesNet": -41113000,
    "incomeBeforeTax": 233396000,
    "incomeBeforeTaxRatio": 0.1322411635,
    "incomeTaxExpense": 85736000,
    "netIncome": 135343000,
    "netIncomeRatio": 0.0766847581,
    "eps": 1.39,
    "epsdiluted": 1.37,
    "weightedAverageShsOut": 97711000,
    "weightedAverageShsOutDil": 98571000,
    "link": "https://www.sec.gov/Archives/edgar/data/352915/000119312513084679/0001193125-13-084679-index.htm",
    "finalLink": "https://www.sec.gov/Archives/edgar/data/352915/000119312513084679/d444706d10k.htm"
  },
  {
    "date": "2012-09-30",
    "symbol": "UHS",
    "reportedCurrency": "USD",
    "cik": "0000352915",
    "fillingDate": "2012-11-08",
    "acceptedDate": "2012-11-08 08:05:16",
    "calendarYear": "2012",
    "period": "Q3",
    "revenue": 1680353000,
    "costOfRevenue": 191747000,
    "grossProfit": 1488606000,
    "grossProfitRatio": 0.8858888579,
    "researchAndDevelopmentExpenses": 0,
    "generalAndAdministrativeExpenses": 861556000,
    "sellingAndMarketingExpenses": 0,
    "sellingGeneralAndAdministrativeExpenses": 861556000,
    "otherExpenses": 458338000,
    "operatingExpenses": 1319894000,
    "costAndExpenses": 1511641000,
    "interestIncome": 21000,
    "interestExpense": 45207000,
    "depreciationAndAmortization": 78938000,
    "ebitda": 235186000,
    "ebitdaratio": 0.1399622579,
    "operatingIncome": 168712000,
    "operatingIncomeRatio": 0.100402713,
    "totalOtherIncomeExpensesNet": -45207000,
    "incomeBeforeTax": 123505000,
    "incomeBeforeTaxRatio": 0.0734994373,
    "incomeTaxExpense": 42132000,
    "netIncome": 71732000,
    "netIncomeRatio": 0.0426886493,
    "eps": 0.74,
    "epsdiluted": 0.73,
    "weightedAverageShsOut": 96817000,
    "weightedAverageShsOutDil": 97611000,
    "link": "https://www.sec.gov/Archives/edgar/data/352915/000119312512459005/0001193125-12-459005-index.htm",
    "finalLink": "https://www.sec.gov/Archives/edgar/data/352915/000119312512459005/d403999d10q.htm"
  },
  {
    "date": "2012-06-30",
    "symbol": "UHS",
    "reportedCurrency": "USD",
    "cik": "0000352915",
    "fillingDate": "2012-08-08",
    "acceptedDate": "2012-08-08 06:17:54",
    "calendarYear": "2012",
    "period": "Q2",
    "revenue": 1729803000,
    "costOfRevenue": 198100000,
    "grossProfit": 1525267000,
    "grossProfitRatio": 0.8817576337,
    "researchAndDevelopmentExpenses": 0,
    "generalAndAdministrativeExpenses": 880881000,
    "sellingAndMarketingExpenses": 0,
    "sellingGeneralAndAdministrativeExpenses": 880881000,
    "otherExpenses": 416089000,
    "operatingExpenses": 1294935000,
    "costAndExpenses": 1492751000,
    "interestIncome": 20000,
    "interestExpense": 45888000,
    "depreciationAndAmortization": 74883000,
    "ebitda": 292661000,
    "ebitdaratio": 0.1691874739,
    "operatingIncome": 230332000,
    "operatingIncomeRatio": 0.1331550471,
    "totalOtherIncomeExpensesNet": -45888000,
    "incomeBeforeTax": 184444000,
    "incomeBeforeTaxRatio": 0.1066271708,
    "incomeTaxExpense": 67000000,
    "netIncome": 107435000,
    "netIncomeRatio": 0.0621082285,
    "eps": 1.11,
    "epsdiluted": 1.1,
    "weightedAverageShsOut": 96691000,
    "weightedAverageShsOutDil": 97729000,
    "link": "https://www.sec.gov/Archives/edgar/data/352915/000119312512342320/0001193125-12-342320-index.htm",
    "finalLink": "https://www.sec.gov/Archives/edgar/data/352915/000119312512342320/d371678d10q.htm"
  },
  {
    "date": "2012-03-31",
    "symbol": "UHS",
    "reportedCurrency": "USD",
    "cik": "0000352915",
    "fillingDate": "2012-05-08",
    "acceptedDate": "2012-05-08 16:05:41",
    "calendarYear": "2012",
    "period": "Q1",
    "revenue": 1825289000,
    "costOfRevenue": 209532000,
    "grossProfit": 1587676000,
    "grossProfitRatio": 0.8698217104,
    "researchAndDevelopmentExpenses": 0,
    "generalAndAdministrativeExpenses": 913368000,
    "sellingAndMarketingExpenses": 0,
    "sellingGeneralAndAdministrativeExpenses": 913368000,
    "otherExpenses": 423092000,
    "operatingExpenses": 1318648000,
    "costAndExpenses": 1524008000,
    "interestIncome": 29000,
    "interestExpense": 46710000,
    "depreciationAndAmortization": 73820000,
    "ebitda": 330442000,
    "ebitdaratio": 0.1810354415,
    "operatingIncome": 269028000,
    "operatingIncomeRatio": 0.1473892627,
    "totalOtherIncomeExpensesNet": -46710000,
    "incomeBeforeTax": 222318000,
    "incomeBeforeTaxRatio": 0.1217987946,
    "incomeTaxExpense": 79748000,
    "netIncome": 128439000,
    "netIncomeRatio": 0.0703663913,
    "eps": 1.33,
    "epsdiluted": 1.31,
    "weightedAverageShsOut": 96593000,
    "weightedAverageShsOutDil": 97791000,
    "link": "https://www.sec.gov/Archives/edgar/data/352915/000119312512218389/0001193125-12-218389-index.htm",
    "finalLink": "https://www.sec.gov/Archives/edgar/data/352915/000119312512218389/d326631d10q.htm"
  },
  {
    "date": "2011-12-31",
    "symbol": "UHS",
    "reportedCurrency": "USD",
    "cik": "0000352915",
    "fillingDate": "2012-02-27",
    "acceptedDate": "2012-02-27 17:02:54",
    "calendarYear": "2011",
    "period": "Q4",
    "revenue": 1838774000,
    "costOfRevenue": 1057437000,
    "grossProfit": 781337000,
    "grossProfitRatio": 0.4249228018,
    "researchAndDevelopmentExpenses": 0,
    "generalAndAdministrativeExpenses": 22182000,
    "sellingAndMarketingExpenses": 0,
    "sellingGeneralAndAdministrativeExpenses": 22182000,
    "otherExpenses": 550205000,
    "operatingExpenses": 572387000,
    "costAndExpenses": 1629824000,
    "interestIncome": 0,
    "interestExpense": 46115000,
    "depreciationAndAmortization": 75653000,
    "ebitda": 284603000,
    "ebitdaratio": 0.1547786732,
    "operatingIncome": 208950000,
    "operatingIncomeRatio": 0.1136354984,
    "totalOtherIncomeExpensesNet": -46115000,
    "incomeBeforeTax": 162835000,
    "incomeBeforeTaxRatio": 0.088556288,
    "incomeTaxExpense": 54828000,
    "netIncome": 95271000,
    "netIncomeRatio": 0.0518122401,
    "eps": 0.99,
    "epsdiluted": 0.97,
    "weightedAverageShsOut": 96593000,
    "weightedAverageShsOutDil": 97791000,
    "link": "https://www.sec.gov/Archives/edgar/data/352915/000119312512081900/0001193125-12-081900-index.htm",
    "finalLink": "https://www.sec.gov/Archives/edgar/data/352915/000119312512081900/d266350d10k.htm"
  },
  {
    "date": "2011-09-30",
    "symbol": "UHS",
    "reportedCurrency": "USD",
    "cik": "0000352915",
    "fillingDate": "2011-11-07",
    "acceptedDate": "2011-11-07 14:46:40",
    "calendarYear": "2011",
    "period": "Q3",
    "revenue": 1848662000,
    "costOfRevenue": 1048635000,
    "grossProfit": 1463881000,
    "grossProfitRatio": 0.7918597342,
    "researchAndDevelopmentExpenses": 0,
    "generalAndAdministrativeExpenses": 23076000,
    "sellingAndMarketingExpenses": 0,
    "sellingGeneralAndAdministrativeExpenses": 23076000,
    "otherExpenses": 417043000,
    "operatingExpenses": 1268353000,
    "costAndExpenses": 1467147000,
    "interestIncome": 44000,
    "interestExpense": 48452000,
    "depreciationAndAmortization": 75259000,
    "ebitda": 261347000,
    "ebitdaratio": 0.1413708942,
    "operatingIncome": 195528000,
    "operatingIncomeRatio": 0.1057673063,
    "totalOtherIncomeExpensesNet": -48452000,
    "incomeBeforeTax": 147076000,
    "incomeBeforeTaxRatio": 0.0795580804,
    "incomeTaxExpense": 52234000,
    "netIncome": 84889000,
    "netIncomeRatio": 0.0459191567,
    "eps": 0.87,
    "epsdiluted": 0.86,
    "weightedAverageShsOut": 97397000,
    "weightedAverageShsOutDil": 98598000,
    "link": "https://www.sec.gov/Archives/edgar/data/352915/000119312511299501/0001193125-11-299501-index.htm",
    "finalLink": "https://www.sec.gov/Archives/edgar/data/352915/000119312511299501/d239478d10q.htm"
  },
  {
    "date": "2011-06-30",
    "symbol": "UHS",
    "reportedCurrency": "USD",
    "cik": "0000352915",
    "fillingDate": "2011-08-08",
    "acceptedDate": "2011-08-08 08:07:59",
    "calendarYear": "2011",
    "period": "Q2",
    "revenue": 1902234000,
    "costOfRevenue": 1057672000,
    "grossProfit": 1512461000,
    "grossProfitRatio": 0.7950972383,
    "researchAndDevelopmentExpenses": 0,
    "generalAndAdministrativeExpenses": 23339000,
    "sellingAndMarketingExpenses": 0,
    "sellingGeneralAndAdministrativeExpenses": 23339000,
    "otherExpenses": 420669000,
    "operatingExpenses": 1280224000,
    "costAndExpenses": 1482227000,
    "interestIncome": 42000,
    "interestExpense": 49850000,
    "depreciationAndAmortization": 73423000,
    "ebitda": 296268000,
    "ebitdaratio": 0.1557474002,
    "operatingIncome": 232237000,
    "operatingIncomeRatio": 0.122086452,
    "totalOtherIncomeExpensesNet": -49808000,
    "incomeBeforeTax": 182429000,
    "incomeBeforeTaxRatio": 0.095902502,
    "incomeTaxExpense": 66395000,
    "netIncome": 103523000,
    "netIncomeRatio": 0.0544218009,
    "eps": 1.06,
    "epsdiluted": 1.04,
    "weightedAverageShsOut": 97563000,
    "weightedAverageShsOutDil": 99258000,
    "link": "https://www.sec.gov/Archives/edgar/data/352915/000119312511213323/0001193125-11-213323-index.htm",
    "finalLink": "https://www.sec.gov/Archives/edgar/data/352915/000119312511213323/d10q.htm"
  },
  {
    "date": "2011-03-31",
    "symbol": "UHS",
    "reportedCurrency": "USD",
    "cik": "0000352915",
    "fillingDate": "2011-05-06",
    "acceptedDate": "2011-05-06 11:03:50",
    "calendarYear": "2011",
    "period": "Q1",
    "revenue": 1910528000,
    "costOfRevenue": 1053034000,
    "grossProfit": 1550242000,
    "grossProfitRatio": 0.8114207172,
    "researchAndDevelopmentExpenses": 0,
    "generalAndAdministrativeExpenses": 23168000,
    "sellingAndMarketingExpenses": 0,
    "sellingGeneralAndAdministrativeExpenses": 23168000,
    "otherExpenses": 420797000,
    "operatingExpenses": 1289829000,
    "costAndExpenses": 1496999000,
    "interestIncome": 44000,
    "interestExpense": 56417000,
    "depreciationAndAmortization": 71526000,
    "ebitda": 324033000,
    "ebitdaratio": 0.1696039001,
    "operatingIncome": 260413000,
    "operatingIncomeRatio": 0.1363042049,
    "totalOtherIncomeExpensesNet": -56417000,
    "incomeBeforeTax": 203996000,
    "incomeBeforeTaxRatio": 0.1067746717,
    "incomeTaxExpense": 74009000,
    "netIncome": 114044000,
    "netIncomeRatio": 0.0596923992,
    "eps": 1.17,
    "epsdiluted": 1.15,
    "weightedAverageShsOut": 97381000,
    "weightedAverageShsOutDil": 98868000,
    "link": "https://www.sec.gov/Archives/edgar/data/352915/000119312511129977/0001193125-11-129977-index.htm",
    "finalLink": "https://www.sec.gov/Archives/edgar/data/352915/000119312511129977/d10q.htm"
  },
  {
    "date": "2010-12-31",
    "symbol": "UHS",
    "reportedCurrency": "USD",
    "cik": "0000352915",
    "fillingDate": "2011-02-28",
    "acceptedDate": "2011-02-28 17:02:55",
    "calendarYear": "2010",
    "period": "Q4",
    "revenue": 1559453000,
    "costOfRevenue": 897209000,
    "grossProfit": 662244000,
    "grossProfitRatio": 0.4246642893,
    "researchAndDevelopmentExpenses": 0,
    "generalAndAdministrativeExpenses": 75633000,
    "sellingAndMarketingExpenses": 0,
    "sellingGeneralAndAdministrativeExpenses": 75633000,
    "otherExpenses": 455895000,
    "operatingExpenses": 531528000,
    "costAndExpenses": 1428737000,
    "interestIncome": 391000,
    "interestExpense": 41859000,
    "depreciationAndAmortization": 60931000,
    "ebitda": 192038000,
    "ebitdaratio": 0.1231444616,
    "operatingIncome": 130716000,
    "operatingIncomeRatio": 0.083821699,
    "totalOtherIncomeExpensesNet": -41468000,
    "incomeBeforeTax": 89248000,
    "incomeBeforeTaxRatio": 0.0572303237,
    "incomeTaxExpense": 38432000,
    "netIncome": 37182000,
    "netIncomeRatio": 0.0238429757,
    "eps": 0.52,
    "epsdiluted": 0.51,
    "weightedAverageShsOut": 97381000,
    "weightedAverageShsOutDil": 98868000,
    "link": "https://www.sec.gov/Archives/edgar/data/352915/000119312511050142/0001193125-11-050142-index.htm",
    "finalLink": "https://www.sec.gov/Archives/edgar/data/352915/000119312511050142/d10k.htm"
  },
  {
    "date": "2010-09-30",
    "symbol": "UHS",
    "reportedCurrency": "USD",
    "cik": "0000352915",
    "fillingDate": "2010-11-05",
    "acceptedDate": "2010-11-05 16:20:37",
    "calendarYear": "2010",
    "period": "Q3",
    "revenue": 1323264000,
    "costOfRevenue": 752766000,
    "grossProfit": 570498000,
    "grossProfitRatio": 0.4311293891,
    "researchAndDevelopmentExpenses": 0,
    "generalAndAdministrativeExpenses": 18429000,
    "sellingAndMarketingExpenses": 0,
    "sellingGeneralAndAdministrativeExpenses": 18429000,
    "otherExpenses": 447385000,
    "operatingExpenses": 465814000,
    "costAndExpenses": 1218580000,
    "interestIncome": 0,
    "interestExpense": 11478000,
    "depreciationAndAmortization": 55530000,
    "ebitda": 160214000,
    "ebitdaratio": 0.1210748573,
    "operatingIncome": 104684000,
    "operatingIncomeRatio": 0.0791104421,
    "totalOtherIncomeExpensesNet": -11478000,
    "incomeBeforeTax": 93206000,
    "incomeBeforeTaxRatio": 0.070436436,
    "incomeTaxExpense": 27404000,
    "netIncome": 55610000,
    "netIncomeRatio": 0.0420248718,
    "eps": 0.57,
    "epsdiluted": 0.57,
    "weightedAverageShsOut": 96777000,
    "weightedAverageShsOutDil": 97935000,
    "link": "https://www.sec.gov/Archives/edgar/data/352915/000119312510250117/0001193125-10-250117-index.htm",
    "finalLink": "https://www.sec.gov/Archives/edgar/data/352915/000119312510250117/d10q.htm"
  },
  {
    "date": "2010-06-30",
    "symbol": "UHS",
    "reportedCurrency": "USD",
    "cik": "0000352915",
    "fillingDate": "2010-08-09",
    "acceptedDate": "2010-08-09 06:08:36",
    "calendarYear": "2010",
    "period": "Q2",
    "revenue": 1338315000,
    "costOfRevenue": 743478000,
    "grossProfit": 1158389000,
    "grossProfitRatio": 0.8655578096,
    "researchAndDevelopmentExpenses": 0,
    "generalAndAdministrativeExpenses": 18185000,
    "sellingAndMarketingExpenses": 0,
    "sellingGeneralAndAdministrativeExpenses": 18185000,
    "otherExpenses": 446903000,
    "operatingExpenses": 1028640000,
    "costAndExpenses": 1208566000,
    "interestIncome": 53000,
    "interestExpense": 12277000,
    "depreciationAndAmortization": 54025000,
    "ebitda": 183827000,
    "ebitdaratio": 0.1373570497,
    "operatingIncome": 129749000,
    "operatingIncomeRatio": 0.0969495223,
    "totalOtherIncomeExpensesNet": -12277000,
    "incomeBeforeTax": 117472000,
    "incomeBeforeTaxRatio": 0.0877760467,
    "incomeTaxExpense": 41057000,
    "netIncome": 65572000,
    "netIncomeRatio": 0.0489959389,
    "eps": 0.68,
    "epsdiluted": 0.67,
    "weightedAverageShsOut": 96703000,
    "weightedAverageShsOutDil": 98054000,
    "link": "https://www.sec.gov/Archives/edgar/data/352915/000119312510182340/0001193125-10-182340-index.htm",
    "finalLink": "https://www.sec.gov/Archives/edgar/data/352915/000119312510182340/d10q.htm"
  },
  {
    "date": "2010-03-31",
    "symbol": "UHS",
    "reportedCurrency": "USD",
    "cik": "0000352915",
    "fillingDate": "2010-05-07",
    "acceptedDate": "2010-05-07 17:14:58",
    "calendarYear": "2010",
    "period": "Q1",
    "revenue": 1347153000,
    "costOfRevenue": 762742000,
    "grossProfit": 584411000,
    "grossProfitRatio": 0.4338118981,
    "researchAndDevelopmentExpenses": 0,
    "generalAndAdministrativeExpenses": 17934000,
    "sellingAndMarketingExpenses": 0,
    "sellingGeneralAndAdministrativeExpenses": 17934000,
    "otherExpenses": 425929000,
    "operatingExpenses": 443863000,
    "costAndExpenses": 1206605000,
    "interestIncome": 1679000,
    "interestExpense": 14056000,
    "depreciationAndAmortization": 53511000,
    "ebitda": 194276000,
    "ebitdaratio": 0.1442122758,
    "operatingIncome": 140548000,
    "operatingIncomeRatio": 0.1043296493,
    "totalOtherIncomeExpensesNet": -12377000,
    "incomeBeforeTax": 128171000,
    "incomeBeforeTaxRatio": 0.0951421257,
    "incomeTaxExpense": 45409000,
    "netIncome": 71819000,
    "netIncomeRatio": 0.0533116877,
    "eps": 0.74,
    "epsdiluted": 0.73,
    "weightedAverageShsOut": 96539000,
    "weightedAverageShsOutDil": 97450000,
    "link": "https://www.sec.gov/Archives/edgar/data/352915/000119312510113083/0001193125-10-113083-index.htm",
    "finalLink": "https://www.sec.gov/Archives/edgar/data/352915/000119312510113083/d10q.htm"
  },
  {
    "date": "2009-12-31",
    "symbol": "UHS",
    "reportedCurrency": "USD",
    "cik": "0000352915",
    "fillingDate": "2010-02-25",
    "acceptedDate": "2010-02-25 16:19:47",
    "calendarYear": "2009",
    "period": "Q4",
    "revenue": 1291211000,
    "costOfRevenue": 740150000,
    "grossProfit": 551061000,
    "grossProfitRatio": 0.4267784274,
    "researchAndDevelopmentExpenses": 0,
    "generalAndAdministrativeExpenses": 18035000,
    "sellingAndMarketingExpenses": 0,
    "sellingGeneralAndAdministrativeExpenses": 18035000,
    "otherExpenses": 414164000,
    "operatingExpenses": 432199000,
    "costAndExpenses": 1172349000,
    "interestIncome": 0,
    "interestExpense": 10513000,
    "depreciationAndAmortization": 51279000,
    "ebitda": 170141000,
    "ebitdaratio": 0.1317685491,
    "operatingIncome": 118862000,
    "operatingIncomeRatio": 0.0920546681,
    "totalOtherIncomeExpensesNet": -10513000,
    "incomeBeforeTax": 108349000,
    "incomeBeforeTaxRatio": 0.083912699,
    "incomeTaxExpense": 39167000,
    "netIncome": 60865000,
    "netIncomeRatio": 0.0471379194,
    "eps": 0.63,
    "epsdiluted": 0.62,
    "weightedAverageShsOut": 96539000,
    "weightedAverageShsOutDil": 97450000,
    "link": "https://www.sec.gov/Archives/edgar/data/352915/000119312510040694/0001193125-10-040694-index.htm",
    "finalLink": "https://www.sec.gov/Archives/edgar/data/352915/000119312510040694/d10k.htm"
  },
  {
    "date": "2009-09-30",
    "symbol": "UHS",
    "reportedCurrency": "USD",
    "cik": "0000352915",
    "fillingDate": "2009-11-06",
    "acceptedDate": "2009-11-06 17:09:24",
    "calendarYear": "2009",
    "period": "Q3",
    "revenue": 1295109000,
    "costOfRevenue": 729896000,
    "grossProfit": 565213000,
    "grossProfitRatio": 0.4364211815,
    "researchAndDevelopmentExpenses": 0,
    "generalAndAdministrativeExpenses": 17253000,
    "sellingAndMarketingExpenses": 0,
    "sellingGeneralAndAdministrativeExpenses": 17253000,
    "otherExpenses": 446083000,
    "operatingExpenses": 463336000,
    "costAndExpenses": 1193232000,
    "interestIncome": 0,
    "interestExpense": 10780000,
    "depreciationAndAmortization": 51205000,
    "ebitda": 153082000,
    "ebitdaratio": 0.1182000897,
    "operatingIncome": 101877000,
    "operatingIncomeRatio": 0.078662877,
    "totalOtherIncomeExpensesNet": -10780000,
    "incomeBeforeTax": 91097000,
    "incomeBeforeTaxRatio": 0.0703392533,
    "incomeTaxExpense": 32043000,
    "netIncome": 51074000,
    "netIncomeRatio": 0.0394360629,
    "eps": 0.52,
    "epsdiluted": 0.52,
    "weightedAverageShsOut": 97774000,
    "weightedAverageShsOutDil": 98504000,
    "link": "https://www.sec.gov/Archives/edgar/data/352915/000119312509227732/0001193125-09-227732-index.htm",
    "finalLink": "https://www.sec.gov/Archives/edgar/data/352915/000119312509227732/d10q.htm"
  },
  {
    "date": "2009-06-30",
    "symbol": "UHS",
    "reportedCurrency": "USD",
    "cik": "0000352915",
    "fillingDate": "2009-08-07",
    "acceptedDate": "2009-08-07 13:28:40",
    "calendarYear": "2009",
    "period": "Q2",
    "revenue": 1303640000,
    "costOfRevenue": 718361000,
    "grossProfit": 1303640000,
    "grossProfitRatio": 1,
    "researchAndDevelopmentExpenses": 0,
    "generalAndAdministrativeExpenses": 17587000,
    "sellingAndMarketingExpenses": 0,
    "sellingGeneralAndAdministrativeExpenses": 17587000,
    "otherExpenses": 581060000,
    "operatingExpenses": 1140597000,
    "costAndExpenses": 1140597000,
    "interestIncome": 145000,
    "interestExpense": 11879000,
    "depreciationAndAmortization": 51085000,
    "ebitda": 214273000,
    "ebitdaratio": 0.1643651622,
    "operatingIncome": 163043000,
    "operatingIncomeRatio": 0.1250675033,
    "totalOtherIncomeExpensesNet": -11879000,
    "incomeBeforeTax": 151164000,
    "incomeBeforeTaxRatio": 0.1159553251,
    "incomeTaxExpense": 57187000,
    "netIncome": 80893000,
    "netIncomeRatio": 0.06205164,
    "eps": 0.83,
    "epsdiluted": 0.82,
    "weightedAverageShsOut": 97700000,
    "weightedAverageShsOutDil": 98104000,
    "link": "https://www.sec.gov/Archives/edgar/data/352915/000119312509168767/0001193125-09-168767-index.htm",
    "finalLink": "https://www.sec.gov/Archives/edgar/data/352915/000119312509168767/d10q.htm"
  },
  {
    "date": "2009-03-31",
    "symbol": "UHS",
    "reportedCurrency": "USD",
    "cik": "0000352915",
    "fillingDate": "2009-05-08",
    "acceptedDate": "2009-05-08 16:49:42",
    "calendarYear": "2009",
    "period": "Q1",
    "revenue": 1312419000,
    "costOfRevenue": 715264000,
    "grossProfit": 597155000,
    "grossProfitRatio": 0.4550033183,
    "researchAndDevelopmentExpenses": 0,
    "generalAndAdministrativeExpenses": 17072000,
    "sellingAndMarketingExpenses": 0,
    "sellingGeneralAndAdministrativeExpenses": 17072000,
    "otherExpenses": 443333000,
    "operatingExpenses": 460405000,
    "costAndExpenses": 1175669000,
    "interestIncome": 1953000,
    "interestExpense": 12638000,
    "depreciationAndAmortization": 51135000,
    "ebitda": 189837000,
    "ebitdaratio": 0.144646641,
    "operatingIncome": 136750000,
    "operatingIncomeRatio": 0.1041969066,
    "totalOtherIncomeExpensesNet": -12638000,
    "incomeBeforeTax": 124112000,
    "incomeBeforeTaxRatio": 0.09456736,
    "incomeTaxExpense": 42078000,
    "netIncome": 67541000,
    "netIncomeRatio": 0.0514629855,
    "eps": 0.68,
    "epsdiluted": 0.68,
    "weightedAverageShsOut": 98412000,
    "weightedAverageShsOutDil": 98412000,
    "link": "https://www.sec.gov/Archives/edgar/data/352915/000119312509105506/0001193125-09-105506-index.htm",
    "finalLink": "https://www.sec.gov/Archives/edgar/data/352915/000119312509105506/d10q.htm"
  },
  {
    "date": "2008-12-31",
    "symbol": "UHS",
    "reportedCurrency": "USD",
    "cik": "0000352915",
    "fillingDate": "2009-02-26",
    "acceptedDate": "2009-02-26 17:09:09",
    "calendarYear": "2008",
    "period": "Q4",
    "revenue": 1237402000,
    "costOfRevenue": 170231000,
    "grossProfit": 1067171000,
    "grossProfitRatio": 0.8624287014,
    "researchAndDevelopmentExpenses": 0,
    "generalAndAdministrativeExpenses": 549528000,
    "sellingAndMarketingExpenses": 0,
    "sellingGeneralAndAdministrativeExpenses": 549528000,
    "otherExpenses": 429411000,
    "operatingExpenses": 978939000,
    "costAndExpenses": 1149170000,
    "interestIncome": 864000,
    "interestExpense": 13924000,
    "depreciationAndAmortization": 51055000,
    "ebitda": 133516000,
    "ebitdaratio": 0.107900262,
    "operatingIncome": 88232000,
    "operatingIncomeRatio": 0.0713042326,
    "totalOtherIncomeExpensesNet": -19731000,
    "incomeBeforeTax": 68501000,
    "incomeBeforeTaxRatio": 0.0553587274,
    "incomeTaxExpense": 28026000,
    "netIncome": 46477000,
    "netIncomeRatio": 0.0375601462,
    "eps": 0.47,
    "epsdiluted": 0.47,
    "weightedAverageShsOut": 98412000,
    "weightedAverageShsOutDil": 98412000,
    "link": "https://www.sec.gov/Archives/edgar/data/352915/000119312509039205/0001193125-09-039205-index.htm",
    "finalLink": "https://www.sec.gov/Archives/edgar/data/352915/000119312509039205/d10k.htm"
  },
  {
    "date": "2008-09-30",
    "symbol": "UHS",
    "reportedCurrency": "USD",
    "cik": "0000352915",
    "fillingDate": "2008-11-07",
    "acceptedDate": "2008-11-07 11:48:21",
    "calendarYear": "2008",
    "period": "Q3",
    "revenue": 1244462000,
    "costOfRevenue": 170743000,
    "grossProfit": 1073719000,
    "grossProfitRatio": 0.8627977391,
    "researchAndDevelopmentExpenses": 0,
    "generalAndAdministrativeExpenses": 548458000,
    "sellingAndMarketingExpenses": 0,
    "sellingGeneralAndAdministrativeExpenses": 548458000,
    "otherExpenses": 442767000,
    "operatingExpenses": 991225000,
    "costAndExpenses": 1161968000,
    "interestIncome": 0,
    "interestExpense": 13419000,
    "depreciationAndAmortization": 49332000,
    "ebitda": 122510000,
    "ebitdaratio": 0.0984441469,
    "operatingIncome": 82494000,
    "operatingIncomeRatio": 0.0662888863,
    "totalOtherIncomeExpensesNet": -22735000,
    "incomeBeforeTax": 59759000,
    "incomeBeforeTaxRatio": 0.0480199476,
    "incomeTaxExpense": 22536000,
    "netIncome": 36987000,
    "netIncomeRatio": 0.0297212771,
    "eps": 0.37,
    "epsdiluted": 0.37,
    "weightedAverageShsOut": 101088000,
    "weightedAverageShsOutDil": 101522000,
    "link": "https://www.sec.gov/Archives/edgar/data/352915/000119312508229449/0001193125-08-229449-index.htm",
    "finalLink": "https://www.sec.gov/Archives/edgar/data/352915/000119312508229449/d10q.htm"
  },
  {
    "date": "2008-06-30",
    "symbol": "UHS",
    "reportedCurrency": "USD",
    "cik": "0000352915",
    "fillingDate": "2008-08-08",
    "acceptedDate": "2008-08-08 12:44:23",
    "calendarYear": "2008",
    "period": "Q2",
    "revenue": 1278692000,
    "costOfRevenue": 713355000,
    "grossProfit": 560232000,
    "grossProfitRatio": 0.438128963,
    "researchAndDevelopmentExpenses": 0,
    "generalAndAdministrativeExpenses": 17866000,
    "sellingAndMarketingExpenses": 385931000,
    "sellingGeneralAndAdministrativeExpenses": 403797000,
    "otherExpenses": 427295000,
    "operatingExpenses": 445161000,
    "costAndExpenses": 1147506000,
    "interestIncome": 0,
    "interestExpense": 24676000,
    "depreciationAndAmortization": 48009000,
    "ebitda": 163080000,
    "ebitdaratio": 0.1275365764,
    "operatingIncome": 115071000,
    "operatingIncomeRatio": 0.0899911785,
    "totalOtherIncomeExpensesNet": -24676000,
    "incomeBeforeTax": 88855000,
    "incomeBeforeTaxRatio": 0.0694889778,
    "incomeTaxExpense": 34615000,
    "netIncome": 66617000,
    "netIncomeRatio": 0.0520977687,
    "eps": 0.54,
    "epsdiluted": 0.53,
    "weightedAverageShsOut": 101258000,
    "weightedAverageShsOutDil": 101484000,
    "link": "https://www.sec.gov/Archives/edgar/data/352915/000119312508171521/0001193125-08-171521-index.htm",
    "finalLink": "https://www.sec.gov/Archives/edgar/data/352915/000119312508171521/d10q.htm"
  },
  {
    "date": "2008-03-31",
    "symbol": "UHS",
    "reportedCurrency": "USD",
    "cik": "0000352915",
    "fillingDate": "2008-05-08",
    "acceptedDate": "2008-05-08 16:46:12",
    "calendarYear": "2008",
    "period": "Q1",
    "revenue": 1297715000,
    "costOfRevenue": 732277000,
    "grossProfit": 565438000,
    "grossProfitRatio": 0.4357181662,
    "researchAndDevelopmentExpenses": 0,
    "generalAndAdministrativeExpenses": 0,
    "sellingAndMarketingExpenses": 0,
    "sellingGeneralAndAdministrativeExpenses": 391037000,
    "otherExpenses": 47370000,
    "operatingExpenses": 438407000,
    "costAndExpenses": 1170684000,
    "interestIncome": 0,
    "interestExpense": 26758000,
    "depreciationAndAmortization": 47370000,
    "ebitda": 174401000,
    "ebitdaratio": 0.1343908331,
    "operatingIncome": 127031000,
    "operatingIncomeRatio": 0.0978882112,
    "totalOtherIncomeExpensesNet": -26758000,
    "incomeBeforeTax": 100273000,
    "incomeBeforeTaxRatio": 0.0772688919,
    "incomeTaxExpense": 38610000,
    "netIncome": 61663000,
    "netIncomeRatio": 0.0475165965,
    "eps": 0.6,
    "epsdiluted": 0.6,
    "weightedAverageShsOut": 102526000,
    "weightedAverageShsOutDil": 102672000,
    "link": "https://www.sec.gov/Archives/edgar/data/352915/000119312508107922/0001193125-08-107922-index.htm",
    "finalLink": "https://www.sec.gov/Archives/edgar/data/352915/000119312508107922/d10q.htm"
  },
  {
    "date": "2007-12-31",
    "symbol": "UHS",
    "reportedCurrency": "USD",
    "cik": "0000352915",
    "fillingDate": "2008-02-28",
    "acceptedDate": "2008-02-28 17:03:44",
    "calendarYear": "2007",
    "period": "Q4",
    "revenue": 1194211000,
    "costOfRevenue": 687998000,
    "grossProfit": 506213000,
    "grossProfitRatio": 0.4238890782,
    "researchAndDevelopmentExpenses": 0,
    "generalAndAdministrativeExpenses": 0,
    "sellingAndMarketingExpenses": 0,
    "sellingGeneralAndAdministrativeExpenses": 369758000,
    "otherExpenses": 47864000,
    "operatingExpenses": 417622000,
    "costAndExpenses": 1105620000,
    "interestIncome": 0,
    "interestExpense": 22656000,
    "depreciationAndAmortization": 47864000,
    "ebitda": 136455000,
    "ebitdaratio": 0.1142637273,
    "operatingIncome": 88591000,
    "operatingIncomeRatio": 0.0741837079,
    "totalOtherIncomeExpensesNet": -23200000,
    "incomeBeforeTax": 65391000,
    "incomeBeforeTaxRatio": 0.0547566552,
    "incomeTaxExpense": 25488000,
    "netIncome": 39954000,
    "netIncomeRatio": 0.0334563992,
    "eps": 0.39,
    "epsdiluted": 0.39,
    "weightedAverageShsOut": 102526000,
    "weightedAverageShsOutDil": 102672000,
    "link": "https://www.sec.gov/Archives/edgar/data/352915/000119312508041955/0001193125-08-041955-index.htm",
    "finalLink": "https://www.sec.gov/Archives/edgar/data/352915/000119312508041955/d10k.htm"
  },
  {
    "date": "2007-09-30",
    "symbol": "UHS",
    "reportedCurrency": "USD",
    "cik": "0000352915",
    "fillingDate": "2007-11-08",
    "acceptedDate": "2007-11-08 16:05:30",
    "calendarYear": "2007",
    "period": "Q3",
    "revenue": 1180217000,
    "costOfRevenue": 673259000,
    "grossProfit": 1003415000,
    "grossProfitRatio": 0.8501953454,
    "researchAndDevelopmentExpenses": 0,
    "generalAndAdministrativeExpenses": 520281000,
    "sellingAndMarketingExpenses": -126376000,
    "sellingGeneralAndAdministrativeExpenses": 393905000,
    "otherExpenses": 416174000,
    "operatingExpenses": 936455000,
    "costAndExpenses": 1096645000,
    "interestIncome": 0,
    "interestExpense": 22895000,
    "depreciationAndAmortization": 46529000,
    "ebitda": 103705000,
    "ebitdaratio": 0.0878694342,
    "operatingIncome": 66960000,
    "operatingIncomeRatio": 0.0567353292,
    "totalOtherIncomeExpensesNet": -22665000,
    "incomeBeforeTax": 43758000,
    "incomeBeforeTaxRatio": 0.0370762326,
    "incomeTaxExpense": 14756000,
    "netIncome": 28836000,
    "netIncomeRatio": 0.024432795,
    "eps": 0.27,
    "epsdiluted": 0.27,
    "weightedAverageShsOut": 106962000,
    "weightedAverageShsOutDil": 107258000,
    "link": "https://www.sec.gov/Archives/edgar/data/352915/000119312507240306/0001193125-07-240306-index.htm",
    "finalLink": "https://www.sec.gov/Archives/edgar/data/352915/000119312507240306/d10q.htm"
  },
  {
    "date": "2007-06-30",
    "symbol": "UHS",
    "reportedCurrency": "USD",
    "cik": "0000352915",
    "fillingDate": "2007-08-08",
    "acceptedDate": "2007-08-08 14:17:53",
    "calendarYear": "2007",
    "period": "Q2",
    "revenue": 1178976000,
    "costOfRevenue": 667825000,
    "grossProfit": 511151000,
    "grossProfitRatio": 0.4335550512,
    "researchAndDevelopmentExpenses": 0,
    "generalAndAdministrativeExpenses": 0,
    "sellingAndMarketingExpenses": 0,
    "sellingGeneralAndAdministrativeExpenses": 357737000,
    "otherExpenses": 45406000,
    "operatingExpenses": 403143000,
    "costAndExpenses": 1070968000,
    "interestIncome": 0,
    "interestExpense": 13040000,
    "depreciationAndAmortization": 45406000,
    "ebitda": 153414000,
    "ebitdaratio": 0.1301247863,
    "operatingIncome": 108008000,
    "operatingIncomeRatio": 0.0916117037,
    "totalOtherIncomeExpensesNet": -22773000,
    "incomeBeforeTax": 85235000,
    "incomeBeforeTaxRatio": 0.0722957889,
    "incomeTaxExpense": 33193000,
    "netIncome": 52071000,
    "netIncomeRatio": 0.0441662935,
    "eps": 0.49,
    "epsdiluted": 0.49,
    "weightedAverageShsOut": 106998000,
    "weightedAverageShsOutDil": 107456000,
    "link": "https://www.sec.gov/Archives/edgar/data/352915/000119312507175324/0001193125-07-175324-index.htm",
    "finalLink": "https://www.sec.gov/Archives/edgar/data/352915/000119312507175324/d10q.htm"
  },
  {
    "date": "2007-03-31",
    "symbol": "UHS",
    "reportedCurrency": "USD",
    "cik": "0000352915",
    "fillingDate": "2007-05-09",
    "acceptedDate": "2007-05-09 13:05:36",
    "calendarYear": "2007",
    "period": "Q1",
    "revenue": 1197601000,
    "costOfRevenue": 686351000,
    "grossProfit": 511250000,
    "grossProfitRatio": 0.4268951011,
    "researchAndDevelopmentExpenses": 0,
    "generalAndAdministrativeExpenses": 0,
    "sellingAndMarketingExpenses": 0,
    "sellingGeneralAndAdministrativeExpenses": 360621000,
    "otherExpenses": 43463000,
    "operatingExpenses": 404084000,
    "costAndExpenses": 1090435000,
    "interestIncome": 0,
    "interestExpense": 26112000,
    "depreciationAndAmortization": 43482000,
    "ebitda": 150648000,
    "ebitdaratio": 0.1257914781,
    "operatingIncome": 107166000,
    "operatingIncomeRatio": 0.0894838932,
    "totalOtherIncomeExpensesNet": -26481000,
    "incomeBeforeTax": 80685000,
    "incomeBeforeTaxRatio": 0.0673721882,
    "incomeTaxExpense": 31113000,
    "netIncome": 49508000,
    "netIncomeRatio": 0.0413393108,
    "eps": 0.47,
    "epsdiluted": 0.46,
    "weightedAverageShsOut": 106986000,
    "weightedAverageShsOutDil": 107372000,
    "link": "https://www.sec.gov/Archives/edgar/data/352915/000119312507107808/0001193125-07-107808-index.htm",
    "finalLink": "https://www.sec.gov/Archives/edgar/data/352915/000119312507107808/d10q.htm"
  },
  {
    "date": "2006-12-31",
    "symbol": "UHS",
    "reportedCurrency": "USD",
    "cik": "0000352915",
    "fillingDate": "2007-02-28",
    "acceptedDate": "2007-02-28 17:13:14",
    "calendarYear": "2006",
    "period": "Q4",
    "revenue": 1065881000,
    "costOfRevenue": 617931000,
    "grossProfit": 447950000,
    "grossProfitRatio": 0.4202626747,
    "researchAndDevelopmentExpenses": 0,
    "generalAndAdministrativeExpenses": 0,
    "sellingAndMarketingExpenses": 0,
    "sellingGeneralAndAdministrativeExpenses": 332779000,
    "otherExpenses": 43334000,
    "operatingExpenses": 376113000,
    "costAndExpenses": 994044000,
    "interestIncome": 0,
    "interestExpense": 10974000,
    "depreciationAndAmortization": 43334000,
    "ebitda": 115171000,
    "ebitdaratio": 0.1080523998,
    "operatingIncome": 71837000,
    "operatingIncomeRatio": 0.0673968295,
    "totalOtherIncomeExpensesNet": -17177000,
    "incomeBeforeTax": 54660000,
    "incomeBeforeTaxRatio": 0.051281522,
    "incomeTaxExpense": 20458000,
    "netIncome": 34170000,
    "netIncomeRatio": 0.0320579877,
    "eps": 0.32,
    "epsdiluted": 0.32,
    "weightedAverageShsOut": 106986000,
    "weightedAverageShsOutDil": 107372000,
    "link": "https://www.sec.gov/Archives/edgar/data/352915/000119312507042808/0001193125-07-042808-index.htm",
    "finalLink": "https://www.sec.gov/Archives/edgar/data/352915/000119312507042808/d10k.htm"
  },
  {
    "date": "2006-09-30",
    "symbol": "UHS",
    "reportedCurrency": "USD",
    "cik": "0000352915",
    "fillingDate": "2006-11-09",
    "acceptedDate": "2006-11-09 12:04:51",
    "calendarYear": "2006",
    "period": "Q3",
    "revenue": 1043457000,
    "costOfRevenue": 606043000,
    "grossProfit": 437414000,
    "grossProfitRatio": 0.4191969578,
    "researchAndDevelopmentExpenses": 0,
    "generalAndAdministrativeExpenses": 0,
    "sellingAndMarketingExpenses": 0,
    "sellingGeneralAndAdministrativeExpenses": 325960000,
    "otherExpenses": 40961000,
    "operatingExpenses": 366921000,
    "costAndExpenses": 972964000,
    "interestIncome": 0,
    "interestExpense": 0,
    "depreciationAndAmortization": 40961000,
    "ebitda": 111454000,
    "ebitdaratio": 0.1068122596,
    "operatingIncome": 70493000,
    "operatingIncomeRatio": 0.0675571681,
    "totalOtherIncomeExpensesNet": 109240000,
    "incomeBeforeTax": 179733000,
    "incomeBeforeTaxRatio": 0.1722476345,
    "incomeTaxExpense": 65704000,
    "netIncome": 113945000,
    "netIncomeRatio": 0.1091995166,
    "eps": 1,
    "epsdiluted": 1,
    "weightedAverageShsOut": 113588000,
    "weightedAverageShsOutDil": 114002000,
    "link": "https://www.sec.gov/Archives/edgar/data/352915/000119312506229787/0001193125-06-229787-index.htm",
    "finalLink": "https://www.sec.gov/Archives/edgar/data/352915/000119312506229787/d10q.htm"
  },
  {
    "date": "2006-06-30",
    "symbol": "UHS",
    "reportedCurrency": "USD",
    "cik": "0000352915",
    "fillingDate": "2006-08-09",
    "acceptedDate": "2006-08-09 12:23:11",
    "calendarYear": "2006",
    "period": "Q2",
    "revenue": 1047673000,
    "costOfRevenue": 559570000,
    "grossProfit": 488103000,
    "grossProfitRatio": 0.4658925065,
    "researchAndDevelopmentExpenses": 0,
    "generalAndAdministrativeExpenses": 0,
    "sellingAndMarketingExpenses": 0,
    "sellingGeneralAndAdministrativeExpenses": 351969000,
    "otherExpenses": 40369000,
    "operatingExpenses": 392338000,
    "costAndExpenses": 951908000,
    "interestIncome": 0,
    "interestExpense": 0,
    "depreciationAndAmortization": 40369000,
    "ebitda": 136134000,
    "ebitdaratio": 0.129939399,
    "operatingIncome": 95765000,
    "operatingIncomeRatio": 0.091407338,
    "totalOtherIncomeExpensesNet": 1455000,
    "incomeBeforeTax": 97220000,
    "incomeBeforeTaxRatio": 0.0927961301,
    "incomeTaxExpense": 36349000,
    "netIncome": 60259000,
    "netIncomeRatio": 0.0575169924,
    "eps": 0.56,
    "epsdiluted": 0.52,
    "weightedAverageShsOut": 107460000,
    "weightedAverageShsOutDil": 119974000,
    "link": "https://www.sec.gov/Archives/edgar/data/352915/000119312506167223/0001193125-06-167223-index.htm",
    "finalLink": "https://www.sec.gov/Archives/edgar/data/352915/000119312506167223/d10q.htm"
  },
  {
    "date": "2006-03-31",
    "symbol": "UHS",
    "reportedCurrency": "USD",
    "cik": "0000352915",
    "fillingDate": "2006-05-09",
    "acceptedDate": "2006-05-09 17:02:39",
    "calendarYear": "2006",
    "period": "Q1",
    "revenue": 1034289000,
    "costOfRevenue": 570745000,
    "grossProfit": 463544000,
    "grossProfitRatio": 0.4481764768,
    "researchAndDevelopmentExpenses": 0,
    "generalAndAdministrativeExpenses": 0,
    "sellingAndMarketingExpenses": 0,
    "sellingGeneralAndAdministrativeExpenses": 339340000,
    "otherExpenses": 39030000,
    "operatingExpenses": 378370000,
    "costAndExpenses": 949115000,
    "interestIncome": 0,
    "interestExpense": 3723000,
    "depreciationAndAmortization": 39030000,
    "ebitda": 124204000,
    "ebitdaratio": 0.1200863588,
    "operatingIncome": 85174000,
    "operatingIncomeRatio": 0.0823502909,
    "totalOtherIncomeExpensesNet": -4315000,
    "incomeBeforeTax": 80859000,
    "incomeBeforeTaxRatio": 0.0781783428,
    "incomeTaxExpense": 30367000,
    "netIncome": 51084000,
    "netIncomeRatio": 0.0493904508,
    "eps": 0.48,
    "epsdiluted": 0.44,
    "weightedAverageShsOut": 107536000,
    "weightedAverageShsOutDil": 121012000,
    "link": "https://www.sec.gov/Archives/edgar/data/352915/000119312506105582/0001193125-06-105582-index.htm",
    "finalLink": "https://www.sec.gov/Archives/edgar/data/352915/000119312506105582/d10q.htm"
  },
  {
    "date": "2005-12-31",
    "symbol": "UHS",
    "reportedCurrency": "USD",
    "cik": "0000352915",
    "fillingDate": "2006-03-15",
    "acceptedDate": "2006-03-15 14:29:17",
    "calendarYear": "2005",
    "period": "Q4",
    "revenue": 967175000,
    "costOfRevenue": 536033000,
    "grossProfit": 431142000,
    "grossProfitRatio": 0.4457745496,
    "researchAndDevelopmentExpenses": 0,
    "generalAndAdministrativeExpenses": 0,
    "sellingAndMarketingExpenses": 0,
    "sellingGeneralAndAdministrativeExpenses": 328912000,
    "otherExpenses": 39242000,
    "operatingExpenses": 368154000,
    "costAndExpenses": 904187000,
    "interestIncome": 0,
    "interestExpense": 8403000,
    "depreciationAndAmortization": 39251000,
    "ebitda": 102239000,
    "ebitdaratio": 0.1057088945,
    "operatingIncome": 62988000,
    "operatingIncomeRatio": 0.0651257528,
    "totalOtherIncomeExpensesNet": -50322000,
    "incomeBeforeTax": 12666000,
    "incomeBeforeTaxRatio": 0.013095872,
    "incomeTaxExpense": 3624000,
    "netIncome": 12274000,
    "netIncomeRatio": 0.0126905679,
    "eps": 0.0841,
    "epsdiluted": 0.0747,
    "weightedAverageShsOut": 107536000,
    "weightedAverageShsOutDil": 121012000,
    "link": "https://www.sec.gov/Archives/edgar/data/352915/000119312506054843/0001193125-06-054843-index.htm",
    "finalLink": "https://www.sec.gov/Archives/edgar/data/352915/000119312506054843/d10k.htm"
  },
  {
    "date": "2005-09-30",
    "symbol": "UHS",
    "reportedCurrency": "USD",
    "cik": "0000352915",
    "fillingDate": "2005-11-09",
    "acceptedDate": "2005-11-09 12:05:12",
    "calendarYear": "2005",
    "period": "Q3",
    "revenue": 970772000,
    "costOfRevenue": 513065000,
    "grossProfit": 457707000,
    "grossProfitRatio": 0.4714876408,
    "researchAndDevelopmentExpenses": 0,
    "generalAndAdministrativeExpenses": 0,
    "sellingAndMarketingExpenses": 0,
    "sellingGeneralAndAdministrativeExpenses": 346541000,
    "otherExpenses": 38552000,
    "operatingExpenses": 385093000,
    "costAndExpenses": 898158000,
    "interestIncome": 0,
    "interestExpense": 58764000,
    "depreciationAndAmortization": 38705000,
    "ebitda": 111319000,
    "ebitdaratio": 0.1146705921,
    "operatingIncome": 72614000,
    "operatingIncomeRatio": 0.0748002621,
    "totalOtherIncomeExpensesNet": -57604000,
    "incomeBeforeTax": 15010000,
    "incomeBeforeTaxRatio": 0.015461921,
    "incomeTaxExpense": 5531000,
    "netIncome": 8319000,
    "netIncomeRatio": 0.0085694684,
    "eps": 0.075,
    "epsdiluted": 0.075,
    "weightedAverageShsOut": 109364000,
    "weightedAverageShsOutDil": 110296000,
    "link": "https://www.sec.gov/Archives/edgar/data/352915/000119312505221072/0001193125-05-221072-index.htm",
    "finalLink": "https://www.sec.gov/Archives/edgar/data/352915/000119312505221072/d10q.htm"
  },
  {
    "date": "2005-06-30",
    "symbol": "UHS",
    "reportedCurrency": "USD",
    "cik": "0000352915",
    "fillingDate": "2005-08-09",
    "acceptedDate": "2005-08-09 12:36:31",
    "calendarYear": "2005",
    "period": "Q2",
    "revenue": 990888000,
    "costOfRevenue": 534021000,
    "grossProfit": 456867000,
    "grossProfitRatio": 0.4610682539,
    "researchAndDevelopmentExpenses": 0,
    "generalAndAdministrativeExpenses": 0,
    "sellingAndMarketingExpenses": 0,
    "sellingGeneralAndAdministrativeExpenses": 345473000,
    "otherExpenses": 37988000,
    "operatingExpenses": 383461000,
    "costAndExpenses": 917482000,
    "interestIncome": 0,
    "interestExpense": 7450000,
    "depreciationAndAmortization": 40252000,
    "ebitda": 113658000,
    "ebitdaratio": 0.1147031753,
    "operatingIncome": 73406000,
    "operatingIncomeRatio": 0.0740810263,
    "totalOtherIncomeExpensesNet": -15376000,
    "incomeBeforeTax": 58030000,
    "incomeBeforeTaxRatio": 0.0585636318,
    "incomeTaxExpense": 21398000,
    "netIncome": 158843000,
    "netIncomeRatio": 0.1603036872,
    "eps": 1.41,
    "epsdiluted": 1.26,
    "weightedAverageShsOut": 112850000,
    "weightedAverageShsOutDil": 127296000,
    "link": "https://www.sec.gov/Archives/edgar/data/352915/000119312505162157/0001193125-05-162157-index.htm",
    "finalLink": "https://www.sec.gov/Archives/edgar/data/352915/000119312505162157/d10q.htm"
  },
  {
    "date": "2005-03-31",
    "symbol": "UHS",
    "reportedCurrency": "USD",
    "cik": "0000352915",
    "fillingDate": "2005-05-10",
    "acceptedDate": "2005-05-10 12:16:23",
    "calendarYear": "2005",
    "period": "Q1",
    "revenue": 1090981000,
    "costOfRevenue": 587559000,
    "grossProfit": 473769000,
    "grossProfitRatio": 0.4342596251,
    "researchAndDevelopmentExpenses": 0,
    "generalAndAdministrativeExpenses": 0,
    "sellingAndMarketingExpenses": 0,
    "sellingGeneralAndAdministrativeExpenses": 348774000,
    "otherExpenses": 39698000,
    "operatingExpenses": 368738000,
    "costAndExpenses": 901614000,
    "interestIncome": 0,
    "interestExpense": 16544000,
    "depreciationAndAmortization": 45506000,
    "ebitda": 150537000,
    "ebitdaratio": 0.1379831546,
    "operatingIncome": 105031000,
    "operatingIncomeRatio": 0.0962720707,
    "totalOtherIncomeExpensesNet": -18593000,
    "incomeBeforeTax": 89488000,
    "incomeBeforeTaxRatio": 0.0820252598,
    "incomeTaxExpense": 33086000,
    "netIncome": 61409000,
    "netIncomeRatio": 0.056287873,
    "eps": 0.54,
    "epsdiluted": 0.5,
    "weightedAverageShsOut": 115046000,
    "weightedAverageShsOutDil": 128832000,
    "link": "https://www.sec.gov/Archives/edgar/data/352915/000119312505102264/0001193125-05-102264-index.htm",
    "finalLink": "https://www.sec.gov/Archives/edgar/data/352915/000119312505102264/d10q.htm"
  },
  {
    "date": "2004-12-31",
    "symbol": "UHS",
    "reportedCurrency": "USD",
    "cik": "0000352915",
    "fillingDate": "2005-03-16",
    "acceptedDate": "2005-03-16 14:32:08",
    "calendarYear": "2004",
    "period": "Q4",
    "revenue": 889288000,
    "costOfRevenue": 489959000,
    "grossProfit": 399329000,
    "grossProfitRatio": 0.4490435045,
    "researchAndDevelopmentExpenses": 0,
    "generalAndAdministrativeExpenses": 0,
    "sellingAndMarketingExpenses": 0,
    "sellingGeneralAndAdministrativeExpenses": 289351000,
    "otherExpenses": 33788000,
    "operatingExpenses": 323139000,
    "costAndExpenses": 813098000,
    "interestIncome": 0,
    "interestExpense": 15284000,
    "depreciationAndAmortization": 42270000,
    "ebitda": 118460000,
    "ebitdaratio": 0.1332076897,
    "operatingIncome": 76190000,
    "operatingIncomeRatio": 0.0856752818,
    "totalOtherIncomeExpensesNet": -14342000,
    "incomeBeforeTax": 61848000,
    "incomeBeforeTaxRatio": 0.069547773,
    "incomeTaxExpense": 23732000,
    "netIncome": 37174000,
    "netIncomeRatio": 0.0418019809,
    "eps": 0.32,
    "epsdiluted": 0.29,
    "weightedAverageShsOut": 115046000,
    "weightedAverageShsOutDil": 128832000,
    "link": "https://www.sec.gov/Archives/edgar/data/352915/000119312505052511/0001193125-05-052511-index.htm",
    "finalLink": "https://www.sec.gov/Archives/edgar/data/352915/000119312505052511/d10k.htm"
  },
  {
    "date": "2004-09-30",
    "symbol": "UHS",
    "reportedCurrency": "USD",
    "cik": "0000352915",
    "fillingDate": "2004-11-09",
    "acceptedDate": "2004-11-09 12:45:25",
    "calendarYear": "2004",
    "period": "Q3",
    "revenue": 1012868000,
    "costOfRevenue": 553817000,
    "grossProfit": 426157000,
    "grossProfitRatio": 0.4207428806,
    "researchAndDevelopmentExpenses": 0,
    "generalAndAdministrativeExpenses": 0,
    "sellingAndMarketingExpenses": 0,
    "sellingGeneralAndAdministrativeExpenses": 338451000,
    "otherExpenses": 37353000,
    "operatingExpenses": 348892000,
    "costAndExpenses": 836828000,
    "interestIncome": 0,
    "interestExpense": 17237000,
    "depreciationAndAmortization": 43007000,
    "ebitda": 120273000,
    "ebitdaratio": 0.1187449895,
    "operatingIncome": 77265000,
    "operatingIncomeRatio": 0.0762833854,
    "totalOtherIncomeExpensesNet": -14946000,
    "incomeBeforeTax": 61375000,
    "incomeBeforeTaxRatio": 0.0605952602,
    "incomeTaxExpense": 22625000,
    "netIncome": 37845000,
    "netIncomeRatio": 0.0373641975,
    "eps": 0.33,
    "epsdiluted": 0.31,
    "weightedAverageShsOut": 115582000,
    "weightedAverageShsOutDil": 129820000,
    "link": "https://www.sec.gov/Archives/edgar/data/352915/000119312504190827/0001193125-04-190827-index.htm",
    "finalLink": "https://www.sec.gov/Archives/edgar/data/352915/000119312504190827/d10q.htm"
  },
  {
    "date": "2004-06-30",
    "symbol": "UHS",
    "reportedCurrency": "USD",
    "cik": "0000352915",
    "fillingDate": "2004-08-09",
    "acceptedDate": "2004-08-09 09:44:38",
    "calendarYear": "2004",
    "period": "Q2",
    "revenue": 1018700000,
    "costOfRevenue": 554087000,
    "grossProfit": 422638000,
    "grossProfitRatio": 0.4148797487,
    "researchAndDevelopmentExpenses": 0,
    "generalAndAdministrativeExpenses": 0,
    "sellingAndMarketingExpenses": 0,
    "sellingGeneralAndAdministrativeExpenses": 332334000,
    "otherExpenses": 35033000,
    "operatingExpenses": 337806000,
    "costAndExpenses": 820662000,
    "interestIncome": 0,
    "interestExpense": 15972000,
    "depreciationAndAmortization": 40694000,
    "ebitda": 125525000,
    "ebitdaratio": 0.1232207716,
    "operatingIncome": 84832000,
    "operatingIncomeRatio": 0.083274762,
    "totalOtherIncomeExpensesNet": -21670000,
    "incomeBeforeTax": 74801000,
    "incomeBeforeTaxRatio": 0.0734278983,
    "incomeTaxExpense": 27699000,
    "netIncome": 48289000,
    "netIncomeRatio": 0.0474025719,
    "eps": 0.42,
    "epsdiluted": 0.39,
    "weightedAverageShsOut": 115244000,
    "weightedAverageShsOutDil": 129946000,
    "link": "https://www.sec.gov/Archives/edgar/data/352915/000119312504135238/0001193125-04-135238-index.htm",
    "finalLink": "https://www.sec.gov/Archives/edgar/data/352915/000119312504135238/d10q.htm"
  },
  {
    "date": "2004-03-31",
    "symbol": "UHS",
    "reportedCurrency": "USD",
    "cik": "0000352915",
    "fillingDate": "2004-05-07",
    "acceptedDate": "2004-05-07 16:50:00",
    "calendarYear": "2004",
    "period": "Q1",
    "revenue": 1035482000,
    "costOfRevenue": 566094000,
    "grossProfit": 446804000,
    "grossProfitRatio": 0.4314937391,
    "researchAndDevelopmentExpenses": 0,
    "generalAndAdministrativeExpenses": 0,
    "sellingAndMarketingExpenses": 0,
    "sellingGeneralAndAdministrativeExpenses": 341434000,
    "otherExpenses": 36454000,
    "operatingExpenses": 358566000,
    "costAndExpenses": 894338000,
    "interestIncome": 0,
    "interestExpense": 10911000,
    "depreciationAndAmortization": 40706000,
    "ebitda": 128944000,
    "ebitdaratio": 0.1245255833,
    "operatingIncome": 88238000,
    "operatingIncomeRatio": 0.0852144219,
    "totalOtherIncomeExpensesNet": -16181000,
    "incomeBeforeTax": 72746000,
    "incomeBeforeTaxRatio": 0.0702532734,
    "incomeTaxExpense": 26946000,
    "netIncome": 46183000,
    "netIncomeRatio": 0.0446004856,
    "eps": 0.4,
    "epsdiluted": 0.37,
    "weightedAverageShsOut": 115128000,
    "weightedAverageShsOutDil": 130174000,
    "link": "https://www.sec.gov/Archives/edgar/data/352915/000119312504082206/0001193125-04-082206-index.htm",
    "finalLink": "https://www.sec.gov/Archives/edgar/data/352915/000119312504082206/d10q.htm"
  },
  {
    "date": "2003-12-31",
    "symbol": "UHS",
    "reportedCurrency": "USD",
    "cik": "0000352915",
    "fillingDate": "2004-03-12",
    "acceptedDate": "2004-03-12 17:03:59",
    "calendarYear": "2003",
    "period": "Q4",
    "revenue": 949472000,
    "costOfRevenue": 353300000,
    "grossProfit": 596172000,
    "grossProfitRatio": 0.627898453,
    "researchAndDevelopmentExpenses": 0,
    "generalAndAdministrativeExpenses": 0,
    "sellingAndMarketingExpenses": 0,
    "sellingGeneralAndAdministrativeExpenses": 472440000,
    "otherExpenses": 38617000,
    "operatingExpenses": 511057000,
    "costAndExpenses": 864357000,
    "interestIncome": 0,
    "interestExpense": 10394000,
    "depreciationAndAmortization": 38617000,
    "ebitda": 123732000,
    "ebitdaratio": 0.1303166391,
    "operatingIncome": 85115000,
    "operatingIncomeRatio": 0.0896445603,
    "totalOtherIncomeExpensesNet": -10727000,
    "incomeBeforeTax": 74388000,
    "incomeBeforeTaxRatio": 0.0783467022,
    "incomeTaxExpense": 27920000,
    "netIncome": 46468000,
    "netIncomeRatio": 0.048940885,
    "eps": 0.4,
    "epsdiluted": 0.36,
    "weightedAverageShsOut": 115128000,
    "weightedAverageShsOutDil": 130174000,
    "link": "https://www.sec.gov/Archives/edgar/data/352915/000119312504040653/0001193125-04-040653-index.htm",
    "finalLink": "https://www.sec.gov/Archives/edgar/data/352915/000119312504040653/d10k.htm"
  },
  {
    "date": "2003-09-30",
    "symbol": "UHS",
    "reportedCurrency": "USD",
    "cik": "0000352915",
    "fillingDate": "2003-11-10",
    "acceptedDate": "2003-11-10 17:02:55",
    "calendarYear": "2003",
    "period": "Q3",
    "revenue": 896332000,
    "costOfRevenue": 333321000,
    "grossProfit": 563011000,
    "grossProfitRatio": 0.6281277473,
    "researchAndDevelopmentExpenses": 0,
    "generalAndAdministrativeExpenses": 0,
    "sellingAndMarketingExpenses": 0,
    "sellingGeneralAndAdministrativeExpenses": 440722000,
    "otherExpenses": 35799000,
    "operatingExpenses": 476521000,
    "costAndExpenses": 809842000,
    "interestIncome": 0,
    "interestExpense": 8615000,
    "depreciationAndAmortization": 35799000,
    "ebitda": 122289000,
    "ebitdaratio": 0.1364327057,
    "operatingIncome": 86490000,
    "operatingIncomeRatio": 0.0964932637,
    "totalOtherIncomeExpensesNet": -8254000,
    "incomeBeforeTax": 78236000,
    "incomeBeforeTaxRatio": 0.0872846222,
    "incomeTaxExpense": 29175000,
    "netIncome": 49061000,
    "netIncomeRatio": 0.054735299,
    "eps": 0.43,
    "epsdiluted": 0.4,
    "weightedAverageShsOut": 114708000,
    "weightedAverageShsOutDil": 129680000,
    "link": "https://www.sec.gov/Archives/edgar/data/352915/000119312503076337/0001193125-03-076337-index.htm",
    "finalLink": "https://www.sec.gov/Archives/edgar/data/352915/000119312503076337/d10q.htm"
  },
  {
    "date": "2003-06-30",
    "symbol": "UHS",
    "reportedCurrency": "USD",
    "cik": "0000352915",
    "fillingDate": "2003-08-13",
    "acceptedDate": "2003-08-13 15:52:28",
    "calendarYear": "2003",
    "period": "Q2",
    "revenue": 902954000,
    "costOfRevenue": 333172000,
    "grossProfit": 415511000,
    "grossProfitRatio": 0.4601685136,
    "researchAndDevelopmentExpenses": 0,
    "generalAndAdministrativeExpenses": 0,
    "sellingAndMarketingExpenses": 0,
    "sellingGeneralAndAdministrativeExpenses": 435011000,
    "otherExpenses": 34048000,
    "operatingExpenses": 314467000,
    "costAndExpenses": 778617000,
    "interestIncome": 0,
    "interestExpense": 17905000,
    "depreciationAndAmortization": 35513000,
    "ebitda": 136557000,
    "ebitdaratio": 0.1512336177,
    "operatingIncome": 101044000,
    "operatingIncomeRatio": 0.1119038179,
    "totalOtherIncomeExpensesNet": -16114000,
    "incomeBeforeTax": 81353000,
    "incomeBeforeTaxRatio": 0.0900965055,
    "incomeTaxExpense": 30403000,
    "netIncome": 50950000,
    "netIncomeRatio": 0.0564259087,
    "eps": 0.44,
    "epsdiluted": 0.41,
    "weightedAverageShsOut": 115310000,
    "weightedAverageShsOutDil": 129884000,
    "link": "https://www.sec.gov/Archives/edgar/data/352915/000119312503035909/0001193125-03-035909-index.htm",
    "finalLink": "https://www.sec.gov/Archives/edgar/data/352915/000119312503035909/d10q.htm"
  },
  {
    "date": "2003-03-31",
    "symbol": "UHS",
    "reportedCurrency": "USD",
    "cik": "0000352915",
    "fillingDate": "2003-05-13",
    "acceptedDate": "2003-05-13 15:29:07",
    "calendarYear": "2003",
    "period": "Q1",
    "revenue": 897808000,
    "costOfRevenue": 324647000,
    "grossProfit": 570161000,
    "grossProfitRatio": 0.6350589436,
    "researchAndDevelopmentExpenses": 0,
    "generalAndAdministrativeExpenses": 0,
    "sellingAndMarketingExpenses": 0,
    "sellingGeneralAndAdministrativeExpenses": 437023000,
    "otherExpenses": 34537000,
    "operatingExpenses": 471560000,
    "costAndExpenses": 796207000,
    "interestIncome": 0,
    "interestExpense": 17879000,
    "depreciationAndAmortization": 34537000,
    "ebitda": 133138000,
    "ebitdaratio": 0.1482922852,
    "operatingIncome": 98601000,
    "operatingIncomeRatio": 0.1098241495,
    "totalOtherIncomeExpensesNet": -14879000,
    "incomeBeforeTax": 83722000,
    "incomeBeforeTaxRatio": 0.0932515638,
    "incomeTaxExpense": 30932000,
    "netIncome": 52790000,
    "netIncomeRatio": 0.0587987632,
    "eps": 0.46,
    "epsdiluted": 0.42,
    "weightedAverageShsOut": 116554000,
    "weightedAverageShsOutDil": 131192000,
    "link": "https://www.sec.gov/Archives/edgar/data/352915/000102140803007622/0001021408-03-007622-index.htm",
    "finalLink": "https://www.sec.gov/Archives/edgar/data/352915/000102140803007622/d10q.htm"
  },
  {
    "date": "2002-12-31",
    "symbol": "UHS",
    "reportedCurrency": "USD",
    "cik": "0000352915",
    "fillingDate": "2003-03-19",
    "acceptedDate": "2003-03-19 11:23:39",
    "calendarYear": "2002",
    "period": "Q4",
    "revenue": 835478000,
    "costOfRevenue": 247917000,
    "grossProfit": 587561000,
    "grossProfitRatio": 0.7032632816,
    "researchAndDevelopmentExpenses": 0,
    "generalAndAdministrativeExpenses": 1163109000,
    "sellingAndMarketingExpenses": -690432000,
    "sellingGeneralAndAdministrativeExpenses": 472677000,
    "otherExpenses": 34350000,
    "operatingExpenses": 507027000,
    "costAndExpenses": 754944000,
    "interestIncome": 0,
    "interestExpense": 11189000,
    "depreciationAndAmortization": 34350000,
    "ebitda": 114884000,
    "ebitdaratio": 0.1375069122,
    "operatingIncome": 80534000,
    "operatingIncomeRatio": 0.0963927237,
    "totalOtherIncomeExpensesNet": -11189000,
    "incomeBeforeTax": 69345000,
    "incomeBeforeTaxRatio": 0.0830003902,
    "incomeTaxExpense": 25455000,
    "netIncome": 43890000,
    "netIncomeRatio": 0.0525328016,
    "eps": 0.38,
    "epsdiluted": 0.33,
    "weightedAverageShsOut": 116554000,
    "weightedAverageShsOutDil": 131192000,
    "link": "https://www.sec.gov/Archives/edgar/data/352915/000093176303000570/0000931763-03-000570-index.htm",
    "finalLink": "https://www.sec.gov/Archives/edgar/data/352915/000093176303000570/d10k.htm"
  },
  {
    "date": "2002-09-30",
    "symbol": "UHS",
    "reportedCurrency": "USD",
    "cik": "0000352915",
    "fillingDate": "2002-11-13",
    "acceptedDate": "2002-11-13 09:58:06",
    "calendarYear": "2002",
    "period": "Q3",
    "revenue": 813104000,
    "costOfRevenue": 323331000,
    "grossProfit": 489773000,
    "grossProfitRatio": 0.6023497609,
    "researchAndDevelopmentExpenses": 0,
    "generalAndAdministrativeExpenses": 380588000,
    "sellingAndMarketingExpenses": 0,
    "sellingGeneralAndAdministrativeExpenses": 380588000,
    "otherExpenses": 30136000,
    "operatingExpenses": 410724000,
    "costAndExpenses": 734055000,
    "interestIncome": 0,
    "interestExpense": 13560000,
    "depreciationAndAmortization": 30136000,
    "ebitda": 109185000,
    "ebitdaratio": 0.1342817155,
    "operatingIncome": 79049000,
    "operatingIncomeRatio": 0.097218806,
    "totalOtherIncomeExpensesNet": -13560000,
    "incomeBeforeTax": 65489000,
    "incomeBeforeTaxRatio": 0.0805419725,
    "incomeTaxExpense": 24038000,
    "netIncome": 41451000,
    "netIncomeRatio": 0.0509787186,
    "eps": 0.35,
    "epsdiluted": 0.33,
    "weightedAverageShsOut": 119766000,
    "weightedAverageShsOutDil": 134350000,
    "link": "https://www.sec.gov/Archives/edgar/data/352915/000102140802013798/0001021408-02-013798-index.htm",
    "finalLink": "https://www.sec.gov/Archives/edgar/data/352915/000102140802013798/d10q.htm"
  },
  {
    "date": "2002-06-30",
    "symbol": "UHS",
    "reportedCurrency": "USD",
    "cik": "0000352915",
    "fillingDate": "2002-08-13",
    "acceptedDate": "2002-08-13 17:05:51",
    "calendarYear": "2002",
    "period": "Q2",
    "revenue": 805945000,
    "costOfRevenue": 302153000,
    "grossProfit": 503792000,
    "grossProfitRatio": 0.6250947645,
    "researchAndDevelopmentExpenses": 0,
    "generalAndAdministrativeExpenses": 389730000,
    "sellingAndMarketingExpenses": 0,
    "sellingGeneralAndAdministrativeExpenses": 389730000,
    "otherExpenses": 30900000,
    "operatingExpenses": 420630000,
    "costAndExpenses": 722783000,
    "interestIncome": 0,
    "interestExpense": 8153000,
    "depreciationAndAmortization": 30900000,
    "ebitda": 114062000,
    "ebitdaratio": 0.1415257865,
    "operatingIncome": 83162000,
    "operatingIncomeRatio": 0.1031857013,
    "totalOtherIncomeExpensesNet": -13090000,
    "incomeBeforeTax": 70072000,
    "incomeBeforeTaxRatio": 0.0869438982,
    "incomeTaxExpense": 25725000,
    "netIncome": 44347000,
    "netIncomeRatio": 0.0550248466,
    "eps": 0.37,
    "epsdiluted": 0.35,
    "weightedAverageShsOut": 119868000,
    "weightedAverageShsOutDil": 134508000,
    "link": "https://www.sec.gov/Archives/edgar/data/352915/000102140802010686/0001021408-02-010686-index.htm",
    "finalLink": "https://www.sec.gov/Archives/edgar/data/352915/000102140802010686/d10q.txt"
  },
  {
    "date": "2002-03-31",
    "symbol": "UHS",
    "reportedCurrency": "USD",
    "cik": "0000352915",
    "fillingDate": "2002-05-13",
    "acceptedDate": "2002-05-13 16:49:22",
    "calendarYear": "2002",
    "period": "Q1",
    "revenue": 804371000,
    "costOfRevenue": 295404000,
    "grossProfit": 508967000,
    "grossProfitRatio": 0.6327515537,
    "researchAndDevelopmentExpenses": 0,
    "generalAndAdministrativeExpenses": 392791000,
    "sellingAndMarketingExpenses": 0,
    "sellingGeneralAndAdministrativeExpenses": 392791000,
    "otherExpenses": 29408000,
    "operatingExpenses": 422199000,
    "costAndExpenses": 717603000,
    "interestIncome": 0,
    "interestExpense": 14603000,
    "depreciationAndAmortization": 29408000,
    "ebitda": 116176000,
    "ebitdaratio": 0.1444308659,
    "operatingIncome": 86768000,
    "operatingIncomeRatio": 0.1078706219,
    "totalOtherIncomeExpensesNet": -14603000,
    "incomeBeforeTax": 72165000,
    "incomeBeforeTaxRatio": 0.0897160639,
    "incomeTaxExpense": 26492000,
    "netIncome": 45673000,
    "netIncomeRatio": 0.0567810127,
    "eps": 0.38,
    "epsdiluted": 0.36,
    "weightedAverageShsOut": 119724000,
    "weightedAverageShsOutDil": 134096000,
    "link": "https://www.sec.gov/Archives/edgar/data/352915/000093066102001632/0000930661-02-001632-index.htm",
    "finalLink": "https://www.sec.gov/Archives/edgar/data/352915/000093066102001632/d10q.txt"
  },
  {
    "date": "2001-12-31",
    "symbol": "UHS",
    "reportedCurrency": "USD",
    "cik": "0000352915",
    "fillingDate": "2002-03-26",
    "acceptedDate": "2002-03-26 00:00:00",
    "calendarYear": "2001",
    "period": "Q4",
    "revenue": 724162000,
    "costOfRevenue": 270755000,
    "grossProfit": 453407000,
    "grossProfitRatio": 0.6261126654,
    "researchAndDevelopmentExpenses": 0,
    "generalAndAdministrativeExpenses": 357032000,
    "sellingAndMarketingExpenses": 0,
    "sellingGeneralAndAdministrativeExpenses": 357032000,
    "otherExpenses": 32893000,
    "operatingExpenses": 389925000,
    "costAndExpenses": 660680000,
    "interestIncome": 0,
    "interestExpense": 60915000,
    "depreciationAndAmortization": 32893000,
    "ebitda": 96375000,
    "ebitdaratio": 0.1330848622,
    "operatingIncome": 63482000,
    "operatingIncomeRatio": 0.0876627053,
    "totalOtherIncomeExpensesNet": -60915000,
    "incomeBeforeTax": 2567000,
    "incomeBeforeTaxRatio": 0.0035447869,
    "incomeTaxExpense": 632000,
    "netIncome": 927000,
    "netIncomeRatio": 0.0012801003,
    "eps": 0.0162,
    "epsdiluted": 0.0144,
    "weightedAverageShsOut": 119724000,
    "weightedAverageShsOutDil": 134096000,
    "link": "https://www.sec.gov/Archives/edgar/data/352915/000092838502001053/0000928385-02-001053-index.htm",
    "finalLink": "https://www.sec.gov/Archives/edgar/data/352915/000092838502001053/d10k.txt"
  },
  {
    "date": "2001-09-30",
    "symbol": "UHS",
    "reportedCurrency": "USD",
    "cik": "0000352915",
    "fillingDate": "2001-11-13",
    "acceptedDate": "2001-11-13 00:00:00",
    "calendarYear": "2001",
    "period": "Q3",
    "revenue": 720784000,
    "costOfRevenue": 262233000,
    "grossProfit": 438559000,
    "grossProfitRatio": 0.6084471908,
    "researchAndDevelopmentExpenses": 0,
    "generalAndAdministrativeExpenses": 364791000,
    "sellingAndMarketingExpenses": 0,
    "sellingGeneralAndAdministrativeExpenses": 364791000,
    "otherExpenses": 32587000,
    "operatingExpenses": 377386000,
    "costAndExpenses": 659611000,
    "interestIncome": 0,
    "interestExpense": 13762000,
    "depreciationAndAmortization": 32587000,
    "ebitda": 93760000,
    "ebitdaratio": 0.1300805789,
    "operatingIncome": 61173000,
    "operatingIncomeRatio": 0.0848700859,
    "totalOtherIncomeExpensesNet": -13654000,
    "incomeBeforeTax": 47519000,
    "incomeBeforeTaxRatio": 0.0659268241,
    "incomeTaxExpense": 17265000,
    "netIncome": 30254000,
    "netIncomeRatio": 0.0419737397,
    "eps": 0.25,
    "epsdiluted": 0.24,
    "weightedAverageShsOut": 119842000,
    "weightedAverageShsOutDil": 134834000,
    "link": "https://www.sec.gov/Archives/edgar/data/352915/000102140801509945/0001021408-01-509945-index.htm",
    "finalLink": "https://www.sec.gov/Archives/edgar/data/352915/000102140801509945/d10q.txt"
  },
  {
    "date": "2001-06-30",
    "symbol": "UHS",
    "reportedCurrency": "USD",
    "cik": "0000352915",
    "fillingDate": "2001-08-13",
    "acceptedDate": "2001-08-13 00:00:00",
    "calendarYear": "2001",
    "period": "Q2",
    "revenue": 718596000,
    "costOfRevenue": 262855000,
    "grossProfit": 455741000,
    "grossProfitRatio": 0.6342103212,
    "researchAndDevelopmentExpenses": 0,
    "generalAndAdministrativeExpenses": 358426000,
    "sellingAndMarketingExpenses": 0,
    "sellingGeneralAndAdministrativeExpenses": 358426000,
    "otherExpenses": 32248000,
    "operatingExpenses": 390674000,
    "costAndExpenses": 653529000,
    "interestIncome": 0,
    "interestExpense": 14153000,
    "depreciationAndAmortization": 32248000,
    "ebitda": 97315000,
    "ebitdaratio": 0.1354237986,
    "operatingIncome": 65067000,
    "operatingIncomeRatio": 0.0905474008,
    "totalOtherIncomeExpensesNet": -14179000,
    "incomeBeforeTax": 50888000,
    "incomeBeforeTaxRatio": 0.0708158687,
    "incomeTaxExpense": 18498000,
    "netIncome": 32390000,
    "netIncomeRatio": 0.0450740054,
    "eps": 0.27,
    "epsdiluted": 0.26,
    "weightedAverageShsOut": 119836000,
    "weightedAverageShsOutDil": 134448000,
    "link": "https://www.sec.gov/Archives/edgar/data/352915/000103605001500872/0001036050-01-500872-index.htm",
    "finalLink": "https://www.sec.gov/Archives/edgar/data/352915/000103605001500872/d10q.txt"
  },
  {
    "date": "2001-03-31",
    "symbol": "UHS",
    "reportedCurrency": "USD",
    "cik": "0000352915",
    "fillingDate": "2001-05-11",
    "acceptedDate": "2001-05-11 00:00:00",
    "calendarYear": "2001",
    "period": "Q1",
    "revenue": 676949000,
    "costOfRevenue": 240274000,
    "grossProfit": 436675000,
    "grossProfitRatio": 0.6450633652,
    "researchAndDevelopmentExpenses": 0,
    "generalAndAdministrativeExpenses": 336149000,
    "sellingAndMarketingExpenses": 0,
    "sellingGeneralAndAdministrativeExpenses": 336149000,
    "otherExpenses": 29795000,
    "operatingExpenses": 365944000,
    "costAndExpenses": 606218000,
    "interestIncome": 0,
    "interestExpense": 13808000,
    "depreciationAndAmortization": 29795000,
    "ebitda": 100526000,
    "ebitdaratio": 0.1484986314,
    "operatingIncome": 70731000,
    "operatingIncomeRatio": 0.104484976,
    "totalOtherIncomeExpensesNet": -13808000,
    "incomeBeforeTax": 56923000,
    "incomeBeforeTaxRatio": 0.0840875753,
    "incomeTaxExpense": 20752000,
    "netIncome": 36171000,
    "netIncomeRatio": 0.0534323856,
    "eps": 0.3,
    "epsdiluted": 0.28,
    "weightedAverageShsOut": 119656000,
    "weightedAverageShsOutDil": 134296000,
    "link": "https://www.sec.gov/Archives/edgar/data/352915/000103605001500553/0001036050-01-500553-index.htm",
    "finalLink": "https://www.sec.gov/Archives/edgar/data/352915/000103605001500553/d10q.txt"
  },
  {
    "date": "2000-12-31",
    "symbol": "UHS",
    "reportedCurrency": "USD",
    "cik": "0000352915",
    "fillingDate": "2001-03-28",
    "acceptedDate": "2001-03-28 00:00:00",
    "calendarYear": "2000",
    "period": "Q4",
    "revenue": 614822000,
    "costOfRevenue": 225783000,
    "grossProfit": 389039000,
    "grossProfitRatio": 0.6327668821,
    "researchAndDevelopmentExpenses": 0,
    "generalAndAdministrativeExpenses": 310074000,
    "sellingAndMarketingExpenses": 0,
    "sellingGeneralAndAdministrativeExpenses": 310074000,
    "otherExpenses": 28531000,
    "operatingExpenses": 338605000,
    "costAndExpenses": 564388000,
    "interestIncome": 0,
    "interestExpense": 8427000,
    "depreciationAndAmortization": 28531000,
    "ebitda": 78965000,
    "ebitdaratio": 0.1284355472,
    "operatingIncome": 50434000,
    "operatingIncomeRatio": 0.0820302462,
    "totalOtherIncomeExpensesNet": -20169000,
    "incomeBeforeTax": 30265000,
    "incomeBeforeTaxRatio": 0.0492256295,
    "incomeTaxExpense": 11176000,
    "netIncome": 19089000,
    "netIncomeRatio": 0.0310480106,
    "eps": 0.16,
    "epsdiluted": 0.14,
    "weightedAverageShsOut": 119656000,
    "weightedAverageShsOutDil": 134296000,
    "link": "https://www.sec.gov/Archives/edgar/data/352915/000103605001000510/0001036050-01-000510-index.htm",
    "finalLink": "https://www.sec.gov/Archives/edgar/data/352915/000103605001000510/0001036050-01-000510-0001.txt"
  },
  {
    "date": "2000-09-30",
    "symbol": "UHS",
    "reportedCurrency": "USD",
    "cik": "0000352915",
    "fillingDate": "2000-11-13",
    "acceptedDate": "2000-11-13 00:00:00",
    "calendarYear": "2000",
    "period": "Q3",
    "revenue": 561790000,
    "costOfRevenue": 206903000,
    "grossProfit": 354887000,
    "grossProfitRatio": 0.6317075776,
    "researchAndDevelopmentExpenses": 0,
    "generalAndAdministrativeExpenses": 281074000,
    "sellingAndMarketingExpenses": 0,
    "sellingGeneralAndAdministrativeExpenses": 281074000,
    "otherExpenses": 28475000,
    "operatingExpenses": 309549000,
    "costAndExpenses": 516452000,
    "interestIncome": 0,
    "interestExpense": 10166000,
    "depreciationAndAmortization": 28475000,
    "ebitda": 73813000,
    "ebitdaratio": 0.1313889532,
    "operatingIncome": 45338000,
    "operatingIncomeRatio": 0.0807027537,
    "totalOtherIncomeExpensesNet": -10166000,
    "incomeBeforeTax": 35172000,
    "incomeBeforeTaxRatio": 0.062607024,
    "incomeTaxExpense": 12837000,
    "netIncome": 22335000,
    "netIncomeRatio": 0.0397568486,
    "eps": 0.19,
    "epsdiluted": 0.18,
    "weightedAverageShsOut": 119572000,
    "weightedAverageShsOutDil": 135376000,
    "link": "https://www.sec.gov/Archives/edgar/data/352915/000103605000002002/0001036050-00-002002-index.htm",
    "finalLink": "https://www.sec.gov/Archives/edgar/data/352915/000103605000002002/0001036050-00-002002-0001.txt"
  },
  {
    "date": "2000-06-20",
    "symbol": "UHS",
    "reportedCurrency": "USD",
    "cik": "0000352915",
    "fillingDate": "2000-08-11",
    "acceptedDate": "2000-08-11 00:00:00",
    "calendarYear": "2000",
    "period": "Q2",
    "revenue": 524828000,
    "costOfRevenue": 193212000,
    "grossProfit": 331616000,
    "grossProfitRatio": 0.631856532,
    "researchAndDevelopmentExpenses": 0,
    "generalAndAdministrativeExpenses": 256471000,
    "sellingAndMarketingExpenses": 0,
    "sellingGeneralAndAdministrativeExpenses": 256471000,
    "otherExpenses": 28159000,
    "operatingExpenses": 284630000,
    "costAndExpenses": 477842000,
    "interestIncome": 0,
    "interestExpense": 10563000,
    "depreciationAndAmortization": 28159000,
    "ebitda": 75145000,
    "ebitdaratio": 0.1431802419,
    "operatingIncome": 46986000,
    "operatingIncomeRatio": 0.0895264734,
    "totalOtherIncomeExpensesNet": -10563000,
    "incomeBeforeTax": 36423000,
    "incomeBeforeTaxRatio": 0.0693998796,
    "incomeTaxExpense": 13114000,
    "netIncome": 23309000,
    "netIncomeRatio": 0.0444126457,
    "eps": 0.19,
    "epsdiluted": 0.19,
    "weightedAverageShsOut": 120476000,
    "weightedAverageShsOutDil": 124556000,
    "link": "https://www.sec.gov/Archives/edgar/data/352915/000103605000001477/0001036050-00-001477-index.htm",
    "finalLink": "https://www.sec.gov/Archives/edgar/data/352915/000103605000001477/0001036050-00-001477-0001.txt"
  },
  {
    "date": "2000-03-31",
    "symbol": "UHS",
    "reportedCurrency": "USD",
    "cik": "0000352915",
    "fillingDate": "2000-05-12",
    "acceptedDate": "2000-05-12 00:00:00",
    "calendarYear": "2000",
    "period": "Q1",
    "revenue": 541004000,
    "costOfRevenue": 190849000,
    "grossProfit": 350155000,
    "grossProfitRatio": 0.6472318134,
    "researchAndDevelopmentExpenses": 0,
    "generalAndAdministrativeExpenses": 267792000,
    "sellingAndMarketingExpenses": 0,
    "sellingGeneralAndAdministrativeExpenses": 267792000,
    "otherExpenses": 27644000,
    "operatingExpenses": 295436000,
    "costAndExpenses": 486285000,
    "interestIncome": 0,
    "interestExpense": 10471000,
    "depreciationAndAmortization": 27644000,
    "ebitda": 82363000,
    "ebitdaratio": 0.1522410186,
    "operatingIncome": 54719000,
    "operatingIncomeRatio": 0.1011434296,
    "totalOtherIncomeExpensesNet": -10471000,
    "incomeBeforeTax": 44248000,
    "incomeBeforeTaxRatio": 0.0817886744,
    "incomeTaxExpense": 15619000,
    "netIncome": 28629000,
    "netIncomeRatio": 0.0529182779,
    "eps": 0.24,
    "epsdiluted": 0.23,
    "weightedAverageShsOut": 122364000,
    "weightedAverageShsOutDil": 124473913,
    "link": "https://www.sec.gov/Archives/edgar/data/352915/000089322000000647/0000893220-00-000647-index.html",
    "finalLink": "https://www.sec.gov/Archives/edgar/data/352915/000089322000000647/"
  },
  {
    "date": "1999-12-31",
    "symbol": "UHS",
    "reportedCurrency": "USD",
    "cik": "0000352915",
    "fillingDate": "2000-03-29",
    "acceptedDate": "2000-03-29 00:00:00",
    "calendarYear": "1999",
    "period": "Q4",
    "revenue": 519400000,
    "costOfRevenue": 219200000,
    "grossProfit": 300200000,
    "grossProfitRatio": 0.5779745861,
    "researchAndDevelopmentExpenses": 0,
    "generalAndAdministrativeExpenses": 238400000,
    "sellingAndMarketingExpenses": 0,
    "sellingGeneralAndAdministrativeExpenses": 238400000,
    "otherExpenses": 27400000,
    "operatingExpenses": 265800000,
    "costAndExpenses": 485000000,
    "interestIncome": 0,
    "interestExpense": 12800000,
    "depreciationAndAmortization": 27400000,
    "ebitda": 61800000,
    "ebitdaratio": 0.1189834424,
    "operatingIncome": 34400000,
    "operatingIncomeRatio": 0.0662302657,
    "totalOtherIncomeExpensesNet": -12800000,
    "incomeBeforeTax": 21600000,
    "incomeBeforeTaxRatio": 0.0415864459,
    "incomeTaxExpense": 7600000,
    "netIncome": 14000000,
    "netIncomeRatio": 0.0269541779,
    "eps": 0.11,
    "epsdiluted": 0.11,
    "weightedAverageShsOut": 122364000,
    "weightedAverageShsOutDil": 124473913,
    "link": "https://www.sec.gov/Archives/edgar/data/352915/000103605000000478/0001036050-00-000478-index.html",
    "finalLink": "https://www.sec.gov/Archives/edgar/data/352915/000103605000000478/"
  },
  {
    "date": "1999-09-30",
    "symbol": "UHS",
    "reportedCurrency": "USD",
    "cik": "0000352915",
    "fillingDate": "1999-11-12",
    "acceptedDate": "1999-11-12 00:00:00",
    "calendarYear": "1999",
    "period": "Q3",
    "revenue": 489800000,
    "costOfRevenue": 201700000,
    "grossProfit": 288100000,
    "grossProfitRatio": 0.588199265,
    "researchAndDevelopmentExpenses": 0,
    "generalAndAdministrativeExpenses": 238800000,
    "sellingAndMarketingExpenses": 0,
    "sellingGeneralAndAdministrativeExpenses": 238800000,
    "otherExpenses": 26700000,
    "operatingExpenses": 265500000,
    "costAndExpenses": 467200000,
    "interestIncome": 0,
    "interestExpense": 5900000,
    "depreciationAndAmortization": 26700000,
    "ebitda": 49300000,
    "ebitdaratio": 0.1006533279,
    "operatingIncome": 22600000,
    "operatingIncomeRatio": 0.0461412822,
    "totalOtherIncomeExpensesNet": -5900000,
    "incomeBeforeTax": 16700000,
    "incomeBeforeTaxRatio": 0.0340955492,
    "incomeTaxExpense": 5900000,
    "netIncome": 10800000,
    "netIncomeRatio": 0.0220498163,
    "eps": 0.085,
    "epsdiluted": 0.085,
    "weightedAverageShsOut": 127058824,
    "weightedAverageShsOutDil": 127058824,
    "link": "https://www.sec.gov/Archives/edgar/data/352915/000089322099001253/0000893220-99-001253-index.html",
    "finalLink": "https://www.sec.gov/Archives/edgar/data/352915/000089322099001253/"
  },
  {
    "date": "1999-06-30",
    "symbol": "UHS",
    "reportedCurrency": "USD",
    "cik": "0000352915",
    "fillingDate": "1999-08-13",
    "acceptedDate": "1999-08-13 00:00:00",
    "calendarYear": "1999",
    "period": "Q2",
    "revenue": 513100000,
    "costOfRevenue": 204700000,
    "grossProfit": 308400000,
    "grossProfitRatio": 0.6010524264,
    "researchAndDevelopmentExpenses": 0,
    "generalAndAdministrativeExpenses": 234900000,
    "sellingAndMarketingExpenses": 0,
    "sellingGeneralAndAdministrativeExpenses": 234900000,
    "otherExpenses": 27200000,
    "operatingExpenses": 262100000,
    "costAndExpenses": 466800000,
    "interestIncome": 0,
    "interestExpense": 9500000,
    "depreciationAndAmortization": 27200000,
    "ebitda": 73500000,
    "ebitdaratio": 0.1432469304,
    "operatingIncome": 46300000,
    "operatingIncomeRatio": 0.0902358215,
    "totalOtherIncomeExpensesNet": -9500000,
    "incomeBeforeTax": 36800000,
    "incomeBeforeTaxRatio": 0.0717209121,
    "incomeTaxExpense": 13800000,
    "netIncome": 23000000,
    "netIncomeRatio": 0.0448255701,
    "eps": 0.18,
    "epsdiluted": 0.18,
    "weightedAverageShsOut": 126027397,
    "weightedAverageShsOutDil": 129577465,
    "link": "https://www.sec.gov/Archives/edgar/data/352915/000089322099000942/0000893220-99-000942-index.html",
    "finalLink": "https://www.sec.gov/Archives/edgar/data/352915/000089322099000942/"
  },
  {
    "date": "1999-03-31",
    "symbol": "UHS",
    "reportedCurrency": "USD",
    "cik": "0000352915",
    "fillingDate": "1999-05-13",
    "acceptedDate": "1999-05-13 00:00:00",
    "calendarYear": "1999",
    "period": "Q1",
    "revenue": 520100000,
    "costOfRevenue": 203100000,
    "grossProfit": 317000000,
    "grossProfitRatio": 0.6094981734,
    "researchAndDevelopmentExpenses": 0,
    "generalAndAdministrativeExpenses": 231800000,
    "sellingAndMarketingExpenses": 0,
    "sellingGeneralAndAdministrativeExpenses": 231800000,
    "otherExpenses": 27000000,
    "operatingExpenses": 258800000,
    "costAndExpenses": 461900000,
    "interestIncome": 0,
    "interestExpense": 10500000,
    "depreciationAndAmortization": 27000000,
    "ebitda": 85200000,
    "ebitdaratio": 0.163814651,
    "operatingIncome": 58200000,
    "operatingIncomeRatio": 0.1119015574,
    "totalOtherIncomeExpensesNet": -10500000,
    "incomeBeforeTax": 47700000,
    "incomeBeforeTaxRatio": 0.0917131321,
    "incomeTaxExpense": 17700000,
    "netIncome": 30000000,
    "netIncomeRatio": 0.0576812152,
    "eps": 0.24,
    "epsdiluted": 0.23,
    "weightedAverageShsOut": 127659574,
    "weightedAverageShsOutDil": 130434783,
    "link": "https://www.sec.gov/Archives/edgar/data/352915/000089322099000577/0000893220-99-000577-index.html",
    "finalLink": "https://www.sec.gov/Archives/edgar/data/352915/"
  },
  {
    "date": "1998-12-31",
    "symbol": "UHS",
    "reportedCurrency": "USD",
    "cik": "0000352915",
    "fillingDate": "1999-03-30",
    "acceptedDate": "1999-03-30 00:00:00",
    "calendarYear": "1998",
    "period": "Q4",
    "revenue": 480700000,
    "costOfRevenue": 184600000,
    "grossProfit": 296100000,
    "grossProfitRatio": 0.6159767006,
    "researchAndDevelopmentExpenses": 0,
    "generalAndAdministrativeExpenses": 228500000,
    "sellingAndMarketingExpenses": 0,
    "sellingGeneralAndAdministrativeExpenses": 228500000,
    "otherExpenses": 27500000,
    "operatingExpenses": 256000000,
    "costAndExpenses": 440600000,
    "interestIncome": 0,
    "interestExpense": 8900000,
    "depreciationAndAmortization": 27500000,
    "ebitda": 67600000,
    "ebitdaratio": 0.1406282505,
    "operatingIncome": 40100000,
    "operatingIncomeRatio": 0.0834200125,
    "totalOtherIncomeExpensesNet": -8900000,
    "incomeBeforeTax": 31200000,
    "incomeBeforeTaxRatio": 0.0649053464,
    "incomeTaxExpense": 11000000,
    "netIncome": 20200000,
    "netIncomeRatio": 0.0420220512,
    "eps": 0.16,
    "epsdiluted": 0.15,
    "weightedAverageShsOut": 127659574,
    "weightedAverageShsOutDil": 130434783,
    "link": "https://www.sec.gov/Archives/edgar/data/352915/000103605099000655/0001036050-99-000655-index.html",
    "finalLink": "https://www.sec.gov/Archives/edgar/data/352915/"
  },
  {
    "date": "1998-09-30",
    "symbol": "UHS",
    "reportedCurrency": "USD",
    "cik": "0000352915",
    "fillingDate": "1998-11-12",
    "acceptedDate": "1998-11-12 00:00:00",
    "calendarYear": "1998",
    "period": "Q3",
    "revenue": 456100000,
    "costOfRevenue": 192100000,
    "grossProfit": 264000000,
    "grossProfitRatio": 0.5788204341,
    "researchAndDevelopmentExpenses": 0,
    "generalAndAdministrativeExpenses": 207900000,
    "sellingAndMarketingExpenses": 0,
    "sellingGeneralAndAdministrativeExpenses": 207900000,
    "otherExpenses": 27200000,
    "operatingExpenses": 235100000,
    "costAndExpenses": 427200000,
    "interestIncome": 0,
    "interestExpense": 7100000,
    "depreciationAndAmortization": 27200000,
    "ebitda": 56100000,
    "ebitdaratio": 0.1229993422,
    "operatingIncome": 28900000,
    "operatingIncomeRatio": 0.0633632975,
    "totalOtherIncomeExpensesNet": -8500000,
    "incomeBeforeTax": 20400000,
    "incomeBeforeTaxRatio": 0.0447270335,
    "incomeTaxExpense": 7000000,
    "netIncome": 13400000,
    "netIncomeRatio": 0.029379522,
    "eps": 0.1,
    "epsdiluted": 0.1,
    "weightedAverageShsOut": 130731707,
    "weightedAverageShsOutDil": 134000000,
    "link": "https://www.sec.gov/Archives/edgar/data/352915/000089322098001703/0000893220-98-001703-index.html",
    "finalLink": "https://www.sec.gov/Archives/edgar/data/352915/"
  },
  {
    "date": "1998-06-30",
    "symbol": "UHS",
    "reportedCurrency": "USD",
    "cik": "0000352915",
    "fillingDate": "1998-08-13",
    "acceptedDate": "1998-08-13 00:00:00",
    "calendarYear": "1998",
    "period": "Q2",
    "revenue": 474600000,
    "costOfRevenue": 195100000,
    "grossProfit": 279500000,
    "grossProfitRatio": 0.5889169827,
    "researchAndDevelopmentExpenses": 0,
    "generalAndAdministrativeExpenses": 210900000,
    "sellingAndMarketingExpenses": 0,
    "sellingGeneralAndAdministrativeExpenses": 210900000,
    "otherExpenses": 26300000,
    "operatingExpenses": 237200000,
    "costAndExpenses": 432300000,
    "interestIncome": 0,
    "interestExpense": 10600000,
    "depreciationAndAmortization": 26300000,
    "ebitda": 68600000,
    "ebitdaratio": 0.1445427729,
    "operatingIncome": 42300000,
    "operatingIncomeRatio": 0.0891276865,
    "totalOtherIncomeExpensesNet": -10600000,
    "incomeBeforeTax": 31700000,
    "incomeBeforeTaxRatio": 0.0667930889,
    "incomeTaxExpense": 11200000,
    "netIncome": 20500000,
    "netIncomeRatio": 0.0431942689,
    "eps": 0.16,
    "epsdiluted": 0.15,
    "weightedAverageShsOut": 130158730,
    "weightedAverageShsOutDil": 134426230,
    "link": "https://www.sec.gov/Archives/edgar/data/352915/000089322098001348/0000893220-98-001348-index.html",
    "finalLink": "https://www.sec.gov/Archives/edgar/data/352915/"
  },
  {
    "date": "1998-03-31",
    "symbol": "UHS",
    "reportedCurrency": "USD",
    "cik": "0000352915",
    "fillingDate": "1998-05-14",
    "acceptedDate": "1998-05-14 00:00:00",
    "calendarYear": "1998",
    "period": "Q1",
    "revenue": 463100000,
    "costOfRevenue": 181000000,
    "grossProfit": 282100000,
    "grossProfitRatio": 0.6091556899,
    "researchAndDevelopmentExpenses": 0,
    "generalAndAdministrativeExpenses": 209800000,
    "sellingAndMarketingExpenses": 0,
    "sellingGeneralAndAdministrativeExpenses": 209800000,
    "otherExpenses": 24400000,
    "operatingExpenses": 234200000,
    "costAndExpenses": 415200000,
    "interestIncome": 0,
    "interestExpense": 8000000,
    "depreciationAndAmortization": 24400000,
    "ebitda": 72300000,
    "ebitdaratio": 0.156121788,
    "operatingIncome": 47900000,
    "operatingIncomeRatio": 0.1034333837,
    "totalOtherIncomeExpensesNet": -8000000,
    "incomeBeforeTax": 39900000,
    "incomeBeforeTaxRatio": 0.0861584971,
    "incomeTaxExpense": 14200000,
    "netIncome": 25700000,
    "netIncomeRatio": 0.0554955733,
    "eps": 0.2,
    "epsdiluted": 0.19,
    "weightedAverageShsOut": 130126582,
    "weightedAverageShsOutDil": 133506494,
    "link": "https://www.sec.gov/Archives/edgar/data/352915/000089322098000968/0000893220-98-000968-index.html",
    "finalLink": "https://www.sec.gov/Archives/edgar/data/352915/"
  },
  {
    "date": "1997-12-31",
    "symbol": "UHS",
    "reportedCurrency": "USD",
    "cik": "0000352915",
    "fillingDate": "1998-03-25",
    "acceptedDate": "1998-03-25 00:00:00",
    "calendarYear": "1997",
    "period": "Q4",
    "revenue": 396300000,
    "costOfRevenue": 161900000,
    "grossProfit": 234400000,
    "grossProfitRatio": 0.5914711077,
    "researchAndDevelopmentExpenses": 0,
    "generalAndAdministrativeExpenses": 184500000,
    "sellingAndMarketingExpenses": 0,
    "sellingGeneralAndAdministrativeExpenses": 184500000,
    "otherExpenses": 21800000,
    "operatingExpenses": 206300000,
    "costAndExpenses": 368200000,
    "interestIncome": 0,
    "interestExpense": 4600000,
    "depreciationAndAmortization": 21800000,
    "ebitda": 49900000,
    "ebitdaratio": 0.1259147111,
    "operatingIncome": 28100000,
    "operatingIncomeRatio": 0.0709058794,
    "totalOtherIncomeExpensesNet": -4600000,
    "incomeBeforeTax": 23500000,
    "incomeBeforeTaxRatio": 0.0592985112,
    "incomeTaxExpense": 8500000,
    "netIncome": 15000000,
    "netIncomeRatio": 0.0378501136,
    "eps": 0.12,
    "epsdiluted": 0.11,
    "weightedAverageShsOut": 130126582,
    "weightedAverageShsOutDil": 133506494,
    "link": "https://www.sec.gov/Archives/edgar/data/352915/000103605098000452/0001036050-98-000452-index.html",
    "finalLink": "https://www.sec.gov/Archives/edgar/data/352915/"
  },
  {
    "date": "1997-09-30",
    "symbol": "UHS",
    "reportedCurrency": "USD",
    "cik": "0000352915",
    "fillingDate": "1997-11-12",
    "acceptedDate": "1997-11-12 00:00:00",
    "calendarYear": "1997",
    "period": "Q3",
    "revenue": 362400000,
    "costOfRevenue": 147300000,
    "grossProfit": 204400000,
    "grossProfitRatio": 0.56401766,
    "researchAndDevelopmentExpenses": 0,
    "generalAndAdministrativeExpenses": 168600000,
    "sellingAndMarketingExpenses": 0,
    "sellingGeneralAndAdministrativeExpenses": 168600000,
    "otherExpenses": 20100000,
    "operatingExpenses": 178700000,
    "costAndExpenses": 336700000,
    "interestIncome": 0,
    "interestExpense": 4500000,
    "depreciationAndAmortization": 20100000,
    "ebitda": 45800000,
    "ebitdaratio": 0.1263796909,
    "operatingIncome": 25700000,
    "operatingIncomeRatio": 0.0709161148,
    "totalOtherIncomeExpensesNet": -3800000,
    "incomeBeforeTax": 21900000,
    "incomeBeforeTaxRatio": 0.0604304636,
    "incomeTaxExpense": 8100000,
    "netIncome": 13800000,
    "netIncomeRatio": 0.0380794702,
    "eps": 0.11,
    "epsdiluted": 0.11,
    "weightedAverageShsOut": 128372093,
    "weightedAverageShsOutDil": 131428571,
    "link": "https://www.sec.gov/Archives/edgar/data/352915/000089322097001797/0000893220-97-001797-index.html",
    "finalLink": "https://www.sec.gov/Archives/edgar/data/352915/"
  },
  {
    "date": "1997-06-30",
    "symbol": "UHS",
    "reportedCurrency": "USD",
    "cik": "0000352915",
    "fillingDate": "1997-08-12",
    "acceptedDate": "1997-08-12 00:00:00",
    "calendarYear": "1997",
    "period": "Q2",
    "revenue": 343800000,
    "costOfRevenue": 136300000,
    "grossProfit": 207400000,
    "grossProfitRatio": 0.603257708,
    "researchAndDevelopmentExpenses": 0,
    "generalAndAdministrativeExpenses": 155900000,
    "sellingAndMarketingExpenses": 0,
    "sellingGeneralAndAdministrativeExpenses": 155900000,
    "otherExpenses": 19800000,
    "operatingExpenses": 175700000,
    "costAndExpenses": 312100000,
    "interestIncome": 0,
    "interestExpense": 5300000,
    "depreciationAndAmortization": 19800000,
    "ebitda": 51500000,
    "ebitdaratio": 0.1497963933,
    "operatingIncome": 31700000,
    "operatingIncomeRatio": 0.0922047702,
    "totalOtherIncomeExpensesNet": -5200000,
    "incomeBeforeTax": 26500000,
    "incomeBeforeTaxRatio": 0.0770796975,
    "incomeTaxExpense": 9600000,
    "netIncome": 16900000,
    "netIncomeRatio": 0.0491564863,
    "eps": 0.13,
    "epsdiluted": 0.13,
    "weightedAverageShsOut": 130000000,
    "weightedAverageShsOutDil": 132549020,
    "link": "https://www.sec.gov/Archives/edgar/data/352915/000089322097001362/0000893220-97-001362-index.html",
    "finalLink": "https://www.sec.gov/Archives/edgar/data/352915/"
  },
  {
    "date": "1997-03-31",
    "symbol": "UHS",
    "reportedCurrency": "USD",
    "cik": "0000352915",
    "fillingDate": "1997-05-13",
    "acceptedDate": "1997-05-13 00:00:00",
    "calendarYear": "1997",
    "period": "Q1",
    "revenue": 340200000,
    "costOfRevenue": 129700000,
    "grossProfit": 210500000,
    "grossProfitRatio": 0.6187536743,
    "researchAndDevelopmentExpenses": 0,
    "generalAndAdministrativeExpenses": 152500000,
    "sellingAndMarketingExpenses": 0,
    "sellingGeneralAndAdministrativeExpenses": 152500000,
    "otherExpenses": 19000000,
    "operatingExpenses": 171500000,
    "costAndExpenses": 301200000,
    "interestIncome": 0,
    "interestExpense": 5000000,
    "depreciationAndAmortization": 19000000,
    "ebitda": 58000000,
    "ebitdaratio": 0.1704879483,
    "operatingIncome": 39000000,
    "operatingIncomeRatio": 0.114638448,
    "totalOtherIncomeExpensesNet": -5000000,
    "incomeBeforeTax": 34000000,
    "incomeBeforeTaxRatio": 0.0999412111,
    "incomeTaxExpense": 12500000,
    "netIncome": 21500000,
    "netIncomeRatio": 0.0631981188,
    "eps": 0.17,
    "epsdiluted": 0.16,
    "weightedAverageShsOut": 128358209,
    "weightedAverageShsOutDil": 132307692,
    "link": "https://www.sec.gov/Archives/edgar/data/352915/000089322097000936/0000893220-97-000936-index.html",
    "finalLink": "https://www.sec.gov/Archives/edgar/data/352915/"
  },
  {
    "date": "1996-12-31",
    "symbol": "UHS",
    "reportedCurrency": "USD",
    "cik": "0000352915",
    "fillingDate": "1997-03-27",
    "acceptedDate": "1997-03-27 00:00:00",
    "calendarYear": "1996",
    "period": "Q4",
    "revenue": 328100000,
    "costOfRevenue": 128000000,
    "grossProfit": 200100000,
    "grossProfitRatio": 0.6098750381,
    "researchAndDevelopmentExpenses": 0,
    "generalAndAdministrativeExpenses": 150300000,
    "sellingAndMarketingExpenses": 0,
    "sellingGeneralAndAdministrativeExpenses": 150300000,
    "otherExpenses": 21200000,
    "operatingExpenses": 171500000,
    "costAndExpenses": 299500000,
    "interestIncome": 0,
    "interestExpense": 9400000,
    "depreciationAndAmortization": 21200000,
    "ebitda": 49800000,
    "ebitdaratio": 0.151782993,
    "operatingIncome": 28600000,
    "operatingIncomeRatio": 0.0871685462,
    "totalOtherIncomeExpensesNet": -9400000,
    "incomeBeforeTax": 19200000,
    "incomeBeforeTaxRatio": 0.0585187443,
    "incomeTaxExpense": 7500000,
    "netIncome": 11700000,
    "netIncomeRatio": 0.0356598598,
    "eps": 0.091,
    "epsdiluted": 0.088,
    "weightedAverageShsOut": 128358209,
    "weightedAverageShsOutDil": 132307692,
    "link": "https://www.sec.gov/Archives/edgar/data/352915/000095010997002516/0000950109-97-002516-index.html",
    "finalLink": "https://www.sec.gov/Archives/edgar/data/352915/"
  },
  {
    "date": "1996-09-30",
    "symbol": "UHS",
    "reportedCurrency": "USD",
    "cik": "0000352915",
    "fillingDate": "1996-11-12",
    "acceptedDate": "1996-11-12 00:00:00",
    "calendarYear": "1996",
    "period": "Q3",
    "revenue": 303500000,
    "costOfRevenue": 118100000,
    "grossProfit": 181900000,
    "grossProfitRatio": 0.5993410214,
    "researchAndDevelopmentExpenses": 0,
    "generalAndAdministrativeExpenses": 143400000,
    "sellingAndMarketingExpenses": 0,
    "sellingGeneralAndAdministrativeExpenses": 143400000,
    "otherExpenses": 19200000,
    "operatingExpenses": 159100000,
    "costAndExpenses": 277200000,
    "interestIncome": 0,
    "interestExpense": 5200000,
    "depreciationAndAmortization": 19200000,
    "ebitda": 42000000,
    "ebitdaratio": 0.1383855025,
    "operatingIncome": 22800000,
    "operatingIncomeRatio": 0.0751235585,
    "totalOtherIncomeExpensesNet": -5300000,
    "incomeBeforeTax": 17500000,
    "incomeBeforeTaxRatio": 0.057660626,
    "incomeTaxExpense": 6200000,
    "netIncome": 11300000,
    "netIncomeRatio": 0.03723229,
    "eps": 0.085,
    "epsdiluted": 0.085,
    "weightedAverageShsOut": 132941176,
    "weightedAverageShsOutDil": 132941176,
    "link": "https://www.sec.gov/Archives/edgar/data/352915/000089322096001819/0000893220-96-001819-index.html",
    "finalLink": "https://www.sec.gov/Archives/edgar/data/352915/"
  },
  {
    "date": "1996-06-30",
    "symbol": "UHS",
    "reportedCurrency": "USD",
    "cik": "0000352915",
    "fillingDate": "1996-08-12",
    "acceptedDate": "1996-08-12 00:00:00",
    "calendarYear": "1996",
    "period": "Q2",
    "revenue": 287000000,
    "costOfRevenue": 109600000,
    "grossProfit": 172500000,
    "grossProfitRatio": 0.6010452962,
    "researchAndDevelopmentExpenses": 0,
    "generalAndAdministrativeExpenses": 135500000,
    "sellingAndMarketingExpenses": 0,
    "sellingGeneralAndAdministrativeExpenses": 135500000,
    "otherExpenses": 16700000,
    "operatingExpenses": 147300000,
    "costAndExpenses": 256900000,
    "interestIncome": 0,
    "interestExpense": 6100000,
    "depreciationAndAmortization": 16700000,
    "ebitda": 41900000,
    "ebitdaratio": 0.1459930314,
    "operatingIncome": 25200000,
    "operatingIncomeRatio": 0.087804878,
    "totalOtherIncomeExpensesNet": -6100000,
    "incomeBeforeTax": 19100000,
    "incomeBeforeTaxRatio": 0.0665505226,
    "incomeTaxExpense": 6900000,
    "netIncome": 12200000,
    "netIncomeRatio": 0.0425087108,
    "eps": 0.11,
    "epsdiluted": 0.11,
    "weightedAverageShsOut": 116190476,
    "weightedAverageShsOutDil": 116190476,
    "link": "https://www.sec.gov/Archives/edgar/data/352915/000089322096001330/0000893220-96-001330-index.html",
    "finalLink": "https://www.sec.gov/Archives/edgar/data/352915/"
  },
  {
    "date": "1996-03-31",
    "symbol": "UHS",
    "reportedCurrency": "USD",
    "cik": "0000352915",
    "fillingDate": "1996-05-13",
    "acceptedDate": "1996-05-13 00:00:00",
    "calendarYear": "1996",
    "period": "Q1",
    "revenue": 271600000,
    "costOfRevenue": 102300000,
    "grossProfit": 169300000,
    "grossProfitRatio": 0.6233431517,
    "researchAndDevelopmentExpenses": 0,
    "generalAndAdministrativeExpenses": 125700000,
    "sellingAndMarketingExpenses": 0,
    "sellingGeneralAndAdministrativeExpenses": 125700000,
    "otherExpenses": 14800000,
    "operatingExpenses": 140500000,
    "costAndExpenses": 242800000,
    "interestIncome": 0,
    "interestExpense": 4600000,
    "depreciationAndAmortization": 14800000,
    "ebitda": 43600000,
    "ebitdaratio": 0.1605301915,
    "operatingIncome": 28800000,
    "operatingIncomeRatio": 0.1060382916,
    "totalOtherIncomeExpensesNet": -4600000,
    "incomeBeforeTax": 24200000,
    "incomeBeforeTaxRatio": 0.08910162,
    "incomeTaxExpense": 8700000,
    "netIncome": 15500000,
    "netIncomeRatio": 0.0570692194,
    "eps": 0.14,
    "epsdiluted": 0.14,
    "weightedAverageShsOut": 110714286,
    "weightedAverageShsOutDil": 114814815,
    "link": "https://www.sec.gov/Archives/edgar/data/352915/000089322096000768/0000893220-96-000768-index.html",
    "finalLink": "https://www.sec.gov/Archives/edgar/data/352915/"
  },
  {
    "date": "1995-12-31",
    "symbol": "UHS",
    "reportedCurrency": "USD",
    "cik": "0000352915",
    "fillingDate": "1996-03-28",
    "acceptedDate": "1996-03-28 00:00:00",
    "calendarYear": "1995",
    "period": "Q4",
    "revenue": 262100000,
    "costOfRevenue": 100400000,
    "grossProfit": 161700000,
    "grossProfitRatio": 0.6169400992,
    "researchAndDevelopmentExpenses": 0,
    "generalAndAdministrativeExpenses": 122200000,
    "sellingAndMarketingExpenses": 0,
    "sellingGeneralAndAdministrativeExpenses": 122200000,
    "otherExpenses": 15100000,
    "operatingExpenses": 137300000,
    "costAndExpenses": 237700000,
    "interestIncome": 0,
    "interestExpense": 16500000,
    "depreciationAndAmortization": 15100000,
    "ebitda": 39500000,
    "ebitdaratio": 0.1507058375,
    "operatingIncome": 24400000,
    "operatingIncomeRatio": 0.0930942388,
    "totalOtherIncomeExpensesNet": -16500000,
    "incomeBeforeTax": 7900000,
    "incomeBeforeTaxRatio": 0.0301411675,
    "incomeTaxExpense": 1000000,
    "netIncome": 6900000,
    "netIncomeRatio": 0.0263258298,
    "eps": 0.062,
    "epsdiluted": 0.06,
    "weightedAverageShsOut": 110714286,
    "weightedAverageShsOutDil": 114814815,
    "link": "https://www.sec.gov/Archives/edgar/data/352915/000089322096000494/0000893220-96-000494-index.html",
    "finalLink": "https://www.sec.gov/Archives/edgar/data/352915/"
  },
  {
    "date": "1995-09-30",
    "symbol": "UHS",
    "reportedCurrency": "USD",
    "cik": "0000352915",
    "fillingDate": "1995-11-13",
    "acceptedDate": "1995-11-13 00:00:00",
    "calendarYear": "1995",
    "period": "Q3",
    "revenue": 234100000,
    "costOfRevenue": 92000000,
    "grossProfit": 142100000,
    "grossProfitRatio": 0.6070055532,
    "researchAndDevelopmentExpenses": 0,
    "generalAndAdministrativeExpenses": 114200000,
    "sellingAndMarketingExpenses": 0,
    "sellingGeneralAndAdministrativeExpenses": 114200000,
    "otherExpenses": 13300000,
    "operatingExpenses": 127500000,
    "costAndExpenses": 219500000,
    "interestIncome": 0,
    "interestExpense": 3400000,
    "depreciationAndAmortization": 13200000,
    "ebitda": 27900000,
    "ebitdaratio": 0.1191798377,
    "operatingIncome": 14600000,
    "operatingIncomeRatio": 0.06236651,
    "totalOtherIncomeExpensesNet": -3300000,
    "incomeBeforeTax": 11300000,
    "incomeBeforeTaxRatio": 0.0482699701,
    "incomeTaxExpense": 4100000,
    "netIncome": 7200000,
    "netIncomeRatio": 0.0307560871,
    "eps": 0.065,
    "epsdiluted": 0.065,
    "weightedAverageShsOut": 110769231,
    "weightedAverageShsOutDil": 110769231,
    "link": "https://www.sec.gov/Archives/edgar/data/352915/000089322095000747/0000893220-95-000747-index.html",
    "finalLink": "https://www.sec.gov/Archives/edgar/data/352915/"
  }
]