[
  {
    "date": "2025-06-30",
    "symbol": "UNH",
    "reportedCurrency": "USD",
    "cik": "0000731766",
    "fillingDate": "2025-08-11",
    "acceptedDate": "2025-08-11 16:20:29",
    "calendarYear": "2025",
    "period": "Q2",
    "revenue": 111616000000,
    "costOfRevenue": 91604000000,
    "grossProfit": 20012000000,
    "grossProfitRatio": 0.1792932913,
    "researchAndDevelopmentExpenses": 0,
    "generalAndAdministrativeExpenses": 0,
    "sellingAndMarketingExpenses": 0,
    "sellingGeneralAndAdministrativeExpenses": 0,
    "otherExpenses": 14862000000,
    "operatingExpenses": 14862000000,
    "costAndExpenses": 106466000000,
    "interestIncome": 0,
    "interestExpense": 1027000000,
    "depreciationAndAmortization": 1084000000,
    "ebitda": 6193000000,
    "ebitdaratio": 0.0554848767,
    "operatingIncome": 5150000000,
    "operatingIncomeRatio": 0.0461403383,
    "totalOtherIncomeExpensesNet": -1068000000,
    "incomeBeforeTax": 4082000000,
    "incomeBeforeTaxRatio": 0.0365718177,
    "incomeTaxExpense": 510000000,
    "netIncome": 3406000000,
    "netIncomeRatio": 0.0305153383,
    "eps": 3.74,
    "epsdiluted": 3.74,
    "weightedAverageShsOut": 910000000,
    "weightedAverageShsOutDil": 910000000,
    "link": "https://www.sec.gov/Archives/edgar/data/731766/000073176625000236/0000731766-25-000236-index.htm",
    "finalLink": "https://www.sec.gov/Archives/edgar/data/731766/000073176625000236/unh-20250630.htm"
  },
  {
    "date": "2025-03-31",
    "symbol": "UNH",
    "reportedCurrency": "USD",
    "cik": "0000731766",
    "fillingDate": "2025-05-07",
    "acceptedDate": "2025-05-06 18:44:00",
    "calendarYear": "2025",
    "period": "Q1",
    "revenue": 109575000000,
    "costOfRevenue": 85801000000,
    "grossProfit": 23774000000,
    "grossProfitRatio": 0.2169655487,
    "researchAndDevelopmentExpenses": 0,
    "generalAndAdministrativeExpenses": 0,
    "sellingAndMarketingExpenses": 0,
    "sellingGeneralAndAdministrativeExpenses": 0,
    "otherExpenses": 14655000000,
    "operatingExpenses": 14655000000,
    "costAndExpenses": 100456000000,
    "interestIncome": 0,
    "interestExpense": 998000000,
    "depreciationAndAmortization": 1061000000,
    "ebitda": 10165000000,
    "ebitdaratio": 0.0927675108,
    "operatingIncome": 9119000000,
    "operatingIncomeRatio": 0.0832215378,
    "totalOtherIncomeExpensesNet": -1013000000,
    "incomeBeforeTax": 8106000000,
    "incomeBeforeTaxRatio": 0.0739767283,
    "incomeTaxExpense": 1632000000,
    "netIncome": 6292000000,
    "netIncomeRatio": 0.0574218572,
    "eps": 6.91,
    "epsdiluted": 6.85,
    "weightedAverageShsOut": 918000000,
    "weightedAverageShsOutDil": 918000000,
    "link": "https://www.sec.gov/Archives/edgar/data/731766/000073176625000131/0000731766-25-000131-index.htm",
    "finalLink": "https://www.sec.gov/Archives/edgar/data/731766/000073176625000131/unh-20250331.htm"
  },
  {
    "date": "2024-12-31",
    "symbol": "UNH",
    "reportedCurrency": "USD",
    "cik": "0000731766",
    "fillingDate": "2025-02-27",
    "acceptedDate": "2025-02-27 17:16:21",
    "calendarYear": "2024",
    "period": "Q4",
    "revenue": 100807000000,
    "costOfRevenue": 79499000000,
    "grossProfit": 21308000000,
    "grossProfitRatio": 0.2113742101,
    "researchAndDevelopmentExpenses": 0,
    "generalAndAdministrativeExpenses": 0,
    "sellingAndMarketingExpenses": 0,
    "sellingGeneralAndAdministrativeExpenses": 0,
    "otherExpenses": 13535000000,
    "operatingExpenses": 13535000000,
    "costAndExpenses": 93034000000,
    "interestIncome": 0,
    "interestExpense": 1003000000,
    "depreciationAndAmortization": 1041000000,
    "ebitda": 8835000000,
    "ebitdaratio": 0.0876427232,
    "operatingIncome": 7773000000,
    "operatingIncomeRatio": 0.0771077405,
    "totalOtherIncomeExpensesNet": -982000000,
    "incomeBeforeTax": 6791000000,
    "incomeBeforeTaxRatio": 0.0673663535,
    "incomeTaxExpense": 1007000000,
    "netIncome": 5543000000,
    "netIncomeRatio": 0.0549862609,
    "eps": 5.98,
    "epsdiluted": 5.98,
    "weightedAverageShsOut": 927000000,
    "weightedAverageShsOutDil": 927000000,
    "link": "https://www.sec.gov/Archives/edgar/data/731766/000073176625000063/0000731766-25-000063-index.htm",
    "finalLink": "https://www.sec.gov/Archives/edgar/data/731766/000073176625000063/unh-20241231.htm"
  },
  {
    "date": "2024-09-30",
    "symbol": "UNH",
    "reportedCurrency": "USD",
    "cik": "0000731766",
    "fillingDate": "2024-11-04",
    "acceptedDate": "2024-11-04 16:22:23",
    "calendarYear": "2024",
    "period": "Q3",
    "revenue": 100820000000,
    "costOfRevenue": 77791000000,
    "grossProfit": 23029000000,
    "grossProfitRatio": 0.2284169808,
    "researchAndDevelopmentExpenses": 0,
    "generalAndAdministrativeExpenses": 0,
    "sellingAndMarketingExpenses": 0,
    "sellingGeneralAndAdministrativeExpenses": 0,
    "otherExpenses": 14321000000,
    "operatingExpenses": 14321000000,
    "costAndExpenses": 92112000000,
    "interestIncome": 0,
    "interestExpense": 1074000000,
    "depreciationAndAmortization": 1041000000,
    "ebitda": 9729000000,
    "ebitdaratio": 0.0964987106,
    "operatingIncome": 8708000000,
    "operatingIncomeRatio": 0.0863717516,
    "totalOtherIncomeExpensesNet": -1094000000,
    "incomeBeforeTax": 7614000000,
    "incomeBeforeTaxRatio": 0.07552073,
    "incomeTaxExpense": 1356000000,
    "netIncome": 6055000000,
    "netIncomeRatio": 0.0600575283,
    "eps": 6.56,
    "epsdiluted": 6.51,
    "weightedAverageShsOut": 923000000,
    "weightedAverageShsOutDil": 930000000,
    "link": "https://www.sec.gov/Archives/edgar/data/731766/000073176624000323/0000731766-24-000323-index.htm",
    "finalLink": "https://www.sec.gov/Archives/edgar/data/731766/000073176624000323/unh-20240930.htm"
  },
  {
    "date": "2024-06-30",
    "symbol": "UNH",
    "reportedCurrency": "USD",
    "cik": "0000731766",
    "fillingDate": "2024-08-09",
    "acceptedDate": "2024-08-09 16:10:48",
    "calendarYear": "2024",
    "period": "Q2",
    "revenue": 98855000000,
    "costOfRevenue": 76798000000,
    "grossProfit": 22057000000,
    "grossProfitRatio": 0.2231247787,
    "researchAndDevelopmentExpenses": 0,
    "generalAndAdministrativeExpenses": 0,
    "sellingAndMarketingExpenses": 0,
    "sellingGeneralAndAdministrativeExpenses": 0,
    "otherExpenses": 14182000000,
    "operatingExpenses": 14182000000,
    "costAndExpenses": 90980000000,
    "interestIncome": 0,
    "interestExpense": 985000000,
    "depreciationAndAmortization": 1020000000,
    "ebitda": 7670000000,
    "ebitdaratio": 0.077588387,
    "operatingIncome": 7875000000,
    "operatingIncomeRatio": 0.0796621314,
    "totalOtherIncomeExpensesNet": -2210000000,
    "incomeBeforeTax": 5665000000,
    "incomeBeforeTaxRatio": 0.0573061555,
    "incomeTaxExpense": 1244000000,
    "netIncome": 4216000000,
    "netIncomeRatio": 0.0426483233,
    "eps": 4.58,
    "epsdiluted": 4.54,
    "weightedAverageShsOut": 921000000,
    "weightedAverageShsOutDil": 928000000,
    "link": "https://www.sec.gov/Archives/edgar/data/731766/000073176624000262/0000731766-24-000262-index.htm",
    "finalLink": "https://www.sec.gov/Archives/edgar/data/731766/000073176624000262/unh-20240630.htm"
  },
  {
    "date": "2024-03-31",
    "symbol": "UNH",
    "reportedCurrency": "USD",
    "cik": "0000731766",
    "fillingDate": "2024-05-09",
    "acceptedDate": "2024-05-08 18:57:43",
    "calendarYear": "2024",
    "period": "Q1",
    "revenue": 99796000000,
    "costOfRevenue": 76791000000,
    "grossProfit": 23005000000,
    "grossProfitRatio": 0.2305202613,
    "researchAndDevelopmentExpenses": 0,
    "generalAndAdministrativeExpenses": 0,
    "sellingAndMarketingExpenses": 0,
    "sellingGeneralAndAdministrativeExpenses": 0,
    "otherExpenses": 15074000000,
    "operatingExpenses": 15074000000,
    "costAndExpenses": 91865000000,
    "interestIncome": 0,
    "interestExpense": 844000000,
    "depreciationAndAmortization": 997000000,
    "ebitda": 1842000000,
    "ebitdaratio": 0.0184576536,
    "operatingIncome": 7931000000,
    "operatingIncomeRatio": 0.0794721231,
    "totalOtherIncomeExpensesNet": -7930000000,
    "incomeBeforeTax": 1000000,
    "incomeBeforeTaxRatio": 0.0000100204,
    "incomeTaxExpense": 1222000000,
    "netIncome": -1409000000,
    "netIncomeRatio": -0.0141188024,
    "eps": -1.53,
    "epsdiluted": -1.53,
    "weightedAverageShsOut": 920000000,
    "weightedAverageShsOutDil": 922000000,
    "link": "https://www.sec.gov/Archives/edgar/data/731766/000073176624000155/0000731766-24-000155-index.htm",
    "finalLink": "https://www.sec.gov/Archives/edgar/data/731766/000073176624000155/unh-20240331.htm"
  },
  {
    "date": "2023-12-31",
    "symbol": "UNH",
    "reportedCurrency": "USD",
    "cik": "0000731766",
    "fillingDate": "2023-12-31",
    "acceptedDate": "2023-12-29 19:00:00",
    "calendarYear": "2023",
    "period": "Q4",
    "revenue": 94427000000,
    "costOfRevenue": 72425000000,
    "grossProfit": 22002000000,
    "grossProfitRatio": 0.2330053904,
    "researchAndDevelopmentExpenses": 0,
    "generalAndAdministrativeExpenses": 0,
    "sellingAndMarketingExpenses": 0,
    "sellingGeneralAndAdministrativeExpenses": 0,
    "otherExpenses": 14313000000,
    "operatingExpenses": 14313000000,
    "costAndExpenses": 86738000000,
    "interestIncome": 0,
    "interestExpense": 830000000,
    "depreciationAndAmortization": 974000000,
    "ebitda": 8663000000,
    "ebitdaratio": 0.0917428278,
    "operatingIncome": 7689000000,
    "operatingIncomeRatio": 0.0814279814,
    "totalOtherIncomeExpensesNet": -830000000,
    "incomeBeforeTax": 6859000000,
    "incomeBeforeTaxRatio": 0.0726381226,
    "incomeTaxExpense": 1184000000,
    "netIncome": 5455000000,
    "netIncomeRatio": 0.0577694939,
    "eps": 5.9,
    "epsdiluted": 5.83,
    "weightedAverageShsOut": 924000000,
    "weightedAverageShsOutDil": 935000000,
    "link": "https://www.sec.gov/Archives/edgar/data/731766/000073176624000081/0000731766-24-000081-index.html",
    "finalLink": "https://www.sec.gov/Archives/edgar/data/731766/000073176624000081/unh-20231231.htm"
  },
  {
    "date": "2023-09-30",
    "symbol": "UNH",
    "reportedCurrency": "USD",
    "cik": "0000731766",
    "fillingDate": "2023-11-06",
    "acceptedDate": "2023-11-06 16:05:14",
    "calendarYear": "2023",
    "period": "Q3",
    "revenue": 92361000000,
    "costOfRevenue": 68973000000,
    "grossProfit": 23388000000,
    "grossProfitRatio": 0.2532237633,
    "researchAndDevelopmentExpenses": 0,
    "generalAndAdministrativeExpenses": 0,
    "sellingAndMarketingExpenses": 0,
    "sellingGeneralAndAdministrativeExpenses": 0,
    "otherExpenses": 14862000000,
    "operatingExpenses": 14862000000,
    "costAndExpenses": 83835000000,
    "interestIncome": 0,
    "interestExpense": 834000000,
    "depreciationAndAmortization": 1007000000,
    "ebitda": 9533000000,
    "ebitdaratio": 0.1032145603,
    "operatingIncome": 8526000000,
    "operatingIncomeRatio": 0.09231169,
    "totalOtherIncomeExpensesNet": -834000000,
    "incomeBeforeTax": 7692000000,
    "incomeBeforeTaxRatio": 0.0832819047,
    "incomeTaxExpense": 1654000000,
    "netIncome": 5841000000,
    "netIncomeRatio": 0.0632409783,
    "eps": 6.31,
    "epsdiluted": 6.24,
    "weightedAverageShsOut": 926000000,
    "weightedAverageShsOutDil": 936000000,
    "link": "https://www.sec.gov/Archives/edgar/data/731766/000073176623000064/0000731766-23-000064-index.htm",
    "finalLink": "https://www.sec.gov/Archives/edgar/data/731766/000073176623000064/unh-20230930.htm"
  },
  {
    "date": "2023-06-30",
    "symbol": "UNH",
    "reportedCurrency": "USD",
    "cik": "0000731766",
    "fillingDate": "2023-08-02",
    "acceptedDate": "2023-08-02 16:21:04",
    "calendarYear": "2023",
    "period": "Q2",
    "revenue": 92903000000,
    "costOfRevenue": 70016000000,
    "grossProfit": 22887000000,
    "grossProfitRatio": 0.2463537238,
    "researchAndDevelopmentExpenses": 0,
    "generalAndAdministrativeExpenses": 0,
    "sellingAndMarketingExpenses": 0,
    "sellingGeneralAndAdministrativeExpenses": 0,
    "otherExpenses": 14830000000,
    "operatingExpenses": 14830000000,
    "costAndExpenses": 84846000000,
    "interestIncome": 0,
    "interestExpense": 828000000,
    "depreciationAndAmortization": 1021000000,
    "ebitda": 9078000000,
    "ebitdaratio": 0.0977148208,
    "operatingIncome": 8057000000,
    "operatingIncomeRatio": 0.0867248636,
    "totalOtherIncomeExpensesNet": -828000000,
    "incomeBeforeTax": 7229000000,
    "incomeBeforeTaxRatio": 0.0778123419,
    "incomeTaxExpense": 1572000000,
    "netIncome": 5474000000,
    "netIncomeRatio": 0.058921671,
    "eps": 5.89,
    "epsdiluted": 5.82,
    "weightedAverageShsOut": 930000000,
    "weightedAverageShsOutDil": 940000000,
    "link": "https://www.sec.gov/Archives/edgar/data/731766/000073176623000053/0000731766-23-000053-index.htm",
    "finalLink": "https://www.sec.gov/Archives/edgar/data/731766/000073176623000053/unh-20230630.htm"
  },
  {
    "date": "2023-03-31",
    "symbol": "UNH",
    "reportedCurrency": "USD",
    "cik": "0000731766",
    "fillingDate": "2023-05-03",
    "acceptedDate": "2023-05-03 16:05:05",
    "calendarYear": "2023",
    "period": "Q1",
    "revenue": 91931000000,
    "costOfRevenue": 69250000000,
    "grossProfit": 22681000000,
    "grossProfitRatio": 0.2467176469,
    "researchAndDevelopmentExpenses": 0,
    "generalAndAdministrativeExpenses": 0,
    "sellingAndMarketingExpenses": 0,
    "sellingGeneralAndAdministrativeExpenses": 0,
    "otherExpenses": 14595000000,
    "operatingExpenses": 14595000000,
    "costAndExpenses": 83845000000,
    "interestIncome": 0,
    "interestExpense": 754000000,
    "depreciationAndAmortization": 970000000,
    "ebitda": 9056000000,
    "ebitdaratio": 0.0985086641,
    "operatingIncome": 8086000000,
    "operatingIncomeRatio": 0.0879572723,
    "totalOtherIncomeExpensesNet": -754000000,
    "incomeBeforeTax": 7332000000,
    "incomeBeforeTaxRatio": 0.0797554688,
    "incomeTaxExpense": 1558000000,
    "netIncome": 5611000000,
    "netIncomeRatio": 0.0610349066,
    "eps": 6.02,
    "epsdiluted": 5.95,
    "weightedAverageShsOut": 932000000,
    "weightedAverageShsOutDil": 943000000,
    "link": "https://www.sec.gov/Archives/edgar/data/731766/000073176623000029/0000731766-23-000029-index.htm",
    "finalLink": "https://www.sec.gov/Archives/edgar/data/731766/000073176623000029/unh-20230331.htm"
  },
  {
    "date": "2022-12-31",
    "symbol": "UNH",
    "reportedCurrency": "USD",
    "cik": "0000731766",
    "fillingDate": "2023-02-24",
    "acceptedDate": "2023-02-24 17:28:40",
    "calendarYear": "2022",
    "period": "Q4",
    "revenue": 82787000000,
    "costOfRevenue": 61905000000,
    "grossProfit": 20882000000,
    "grossProfitRatio": 0.2522376702,
    "researchAndDevelopmentExpenses": 0,
    "generalAndAdministrativeExpenses": 0,
    "sellingAndMarketingExpenses": 0,
    "sellingGeneralAndAdministrativeExpenses": 0,
    "otherExpenses": 13991000000,
    "operatingExpenses": 13991000000,
    "costAndExpenses": 75896000000,
    "interestIncome": 0,
    "interestExpense": 676000000,
    "depreciationAndAmortization": 982000000,
    "ebitda": 7873000000,
    "ebitdaratio": 0.0950994721,
    "operatingIncome": 6891000000,
    "operatingIncomeRatio": 0.0832377064,
    "totalOtherIncomeExpensesNet": -676000000,
    "incomeBeforeTax": 6215000000,
    "incomeBeforeTaxRatio": 0.0750721732,
    "incomeTaxExpense": 1307000000,
    "netIncome": 4761000000,
    "netIncomeRatio": 0.0575090292,
    "eps": 5.1,
    "epsdiluted": 5.03,
    "weightedAverageShsOut": 934000000,
    "weightedAverageShsOutDil": 947000000,
    "link": "https://www.sec.gov/Archives/edgar/data/731766/000073176623000008/0000731766-23-000008-index.htm",
    "finalLink": "https://www.sec.gov/Archives/edgar/data/731766/000073176623000008/unh-20221231.htm"
  },
  {
    "date": "2022-09-30",
    "symbol": "UNH",
    "reportedCurrency": "USD",
    "cik": "0000731766",
    "fillingDate": "2022-11-02",
    "acceptedDate": "2022-11-02 16:08:29",
    "calendarYear": "2022",
    "period": "Q3",
    "revenue": 80894000000,
    "costOfRevenue": 60941000000,
    "grossProfit": 19953000000,
    "grossProfitRatio": 0.2466561179,
    "researchAndDevelopmentExpenses": 0,
    "generalAndAdministrativeExpenses": 0,
    "sellingAndMarketingExpenses": 0,
    "sellingGeneralAndAdministrativeExpenses": 0,
    "otherExpenses": 12491000000,
    "operatingExpenses": 12491000000,
    "costAndExpenses": 73432000000,
    "interestIncome": 0,
    "interestExpense": 516000000,
    "depreciationAndAmortization": 828000000,
    "ebitda": 8290000000,
    "ebitdaratio": 0.1024797884,
    "operatingIncome": 7462000000,
    "operatingIncomeRatio": 0.0922441714,
    "totalOtherIncomeExpensesNet": -516000000,
    "incomeBeforeTax": 6946000000,
    "incomeBeforeTaxRatio": 0.0858654536,
    "incomeTaxExpense": 1562000000,
    "netIncome": 5262000000,
    "netIncomeRatio": 0.0650480876,
    "eps": 5.63,
    "epsdiluted": 5.55,
    "weightedAverageShsOut": 935000000,
    "weightedAverageShsOutDil": 948000000,
    "link": "https://www.sec.gov/Archives/edgar/data/731766/000073176622000044/0000731766-22-000044-index.htm",
    "finalLink": "https://www.sec.gov/Archives/edgar/data/731766/000073176622000044/unh-20220930.htm"
  },
  {
    "date": "2022-06-30",
    "symbol": "UNH",
    "reportedCurrency": "USD",
    "cik": "0000731766",
    "fillingDate": "2022-08-03",
    "acceptedDate": "2022-08-03 16:06:54",
    "calendarYear": "2022",
    "period": "Q2",
    "revenue": 80332000000,
    "costOfRevenue": 60689000000,
    "grossProfit": 19643000000,
    "grossProfitRatio": 0.2445227307,
    "researchAndDevelopmentExpenses": 0,
    "generalAndAdministrativeExpenses": 0,
    "sellingAndMarketingExpenses": 0,
    "sellingGeneralAndAdministrativeExpenses": 0,
    "otherExpenses": 12511000000,
    "operatingExpenses": 12511000000,
    "costAndExpenses": 73200000000,
    "interestIncome": 0,
    "interestExpense": 467000000,
    "depreciationAndAmortization": 802000000,
    "ebitda": 7934000000,
    "ebitdaratio": 0.0987651247,
    "operatingIncome": 7132000000,
    "operatingIncomeRatio": 0.0887815565,
    "totalOtherIncomeExpensesNet": -467000000,
    "incomeBeforeTax": 6665000000,
    "incomeBeforeTaxRatio": 0.082968182,
    "incomeTaxExpense": 1466000000,
    "netIncome": 5070000000,
    "netIncomeRatio": 0.0631130807,
    "eps": 5.42,
    "epsdiluted": 5.34,
    "weightedAverageShsOut": 935000000,
    "weightedAverageShsOutDil": 950000000,
    "link": "https://www.sec.gov/Archives/edgar/data/731766/000073176622000036/0000731766-22-000036-index.htm",
    "finalLink": "https://www.sec.gov/Archives/edgar/data/731766/000073176622000036/unh-20220630.htm"
  },
  {
    "date": "2022-03-31",
    "symbol": "UNH",
    "reportedCurrency": "USD",
    "cik": "0000731766",
    "fillingDate": "2022-05-04",
    "acceptedDate": "2022-05-04 16:46:28",
    "calendarYear": "2022",
    "period": "Q1",
    "revenue": 80149000000,
    "costOfRevenue": 61010000000,
    "grossProfit": 19139000000,
    "grossProfitRatio": 0.2387927485,
    "researchAndDevelopmentExpenses": 0,
    "generalAndAdministrativeExpenses": 0,
    "sellingAndMarketingExpenses": 0,
    "sellingGeneralAndAdministrativeExpenses": 0,
    "otherExpenses": 12189000000,
    "operatingExpenses": 12189000000,
    "costAndExpenses": 73199000000,
    "interestIncome": 0,
    "interestExpense": 433000000,
    "depreciationAndAmortization": 788000000,
    "ebitda": 7738000000,
    "ebitdaratio": 0.0965451846,
    "operatingIncome": 6950000000,
    "operatingIncomeRatio": 0.0867134961,
    "totalOtherIncomeExpensesNet": -433000000,
    "incomeBeforeTax": 6517000000,
    "incomeBeforeTaxRatio": 0.0813110582,
    "incomeTaxExpense": 1369000000,
    "netIncome": 5027000000,
    "netIncomeRatio": 0.0627206827,
    "eps": 5.35,
    "epsdiluted": 5.27,
    "weightedAverageShsOut": 939000000,
    "weightedAverageShsOutDil": 954000000,
    "link": "https://www.sec.gov/Archives/edgar/data/731766/000073176622000019/0000731766-22-000019-index.htm",
    "finalLink": "https://www.sec.gov/Archives/edgar/data/731766/000073176622000019/unh-20220331.htm"
  },
  {
    "date": "2021-12-31",
    "symbol": "UNH",
    "reportedCurrency": "USD",
    "cik": "0000731766",
    "fillingDate": "2022-02-15",
    "acceptedDate": "2022-02-15 16:50:18",
    "calendarYear": "2021",
    "period": "Q4",
    "revenue": 73743000000,
    "costOfRevenue": 56159000000,
    "grossProfit": 17584000000,
    "grossProfitRatio": 0.2384497512,
    "researchAndDevelopmentExpenses": 0,
    "generalAndAdministrativeExpenses": 0,
    "sellingAndMarketingExpenses": 0,
    "sellingGeneralAndAdministrativeExpenses": 0,
    "otherExpenses": 12043000000,
    "operatingExpenses": 12043000000,
    "costAndExpenses": 68202000000,
    "interestIncome": 0,
    "interestExpense": 431000000,
    "depreciationAndAmortization": 771000000,
    "ebitda": 6312000000,
    "ebitdaratio": 0.0855945649,
    "operatingIncome": 5541000000,
    "operatingIncomeRatio": 0.0751393353,
    "totalOtherIncomeExpensesNet": -431000000,
    "incomeBeforeTax": 5110000000,
    "incomeBeforeTaxRatio": 0.0692947127,
    "incomeTaxExpense": 919000000,
    "netIncome": 4071000000,
    "netIncomeRatio": 0.0552052398,
    "eps": 4.33,
    "epsdiluted": 4.26,
    "weightedAverageShsOut": 941000000,
    "weightedAverageShsOutDil": 955000000,
    "link": "https://www.sec.gov/Archives/edgar/data/731766/000073176622000008/0000731766-22-000008-index.htm",
    "finalLink": "https://www.sec.gov/Archives/edgar/data/731766/000073176622000008/unh-20211231.htm"
  },
  {
    "date": "2021-09-30",
    "symbol": "UNH",
    "reportedCurrency": "USD",
    "cik": "0000731766",
    "fillingDate": "2021-11-03",
    "acceptedDate": "2021-11-03 16:14:36",
    "calendarYear": "2021",
    "period": "Q3",
    "revenue": 72337000000,
    "costOfRevenue": 55104000000,
    "grossProfit": 17233000000,
    "grossProfitRatio": 0.2382321633,
    "researchAndDevelopmentExpenses": 0,
    "generalAndAdministrativeExpenses": 0,
    "sellingAndMarketingExpenses": 0,
    "sellingGeneralAndAdministrativeExpenses": 0,
    "otherExpenses": 11521000000,
    "operatingExpenses": 11521000000,
    "costAndExpenses": 66625000000,
    "interestIncome": 0,
    "interestExpense": 422000000,
    "depreciationAndAmortization": 796000000,
    "ebitda": 6508000000,
    "ebitdaratio": 0.0899677897,
    "operatingIncome": 5712000000,
    "operatingIncomeRatio": 0.0789637392,
    "totalOtherIncomeExpensesNet": -422000000,
    "incomeBeforeTax": 5290000000,
    "incomeBeforeTaxRatio": 0.0731299335,
    "incomeTaxExpense": 1099000000,
    "netIncome": 4086000000,
    "netIncomeRatio": 0.0564856159,
    "eps": 4.34,
    "epsdiluted": 4.28,
    "weightedAverageShsOut": 942000000,
    "weightedAverageShsOutDil": 955000000,
    "link": "https://www.sec.gov/Archives/edgar/data/731766/000073176621000051/0000731766-21-000051-index.htm",
    "finalLink": "https://www.sec.gov/Archives/edgar/data/731766/000073176621000051/unh-20210930.htm"
  },
  {
    "date": "2021-06-30",
    "symbol": "UNH",
    "reportedCurrency": "USD",
    "cik": "0000731766",
    "fillingDate": "2021-08-03",
    "acceptedDate": "2021-08-03 17:02:20",
    "calendarYear": "2021",
    "period": "Q2",
    "revenue": 71321000000,
    "costOfRevenue": 54206000000,
    "grossProfit": 17115000000,
    "grossProfitRatio": 0.2399713969,
    "researchAndDevelopmentExpenses": 0,
    "generalAndAdministrativeExpenses": 0,
    "sellingAndMarketingExpenses": 0,
    "sellingGeneralAndAdministrativeExpenses": 0,
    "otherExpenses": 11137000000,
    "operatingExpenses": 11137000000,
    "costAndExpenses": 65343000000,
    "interestIncome": 0,
    "interestExpense": 410000000,
    "depreciationAndAmortization": 778000000,
    "ebitda": 6756000000,
    "ebitdaratio": 0.0947266583,
    "operatingIncome": 5978000000,
    "operatingIncomeRatio": 0.0838182303,
    "totalOtherIncomeExpensesNet": -410000000,
    "incomeBeforeTax": 5568000000,
    "incomeBeforeTaxRatio": 0.0780695728,
    "incomeTaxExpense": 1196000000,
    "netIncome": 4266000000,
    "netIncomeRatio": 0.05981408,
    "eps": 4.52,
    "epsdiluted": 4.46,
    "weightedAverageShsOut": 943000000,
    "weightedAverageShsOutDil": 956000000,
    "link": "https://www.sec.gov/Archives/edgar/data/731766/000073176621000037/0000731766-21-000037-index.htm",
    "finalLink": "https://www.sec.gov/Archives/edgar/data/731766/000073176621000037/unh-20210630.htm"
  },
  {
    "date": "2021-03-31",
    "symbol": "UNH",
    "reportedCurrency": "USD",
    "cik": "0000731766",
    "fillingDate": "2021-05-05",
    "acceptedDate": "2021-05-05 17:17:06",
    "calendarYear": "2021",
    "period": "Q1",
    "revenue": 70196000000,
    "costOfRevenue": 52476000000,
    "grossProfit": 17720000000,
    "grossProfitRatio": 0.2524360362,
    "researchAndDevelopmentExpenses": 0,
    "generalAndAdministrativeExpenses": 0,
    "sellingAndMarketingExpenses": 0,
    "sellingGeneralAndAdministrativeExpenses": 0,
    "otherExpenses": 10981000000,
    "operatingExpenses": 10981000000,
    "costAndExpenses": 63457000000,
    "interestIncome": 0,
    "interestExpense": 397000000,
    "depreciationAndAmortization": 758000000,
    "ebitda": 7497000000,
    "ebitdaratio": 0.1068009573,
    "operatingIncome": 6739000000,
    "operatingIncomeRatio": 0.0960026212,
    "totalOtherIncomeExpensesNet": -397000000,
    "incomeBeforeTax": 6342000000,
    "incomeBeforeTaxRatio": 0.0903470283,
    "incomeTaxExpense": 1364000000,
    "netIncome": 4862000000,
    "netIncomeRatio": 0.0692632059,
    "eps": 5.15,
    "epsdiluted": 5.08,
    "weightedAverageShsOut": 944000000,
    "weightedAverageShsOutDil": 957000000,
    "link": "https://www.sec.gov/Archives/edgar/data/731766/000073176621000021/0000731766-21-000021-index.htm",
    "finalLink": "https://www.sec.gov/Archives/edgar/data/731766/000073176621000021/unh-20210331.htm"
  },
  {
    "date": "2020-12-31",
    "symbol": "UNH",
    "reportedCurrency": "USD",
    "cik": "0000731766",
    "fillingDate": "2021-03-01",
    "acceptedDate": "2021-03-01 16:02:27",
    "calendarYear": "2020",
    "period": "Q4",
    "revenue": 65467000000,
    "costOfRevenue": 49704000000,
    "grossProfit": 15763000000,
    "grossProfitRatio": 0.2407777964,
    "researchAndDevelopmentExpenses": 0,
    "generalAndAdministrativeExpenses": 0,
    "sellingAndMarketingExpenses": 0,
    "sellingGeneralAndAdministrativeExpenses": 0,
    "otherExpenses": 12246000000,
    "operatingExpenses": 12246000000,
    "costAndExpenses": 61950000000,
    "interestIncome": 0,
    "interestExpense": 401000000,
    "depreciationAndAmortization": 732000000,
    "ebitda": 4249000000,
    "ebitdaratio": 0.0649029282,
    "operatingIncome": 3517000000,
    "operatingIncomeRatio": 0.0537217224,
    "totalOtherIncomeExpensesNet": -401000000,
    "incomeBeforeTax": 3116000000,
    "incomeBeforeTaxRatio": 0.047596499,
    "incomeTaxExpense": 764000000,
    "netIncome": 2212000000,
    "netIncomeRatio": 0.0337880153,
    "eps": 2.34,
    "epsdiluted": 2.3,
    "weightedAverageShsOut": 946000000,
    "weightedAverageShsOutDil": 961000000,
    "link": "https://www.sec.gov/Archives/edgar/data/731766/000073176621000013/0000731766-21-000013-index.htm",
    "finalLink": "https://www.sec.gov/Archives/edgar/data/731766/000073176621000013/unh-20201231.htm"
  },
  {
    "date": "2020-09-30",
    "symbol": "UNH",
    "reportedCurrency": "USD",
    "cik": "0000731766",
    "fillingDate": "2020-11-02",
    "acceptedDate": "2020-11-02 16:15:17",
    "calendarYear": "2020",
    "period": "Q3",
    "revenue": 65115000000,
    "costOfRevenue": 49571000000,
    "grossProfit": 15544000000,
    "grossProfitRatio": 0.2387161176,
    "researchAndDevelopmentExpenses": 0,
    "generalAndAdministrativeExpenses": 0,
    "sellingAndMarketingExpenses": 0,
    "sellingGeneralAndAdministrativeExpenses": 0,
    "otherExpenses": 10893000000,
    "operatingExpenses": 10893000000,
    "costAndExpenses": 60464000000,
    "interestIncome": 0,
    "interestExpense": 395000000,
    "depreciationAndAmortization": 719000000,
    "ebitda": 5370000000,
    "ebitdaratio": 0.0824694771,
    "operatingIncome": 4651000000,
    "operatingIncomeRatio": 0.0714274745,
    "totalOtherIncomeExpensesNet": -395000000,
    "incomeBeforeTax": 4256000000,
    "incomeBeforeTaxRatio": 0.0653612839,
    "incomeTaxExpense": 1000000000,
    "netIncome": 3172000000,
    "netIncomeRatio": 0.048713814,
    "eps": 3.34,
    "epsdiluted": 3.3,
    "weightedAverageShsOut": 949000000,
    "weightedAverageShsOutDil": 962000000,
    "link": "https://www.sec.gov/Archives/edgar/data/731766/000073176620000049/0000731766-20-000049-index.htm",
    "finalLink": "https://www.sec.gov/Archives/edgar/data/731766/000073176620000049/unh-20200930.htm"
  },
  {
    "date": "2020-06-30",
    "symbol": "UNH",
    "reportedCurrency": "USD",
    "cik": "0000731766",
    "fillingDate": "2020-08-03",
    "acceptedDate": "2020-07-31 20:03:23",
    "calendarYear": "2020",
    "period": "Q2",
    "revenue": 62138000000,
    "costOfRevenue": 42179000000,
    "grossProfit": 19959000000,
    "grossProfitRatio": 0.321204416,
    "researchAndDevelopmentExpenses": 0,
    "generalAndAdministrativeExpenses": 0,
    "sellingAndMarketingExpenses": 0,
    "sellingGeneralAndAdministrativeExpenses": 0,
    "otherExpenses": 10718000000,
    "operatingExpenses": 10718000000,
    "costAndExpenses": 52897000000,
    "interestIncome": 0,
    "interestExpense": 430000000,
    "depreciationAndAmortization": 717000000,
    "ebitda": 9958000000,
    "ebitdaratio": 0.1602562039,
    "operatingIncome": 9241000000,
    "operatingIncomeRatio": 0.148717371,
    "totalOtherIncomeExpensesNet": -430000000,
    "incomeBeforeTax": 8811000000,
    "incomeBeforeTaxRatio": 0.1417972899,
    "incomeTaxExpense": 2115000000,
    "netIncome": 6637000000,
    "netIncomeRatio": 0.1068106473,
    "eps": 6.99,
    "epsdiluted": 6.91,
    "weightedAverageShsOut": 950000000,
    "weightedAverageShsOutDil": 960000000,
    "link": "https://www.sec.gov/Archives/edgar/data/731766/000073176620000042/0000731766-20-000042-index.htm",
    "finalLink": "https://www.sec.gov/Archives/edgar/data/731766/000073176620000042/unh-20200630.htm"
  },
  {
    "date": "2020-03-31",
    "symbol": "UNH",
    "reportedCurrency": "USD",
    "cik": "0000731766",
    "fillingDate": "2020-05-06",
    "acceptedDate": "2020-05-06 17:11:29",
    "calendarYear": "2020",
    "period": "Q1",
    "revenue": 64421000000,
    "costOfRevenue": 48687000000,
    "grossProfit": 15734000000,
    "grossProfitRatio": 0.2442371276,
    "researchAndDevelopmentExpenses": 0,
    "generalAndAdministrativeExpenses": 0,
    "sellingAndMarketingExpenses": 0,
    "sellingGeneralAndAdministrativeExpenses": 0,
    "otherExpenses": 10738000000,
    "operatingExpenses": 10738000000,
    "costAndExpenses": 59425000000,
    "interestIncome": 0,
    "interestExpense": 437000000,
    "depreciationAndAmortization": 723000000,
    "ebitda": 5719000000,
    "ebitdaratio": 0.0887753993,
    "operatingIncome": 4996000000,
    "operatingIncomeRatio": 0.0775523509,
    "totalOtherIncomeExpensesNet": -437000000,
    "incomeBeforeTax": 4559000000,
    "incomeBeforeTaxRatio": 0.0707688487,
    "incomeTaxExpense": 1094000000,
    "netIncome": 3382000000,
    "netIncomeRatio": 0.0524984089,
    "eps": 3.57,
    "epsdiluted": 3.52,
    "weightedAverageShsOut": 947000000,
    "weightedAverageShsOutDil": 962000000,
    "link": "https://www.sec.gov/Archives/edgar/data/731766/000073176620000026/0000731766-20-000026-index.htm",
    "finalLink": "https://www.sec.gov/Archives/edgar/data/731766/000073176620000026/unh202033110-q.htm"
  },
  {
    "date": "2019-12-31",
    "symbol": "UNH",
    "reportedCurrency": "USD",
    "cik": "0000731766",
    "fillingDate": "2020-02-14",
    "acceptedDate": "2020-02-14 17:18:38",
    "calendarYear": "2019",
    "period": "Q4",
    "revenue": 60901000000,
    "costOfRevenue": 45787000000,
    "grossProfit": 15114000000,
    "grossProfitRatio": 0.2481732648,
    "researchAndDevelopmentExpenses": 0,
    "generalAndAdministrativeExpenses": 0,
    "sellingAndMarketingExpenses": 0,
    "sellingGeneralAndAdministrativeExpenses": 0,
    "otherExpenses": 10019000000,
    "operatingExpenses": 10019000000,
    "costAndExpenses": 55806000000,
    "interestIncome": 0,
    "interestExpense": 437000000,
    "depreciationAndAmortization": 718000000,
    "ebitda": 5813000000,
    "ebitdaratio": 0.0954499926,
    "operatingIncome": 5095000000,
    "operatingIncomeRatio": 0.0836603668,
    "totalOtherIncomeExpensesNet": -437000000,
    "incomeBeforeTax": 4658000000,
    "incomeBeforeTaxRatio": 0.0764847868,
    "incomeTaxExpense": 990000000,
    "netIncome": 3541000000,
    "netIncomeRatio": 0.0581435444,
    "eps": 3.68,
    "epsdiluted": 3.68,
    "weightedAverageShsOut": 948000000,
    "weightedAverageShsOutDil": 962000000,
    "link": "https://www.sec.gov/Archives/edgar/data/731766/000073176620000006/0000731766-20-000006-index.htm",
    "finalLink": "https://www.sec.gov/Archives/edgar/data/731766/000073176620000006/unh2019123110-k.htm"
  },
  {
    "date": "2019-09-30",
    "symbol": "UNH",
    "reportedCurrency": "USD",
    "cik": "0000731766",
    "fillingDate": "2019-11-06",
    "acceptedDate": "2019-11-06 16:07:31",
    "calendarYear": "2019",
    "period": "Q3",
    "revenue": 60351000000,
    "costOfRevenue": 45668000000,
    "grossProfit": 14683000000,
    "grossProfitRatio": 0.2432934003,
    "researchAndDevelopmentExpenses": 0,
    "generalAndAdministrativeExpenses": 0,
    "sellingAndMarketingExpenses": 0,
    "sellingGeneralAndAdministrativeExpenses": 0,
    "otherExpenses": 9669000000,
    "operatingExpenses": 9669000000,
    "costAndExpenses": 55337000000,
    "interestIncome": 0,
    "interestExpense": 449000000,
    "depreciationAndAmortization": 709000000,
    "ebitda": 5723000000,
    "ebitdaratio": 0.0948285861,
    "operatingIncome": 5014000000,
    "operatingIncomeRatio": 0.0830806449,
    "totalOtherIncomeExpensesNet": -449000000,
    "incomeBeforeTax": 4565000000,
    "incomeBeforeTaxRatio": 0.0756408345,
    "incomeTaxExpense": 936000000,
    "netIncome": 3538000000,
    "netIncomeRatio": 0.0586237179,
    "eps": 3.74,
    "epsdiluted": 3.67,
    "weightedAverageShsOut": 947000000,
    "weightedAverageShsOutDil": 963000000,
    "link": "https://www.sec.gov/Archives/edgar/data/731766/000073176619000034/0000731766-19-000034-index.htm",
    "finalLink": "https://www.sec.gov/Archives/edgar/data/731766/000073176619000034/unh201993010-q.htm"
  },
  {
    "date": "2019-06-30",
    "symbol": "UNH",
    "reportedCurrency": "USD",
    "cik": "0000731766",
    "fillingDate": "2019-08-07",
    "acceptedDate": "2019-08-06 17:35:52",
    "calendarYear": "2019",
    "period": "Q2",
    "revenue": 60595000000,
    "costOfRevenue": 46782000000,
    "grossProfit": 13813000000,
    "grossProfitRatio": 0.227956102,
    "researchAndDevelopmentExpenses": 0,
    "generalAndAdministrativeExpenses": 0,
    "sellingAndMarketingExpenses": 0,
    "sellingGeneralAndAdministrativeExpenses": 0,
    "otherExpenses": 9069000000,
    "operatingExpenses": 9069000000,
    "costAndExpenses": 55851000000,
    "interestIncome": 0,
    "interestExpense": 418000000,
    "depreciationAndAmortization": 654000000,
    "ebitda": 5398000000,
    "ebitdaratio": 0.0890832577,
    "operatingIncome": 4744000000,
    "operatingIncomeRatio": 0.078290288,
    "totalOtherIncomeExpensesNet": -418000000,
    "incomeBeforeTax": 4326000000,
    "incomeBeforeTaxRatio": 0.071392029,
    "incomeTaxExpense": 941000000,
    "netIncome": 3293000000,
    "netIncomeRatio": 0.0543444179,
    "eps": 3.47,
    "epsdiluted": 3.42,
    "weightedAverageShsOut": 948000000,
    "weightedAverageShsOutDil": 964000000,
    "link": "https://www.sec.gov/Archives/edgar/data/731766/000073176619000025/0000731766-19-000025-index.htm",
    "finalLink": "https://www.sec.gov/Archives/edgar/data/731766/000073176619000025/unh201963010-q.htm"
  },
  {
    "date": "2019-03-31",
    "symbol": "UNH",
    "reportedCurrency": "USD",
    "cik": "0000731766",
    "fillingDate": "2019-05-07",
    "acceptedDate": "2019-05-07 17:10:28",
    "calendarYear": "2019",
    "period": "Q1",
    "revenue": 60308000000,
    "costOfRevenue": 46320000000,
    "grossProfit": 13988000000,
    "grossProfitRatio": 0.2319426942,
    "researchAndDevelopmentExpenses": 0,
    "generalAndAdministrativeExpenses": 0,
    "sellingAndMarketingExpenses": 0,
    "sellingGeneralAndAdministrativeExpenses": 0,
    "otherExpenses": 9156000000,
    "operatingExpenses": 9156000000,
    "costAndExpenses": 55476000000,
    "interestIncome": 0,
    "interestExpense": 400000000,
    "depreciationAndAmortization": 639000000,
    "ebitda": 5471000000,
    "ebitdaratio": 0.0907176494,
    "operatingIncome": 4832000000,
    "operatingIncomeRatio": 0.0801220402,
    "totalOtherIncomeExpensesNet": -400000000,
    "incomeBeforeTax": 4432000000,
    "incomeBeforeTaxRatio": 0.073489421,
    "incomeTaxExpense": 875000000,
    "netIncome": 3467000000,
    "netIncomeRatio": 0.0574882271,
    "eps": 3.62,
    "epsdiluted": 3.56,
    "weightedAverageShsOut": 953000000,
    "weightedAverageShsOutDil": 975000000,
    "link": "https://www.sec.gov/Archives/edgar/data/731766/000073176619000013/0000731766-19-000013-index.htm",
    "finalLink": "https://www.sec.gov/Archives/edgar/data/731766/000073176619000013/unh201933110-q.htm"
  },
  {
    "date": "2018-12-31",
    "symbol": "UNH",
    "reportedCurrency": "USD",
    "cik": "0000731766",
    "fillingDate": "2019-02-12",
    "acceptedDate": "2019-02-12 17:16:04",
    "calendarYear": "2018",
    "period": "Q4",
    "revenue": 58417000000,
    "costOfRevenue": 44580000000,
    "grossProfit": 13837000000,
    "grossProfitRatio": 0.2368659808,
    "researchAndDevelopmentExpenses": 0,
    "generalAndAdministrativeExpenses": 0,
    "sellingAndMarketingExpenses": 0,
    "sellingGeneralAndAdministrativeExpenses": 0,
    "otherExpenses": 9340000000,
    "operatingExpenses": 9340000000,
    "costAndExpenses": 53920000000,
    "interestIncome": 0,
    "interestExpense": 374000000,
    "depreciationAndAmortization": 637000000,
    "ebitda": 5134000000,
    "ebitdaratio": 0.0878853758,
    "operatingIncome": 4497000000,
    "operatingIncomeRatio": 0.0769810158,
    "totalOtherIncomeExpensesNet": -374000000,
    "incomeBeforeTax": 4123000000,
    "incomeBeforeTaxRatio": 0.0705787699,
    "incomeTaxExpense": 959000000,
    "netIncome": 3040000000,
    "netIncomeRatio": 0.052039646,
    "eps": 3.17,
    "epsdiluted": 3.1,
    "weightedAverageShsOut": 960000000,
    "weightedAverageShsOutDil": 982000000,
    "link": "https://www.sec.gov/Archives/edgar/data/731766/000073176619000005/0000731766-19-000005-index.htm",
    "finalLink": "https://www.sec.gov/Archives/edgar/data/731766/000073176619000005/unh2018123110-k.htm"
  },
  {
    "date": "2018-09-30",
    "symbol": "UNH",
    "reportedCurrency": "USD",
    "cik": "0000731766",
    "fillingDate": "2018-11-08",
    "acceptedDate": "2018-11-08 16:12:46",
    "calendarYear": "2018",
    "period": "Q3",
    "revenue": 56556000000,
    "costOfRevenue": 42876000000,
    "grossProfit": 13680000000,
    "grossProfitRatio": 0.2418841502,
    "researchAndDevelopmentExpenses": 0,
    "generalAndAdministrativeExpenses": 0,
    "sellingAndMarketingExpenses": 0,
    "sellingGeneralAndAdministrativeExpenses": 0,
    "otherExpenses": 9090000000,
    "operatingExpenses": 9090000000,
    "costAndExpenses": 51966000000,
    "interestIncome": 0,
    "interestExpense": 353000000,
    "depreciationAndAmortization": 611000000,
    "ebitda": 5201000000,
    "ebitdaratio": 0.0919619492,
    "operatingIncome": 4590000000,
    "operatingIncomeRatio": 0.0811584978,
    "totalOtherIncomeExpensesNet": -353000000,
    "incomeBeforeTax": 4237000000,
    "incomeBeforeTaxRatio": 0.0749168965,
    "incomeTaxExpense": 953000000,
    "netIncome": 3188000000,
    "netIncomeRatio": 0.0563689087,
    "eps": 3.31,
    "epsdiluted": 3.24,
    "weightedAverageShsOut": 962000000,
    "weightedAverageShsOutDil": 983000000,
    "link": "https://www.sec.gov/Archives/edgar/data/731766/000073176618000040/0000731766-18-000040-index.htm",
    "finalLink": "https://www.sec.gov/Archives/edgar/data/731766/000073176618000040/unh201893010-q.htm"
  },
  {
    "date": "2018-06-30",
    "symbol": "UNH",
    "reportedCurrency": "USD",
    "cik": "0000731766",
    "fillingDate": "2018-08-07",
    "acceptedDate": "2018-08-07 16:07:58",
    "calendarYear": "2018",
    "period": "Q2",
    "revenue": 56086000000,
    "costOfRevenue": 42898000000,
    "grossProfit": 13188000000,
    "grossProfitRatio": 0.2351388938,
    "researchAndDevelopmentExpenses": 0,
    "generalAndAdministrativeExpenses": 0,
    "sellingAndMarketingExpenses": 0,
    "sellingGeneralAndAdministrativeExpenses": 0,
    "otherExpenses": 8984000000,
    "operatingExpenses": 8984000000,
    "costAndExpenses": 51882000000,
    "interestIncome": 0,
    "interestExpense": 344000000,
    "depreciationAndAmortization": 598000000,
    "ebitda": 4802000000,
    "ebitdaratio": 0.0856185144,
    "operatingIncome": 4204000000,
    "operatingIncomeRatio": 0.0749563171,
    "totalOtherIncomeExpensesNet": -344000000,
    "incomeBeforeTax": 3860000000,
    "incomeBeforeTaxRatio": 0.0688228791,
    "incomeTaxExpense": 850000000,
    "netIncome": 2922000000,
    "netIncomeRatio": 0.0520985629,
    "eps": 3.04,
    "epsdiluted": 2.98,
    "weightedAverageShsOut": 962000000,
    "weightedAverageShsOutDil": 982000000,
    "link": "https://www.sec.gov/Archives/edgar/data/731766/000073176618000030/0000731766-18-000030-index.htm",
    "finalLink": "https://www.sec.gov/Archives/edgar/data/731766/000073176618000030/unh201863010-q.htm"
  },
  {
    "date": "2018-03-31",
    "symbol": "UNH",
    "reportedCurrency": "USD",
    "cik": "0000731766",
    "fillingDate": "2018-05-07",
    "acceptedDate": "2018-05-07 16:17:34",
    "calendarYear": "2018",
    "period": "Q1",
    "revenue": 55188000000,
    "costOfRevenue": 42047000000,
    "grossProfit": 13141000000,
    "grossProfitRatio": 0.238113358,
    "researchAndDevelopmentExpenses": 0,
    "generalAndAdministrativeExpenses": 0,
    "sellingAndMarketingExpenses": 0,
    "sellingGeneralAndAdministrativeExpenses": 0,
    "otherExpenses": 9088000000,
    "operatingExpenses": 9088000000,
    "costAndExpenses": 51135000000,
    "interestIncome": 0,
    "interestExpense": 329000000,
    "depreciationAndAmortization": 582000000,
    "ebitda": 4635000000,
    "ebitdaratio": 0.0839856491,
    "operatingIncome": 4053000000,
    "operatingIncomeRatio": 0.0734398782,
    "totalOtherIncomeExpensesNet": -329000000,
    "incomeBeforeTax": 3724000000,
    "incomeBeforeTaxRatio": 0.0674784373,
    "incomeTaxExpense": 800000000,
    "netIncome": 2836000000,
    "netIncomeRatio": 0.0513879829,
    "eps": 2.95,
    "epsdiluted": 2.87,
    "weightedAverageShsOut": 962000000,
    "weightedAverageShsOutDil": 987000000,
    "link": "https://www.sec.gov/Archives/edgar/data/731766/000073176618000018/0000731766-18-000018-index.htm",
    "finalLink": "https://www.sec.gov/Archives/edgar/data/731766/000073176618000018/unh201833110-q.htm"
  },
  {
    "date": "2017-12-31",
    "symbol": "UNH",
    "reportedCurrency": "USD",
    "cik": "0000731766",
    "fillingDate": "2018-02-13",
    "acceptedDate": "2018-02-13 16:10:43",
    "calendarYear": "2017",
    "period": "Q4",
    "revenue": 52061000000,
    "costOfRevenue": 39686000000,
    "grossProfit": 12375000000,
    "grossProfitRatio": 0.2377019266,
    "researchAndDevelopmentExpenses": 0,
    "generalAndAdministrativeExpenses": 0,
    "sellingAndMarketingExpenses": 0,
    "sellingGeneralAndAdministrativeExpenses": 0,
    "otherExpenses": 8398000000,
    "operatingExpenses": 8398000000,
    "costAndExpenses": 48084000000,
    "interestIncome": 0,
    "interestExpense": 308000000,
    "depreciationAndAmortization": 578000000,
    "ebitda": 4555000000,
    "ebitdaratio": 0.0874935172,
    "operatingIncome": 3977000000,
    "operatingIncomeRatio": 0.0763911565,
    "totalOtherIncomeExpensesNet": -308000000,
    "incomeBeforeTax": 3669000000,
    "incomeBeforeTaxRatio": 0.0704750197,
    "incomeTaxExpense": -52000000,
    "netIncome": 3617000000,
    "netIncomeRatio": 0.0694761914,
    "eps": 3.73,
    "epsdiluted": 3.65,
    "weightedAverageShsOut": 969000000,
    "weightedAverageShsOutDil": 991000000,
    "link": "https://www.sec.gov/Archives/edgar/data/731766/000073176618000005/0000731766-18-000005-index.htm",
    "finalLink": "https://www.sec.gov/Archives/edgar/data/731766/000073176618000005/unh2017123110-k.htm"
  },
  {
    "date": "2017-09-30",
    "symbol": "UNH",
    "reportedCurrency": "USD",
    "cik": "0000731766",
    "fillingDate": "2017-11-07",
    "acceptedDate": "2017-11-07 16:13:45",
    "calendarYear": "2017",
    "period": "Q3",
    "revenue": 50322000000,
    "costOfRevenue": 38269000000,
    "grossProfit": 12053000000,
    "grossProfitRatio": 0.2395175073,
    "researchAndDevelopmentExpenses": 0,
    "generalAndAdministrativeExpenses": 0,
    "sellingAndMarketingExpenses": 0,
    "sellingGeneralAndAdministrativeExpenses": 0,
    "otherExpenses": 7965000000,
    "operatingExpenses": 7965000000,
    "costAndExpenses": 46234000000,
    "interestIncome": 0,
    "interestExpense": 294000000,
    "depreciationAndAmortization": 578000000,
    "ebitda": 4666000000,
    "ebitdaratio": 0.0927228648,
    "operatingIncome": 4088000000,
    "operatingIncomeRatio": 0.0812368348,
    "totalOtherIncomeExpensesNet": -294000000,
    "incomeBeforeTax": 3794000000,
    "incomeBeforeTaxRatio": 0.0753944597,
    "incomeTaxExpense": 1233000000,
    "netIncome": 2485000000,
    "netIncomeRatio": 0.04938198,
    "eps": 2.56,
    "epsdiluted": 2.51,
    "weightedAverageShsOut": 969000000,
    "weightedAverageShsOutDil": 989000000,
    "link": "https://www.sec.gov/Archives/edgar/data/731766/000073176617000045/0000731766-17-000045-index.htm",
    "finalLink": "https://www.sec.gov/Archives/edgar/data/731766/000073176617000045/unh930201710-q.htm"
  },
  {
    "date": "2017-06-30",
    "symbol": "UNH",
    "reportedCurrency": "USD",
    "cik": "0000731766",
    "fillingDate": "2017-08-04",
    "acceptedDate": "2017-08-04 16:54:46",
    "calendarYear": "2017",
    "period": "Q2",
    "revenue": 50053000000,
    "costOfRevenue": 38438000000,
    "grossProfit": 11615000000,
    "grossProfitRatio": 0.2320540227,
    "researchAndDevelopmentExpenses": 0,
    "generalAndAdministrativeExpenses": 0,
    "sellingAndMarketingExpenses": 0,
    "sellingGeneralAndAdministrativeExpenses": 0,
    "otherExpenses": 7884000000,
    "operatingExpenses": 7884000000,
    "costAndExpenses": 46322000000,
    "interestIncome": 0,
    "interestExpense": 301000000,
    "depreciationAndAmortization": 556000000,
    "ebitda": 4287000000,
    "ebitdaratio": 0.0856492118,
    "operatingIncome": 3731000000,
    "operatingIncomeRatio": 0.0745409866,
    "totalOtherIncomeExpensesNet": -301000000,
    "incomeBeforeTax": 3430000000,
    "incomeBeforeTaxRatio": 0.068527361,
    "incomeTaxExpense": 1080000000,
    "netIncome": 2284000000,
    "netIncomeRatio": 0.0456316305,
    "eps": 2.37,
    "epsdiluted": 2.32,
    "weightedAverageShsOut": 965000000,
    "weightedAverageShsOutDil": 985000000,
    "link": "https://www.sec.gov/Archives/edgar/data/731766/000073176617000028/0000731766-17-000028-index.htm",
    "finalLink": "https://www.sec.gov/Archives/edgar/data/731766/000073176617000028/unh630201710-q.htm"
  },
  {
    "date": "2017-03-31",
    "symbol": "UNH",
    "reportedCurrency": "USD",
    "cik": "0000731766",
    "fillingDate": "2017-05-08",
    "acceptedDate": "2017-05-08 16:46:48",
    "calendarYear": "2017",
    "period": "Q1",
    "revenue": 48723000000,
    "costOfRevenue": 37755000000,
    "grossProfit": 10968000000,
    "grossProfitRatio": 0.2251092913,
    "researchAndDevelopmentExpenses": 0,
    "generalAndAdministrativeExpenses": 0,
    "sellingAndMarketingExpenses": 0,
    "sellingGeneralAndAdministrativeExpenses": 0,
    "otherExpenses": 7555000000,
    "operatingExpenses": 7555000000,
    "costAndExpenses": 45310000000,
    "interestIncome": 0,
    "interestExpense": 283000000,
    "depreciationAndAmortization": 533000000,
    "ebitda": 3946000000,
    "ebitdaratio": 0.0809884449,
    "operatingIncome": 3413000000,
    "operatingIncomeRatio": 0.0700490528,
    "totalOtherIncomeExpensesNet": -283000000,
    "incomeBeforeTax": 3130000000,
    "incomeBeforeTaxRatio": 0.0642407077,
    "incomeTaxExpense": 939000000,
    "netIncome": 2172000000,
    "netIncomeRatio": 0.0445785358,
    "eps": 2.28,
    "epsdiluted": 2.23,
    "weightedAverageShsOut": 965000000,
    "weightedAverageShsOutDil": 975000000,
    "link": "https://www.sec.gov/Archives/edgar/data/731766/000073176617000016/0000731766-17-000016-index.htm",
    "finalLink": "https://www.sec.gov/Archives/edgar/data/731766/000073176617000016/unh331201710-q.htm"
  },
  {
    "date": "2016-12-31",
    "symbol": "UNH",
    "reportedCurrency": "USD",
    "cik": "0000731766",
    "fillingDate": "2017-02-08",
    "acceptedDate": "2017-02-08 16:22:01",
    "calendarYear": "2016",
    "period": "Q4",
    "revenue": 47535000000,
    "costOfRevenue": 36004000000,
    "grossProfit": 11531000000,
    "grossProfitRatio": 0.2425791522,
    "researchAndDevelopmentExpenses": 0,
    "generalAndAdministrativeExpenses": 0,
    "sellingAndMarketingExpenses": 0,
    "sellingGeneralAndAdministrativeExpenses": 0,
    "otherExpenses": 8344000000,
    "operatingExpenses": 8344000000,
    "costAndExpenses": 44348000000,
    "interestIncome": 0,
    "interestExpense": 268000000,
    "depreciationAndAmortization": 527000000,
    "ebitda": 3714000000,
    "ebitdaratio": 0.0781319028,
    "operatingIncome": 3187000000,
    "operatingIncomeRatio": 0.067045335,
    "totalOtherIncomeExpensesNet": -268000000,
    "incomeBeforeTax": 2919000000,
    "incomeBeforeTaxRatio": 0.061407384,
    "incomeTaxExpense": 1211000000,
    "netIncome": 1684000000,
    "netIncomeRatio": 0.0354265278,
    "eps": 1.77,
    "epsdiluted": 1.74,
    "weightedAverageShsOut": 952000000,
    "weightedAverageShsOutDil": 970000000,
    "link": "https://www.sec.gov/Archives/edgar/data/731766/000073176617000009/0000731766-17-000009-index.htm",
    "finalLink": "https://www.sec.gov/Archives/edgar/data/731766/000073176617000009/unh2016123110-k.htm"
  },
  {
    "date": "2016-09-30",
    "symbol": "UNH",
    "reportedCurrency": "USD",
    "cik": "0000731766",
    "fillingDate": "2016-11-08",
    "acceptedDate": "2016-11-08 16:38:28",
    "calendarYear": "2016",
    "period": "Q3",
    "revenue": 46293000000,
    "costOfRevenue": 35165000000,
    "grossProfit": 11128000000,
    "grossProfitRatio": 0.2403819152,
    "researchAndDevelopmentExpenses": 0,
    "generalAndAdministrativeExpenses": 0,
    "sellingAndMarketingExpenses": 0,
    "sellingGeneralAndAdministrativeExpenses": 0,
    "otherExpenses": 7548000000,
    "operatingExpenses": 7548000000,
    "costAndExpenses": 42713000000,
    "interestIncome": 0,
    "interestExpense": 269000000,
    "depreciationAndAmortization": 515000000,
    "ebitda": 4095000000,
    "ebitdaratio": 0.0884582982,
    "operatingIncome": 3580000000,
    "operatingIncomeRatio": 0.0773335061,
    "totalOtherIncomeExpensesNet": -269000000,
    "incomeBeforeTax": 3311000000,
    "incomeBeforeTaxRatio": 0.0715226924,
    "incomeTaxExpense": 1333000000,
    "netIncome": 1968000000,
    "netIncomeRatio": 0.0425118268,
    "eps": 2.07,
    "epsdiluted": 2.03,
    "weightedAverageShsOut": 952000000,
    "weightedAverageShsOutDil": 969000000,
    "link": "https://www.sec.gov/Archives/edgar/data/731766/000073176616000088/0000731766-16-000088-index.htm",
    "finalLink": "https://www.sec.gov/Archives/edgar/data/731766/000073176616000088/unh930201610-q.htm"
  },
  {
    "date": "2016-06-30",
    "symbol": "UNH",
    "reportedCurrency": "USD",
    "cik": "0000731766",
    "fillingDate": "2016-08-02",
    "acceptedDate": "2016-08-02 16:37:24",
    "calendarYear": "2016",
    "period": "Q2",
    "revenue": 46485000000,
    "costOfRevenue": 35978000000,
    "grossProfit": 10507000000,
    "grossProfitRatio": 0.2260299021,
    "researchAndDevelopmentExpenses": 0,
    "generalAndAdministrativeExpenses": 0,
    "sellingAndMarketingExpenses": 0,
    "sellingGeneralAndAdministrativeExpenses": 0,
    "otherExpenses": 7304000000,
    "operatingExpenses": 7304000000,
    "costAndExpenses": 43282000000,
    "interestIncome": 0,
    "interestExpense": 271000000,
    "depreciationAndAmortization": 511000000,
    "ebitda": 3714000000,
    "ebitdaratio": 0.0798967409,
    "operatingIncome": 3203000000,
    "operatingIncomeRatio": 0.0689039475,
    "totalOtherIncomeExpensesNet": -271000000,
    "incomeBeforeTax": 2932000000,
    "incomeBeforeTaxRatio": 0.0630741099,
    "incomeTaxExpense": 1172000000,
    "netIncome": 1754000000,
    "netIncomeRatio": 0.0377326019,
    "eps": 1.84,
    "epsdiluted": 1.81,
    "weightedAverageShsOut": 951000000,
    "weightedAverageShsOutDil": 967000000,
    "link": "https://www.sec.gov/Archives/edgar/data/731766/000073176616000081/0000731766-16-000081-index.htm",
    "finalLink": "https://www.sec.gov/Archives/edgar/data/731766/000073176616000081/unh201663010-q.htm"
  },
  {
    "date": "2016-03-31",
    "symbol": "UNH",
    "reportedCurrency": "USD",
    "cik": "0000731766",
    "fillingDate": "2016-05-04",
    "acceptedDate": "2016-05-04 17:27:59",
    "calendarYear": "2016",
    "period": "Q1",
    "revenue": 44527000000,
    "costOfRevenue": 34307000000,
    "grossProfit": 10220000000,
    "grossProfitRatio": 0.2295236598,
    "researchAndDevelopmentExpenses": 0,
    "generalAndAdministrativeExpenses": 0,
    "sellingAndMarketingExpenses": 0,
    "sellingGeneralAndAdministrativeExpenses": 0,
    "otherExpenses": 7260000000,
    "operatingExpenses": 7260000000,
    "costAndExpenses": 41567000000,
    "interestIncome": 0,
    "interestExpense": 259000000,
    "depreciationAndAmortization": 502000000,
    "ebitda": 3462000000,
    "ebitdaratio": 0.0777505783,
    "operatingIncome": 2960000000,
    "operatingIncomeRatio": 0.0664765199,
    "totalOtherIncomeExpensesNet": -259000000,
    "incomeBeforeTax": 2701000000,
    "incomeBeforeTaxRatio": 0.0606598244,
    "incomeTaxExpense": 1074000000,
    "netIncome": 1611000000,
    "netIncomeRatio": 0.0361802951,
    "eps": 1.69,
    "epsdiluted": 1.67,
    "weightedAverageShsOut": 954000000,
    "weightedAverageShsOutDil": 967000000,
    "link": "https://www.sec.gov/Archives/edgar/data/731766/000073176616000068/0000731766-16-000068-index.htm",
    "finalLink": "https://www.sec.gov/Archives/edgar/data/731766/000073176616000068/unh201633110-q.htm"
  },
  {
    "date": "2015-12-31",
    "symbol": "UNH",
    "reportedCurrency": "USD",
    "cik": "0000731766",
    "fillingDate": "2016-02-09",
    "acceptedDate": "2016-02-09 16:12:06",
    "calendarYear": "2015",
    "period": "Q4",
    "revenue": 43599000000,
    "costOfRevenue": 34437000000,
    "grossProfit": 9162000000,
    "grossProfitRatio": 0.2101424345,
    "researchAndDevelopmentExpenses": 0,
    "generalAndAdministrativeExpenses": 0,
    "sellingAndMarketingExpenses": 0,
    "sellingGeneralAndAdministrativeExpenses": 0,
    "otherExpenses": 6694000000,
    "operatingExpenses": 6694000000,
    "costAndExpenses": 41131000000,
    "interestIncome": 0,
    "interestExpense": 260000000,
    "depreciationAndAmortization": 484000000,
    "ebitda": 2952000000,
    "ebitdaratio": 0.067707975,
    "operatingIncome": 2468000000,
    "operatingIncomeRatio": 0.0566068029,
    "totalOtherIncomeExpensesNet": -260000000,
    "incomeBeforeTax": 2208000000,
    "incomeBeforeTaxRatio": 0.0506433634,
    "incomeTaxExpense": 956000000,
    "netIncome": 1218000000,
    "netIncomeRatio": 0.0279364206,
    "eps": 1.28,
    "epsdiluted": 1.26,
    "weightedAverageShsOut": 953000000,
    "weightedAverageShsOutDil": 967000000,
    "link": "https://www.sec.gov/Archives/edgar/data/731766/000073176616000058/0000731766-16-000058-index.htm",
    "finalLink": "https://www.sec.gov/Archives/edgar/data/731766/000073176616000058/unh2015123110-k.htm"
  },
  {
    "date": "2015-09-30",
    "symbol": "UNH",
    "reportedCurrency": "USD",
    "cik": "0000731766",
    "fillingDate": "2015-11-05",
    "acceptedDate": "2015-11-05 16:05:14",
    "calendarYear": "2015",
    "period": "Q3",
    "revenue": 41489000000,
    "costOfRevenue": 31841000000,
    "grossProfit": 9648000000,
    "grossProfitRatio": 0.2325435658,
    "researchAndDevelopmentExpenses": 0,
    "generalAndAdministrativeExpenses": 0,
    "sellingAndMarketingExpenses": 0,
    "sellingGeneralAndAdministrativeExpenses": 0,
    "otherExpenses": 6630000000,
    "operatingExpenses": 6630000000,
    "costAndExpenses": 38471000000,
    "interestIncome": 0,
    "interestExpense": 229000000,
    "depreciationAndAmortization": 452000000,
    "ebitda": 3470000000,
    "ebitdaratio": 0.0836366266,
    "operatingIncome": 3018000000,
    "operatingIncomeRatio": 0.0727421726,
    "totalOtherIncomeExpensesNet": -229000000,
    "incomeBeforeTax": 2789000000,
    "incomeBeforeTaxRatio": 0.0672226373,
    "incomeTaxExpense": 1171000000,
    "netIncome": 1597000000,
    "netIncomeRatio": 0.0384921304,
    "eps": 1.68,
    "epsdiluted": 1.65,
    "weightedAverageShsOut": 953000000,
    "weightedAverageShsOutDil": 967000000,
    "link": "https://www.sec.gov/Archives/edgar/data/731766/000073176615000049/0000731766-15-000049-index.htm",
    "finalLink": "https://www.sec.gov/Archives/edgar/data/731766/000073176615000049/unh201593010-q.htm"
  },
  {
    "date": "2015-06-30",
    "symbol": "UNH",
    "reportedCurrency": "USD",
    "cik": "0000731766",
    "fillingDate": "2015-07-29",
    "acceptedDate": "2015-07-29 17:25:52",
    "calendarYear": "2015",
    "period": "Q2",
    "revenue": 36263000000,
    "costOfRevenue": 27251000000,
    "grossProfit": 9012000000,
    "grossProfitRatio": 0.2485177729,
    "researchAndDevelopmentExpenses": 0,
    "generalAndAdministrativeExpenses": 0,
    "sellingAndMarketingExpenses": 0,
    "sellingGeneralAndAdministrativeExpenses": 0,
    "otherExpenses": 6117000000,
    "operatingExpenses": 6117000000,
    "costAndExpenses": 33368000000,
    "interestIncome": 0,
    "interestExpense": 151000000,
    "depreciationAndAmortization": 379000000,
    "ebitda": 3274000000,
    "ebitdaratio": 0.0902848634,
    "operatingIncome": 2895000000,
    "operatingIncomeRatio": 0.079833439,
    "totalOtherIncomeExpensesNet": -151000000,
    "incomeBeforeTax": 2744000000,
    "incomeBeforeTaxRatio": 0.0756694151,
    "incomeTaxExpense": 1159000000,
    "netIncome": 1585000000,
    "netIncomeRatio": 0.0437084632,
    "eps": 1.66,
    "epsdiluted": 1.64,
    "weightedAverageShsOut": 952000000,
    "weightedAverageShsOutDil": 966000000,
    "link": "https://www.sec.gov/Archives/edgar/data/731766/000073176615000037/0000731766-15-000037-index.htm",
    "finalLink": "https://www.sec.gov/Archives/edgar/data/731766/000073176615000037/unh201563010-q.htm"
  },
  {
    "date": "2015-03-31",
    "symbol": "UNH",
    "reportedCurrency": "USD",
    "cik": "0000731766",
    "fillingDate": "2015-05-06",
    "acceptedDate": "2015-05-06 17:25:37",
    "calendarYear": "2015",
    "period": "Q1",
    "revenue": 35756000000,
    "costOfRevenue": 26904000000,
    "grossProfit": 8852000000,
    "grossProfitRatio": 0.2475668419,
    "researchAndDevelopmentExpenses": 0,
    "generalAndAdministrativeExpenses": 0,
    "sellingAndMarketingExpenses": 0,
    "sellingGeneralAndAdministrativeExpenses": 0,
    "otherExpenses": 6212000000,
    "operatingExpenses": 6212000000,
    "costAndExpenses": 33116000000,
    "interestIncome": 0,
    "interestExpense": 150000000,
    "depreciationAndAmortization": 378000000,
    "ebitda": 3018000000,
    "ebitdaratio": 0.0844054145,
    "operatingIncome": 2640000000,
    "operatingIncomeRatio": 0.0738337622,
    "totalOtherIncomeExpensesNet": -150000000,
    "incomeBeforeTax": 2490000000,
    "incomeBeforeTaxRatio": 0.069638662,
    "incomeTaxExpense": 1077000000,
    "netIncome": 1413000000,
    "netIncomeRatio": 0.0395178432,
    "eps": 1.48,
    "epsdiluted": 1.46,
    "weightedAverageShsOut": 952000000,
    "weightedAverageShsOutDil": 969000000,
    "link": "https://www.sec.gov/Archives/edgar/data/731766/000073176615000016/0000731766-15-000016-index.htm",
    "finalLink": "https://www.sec.gov/Archives/edgar/data/731766/000073176615000016/unh201533110-q.htm"
  },
  {
    "date": "2014-12-31",
    "symbol": "UNH",
    "reportedCurrency": "USD",
    "cik": "0000731766",
    "fillingDate": "2015-02-10",
    "acceptedDate": "2015-02-10 16:45:11",
    "calendarYear": "2014",
    "period": "Q4",
    "revenue": 33433000000,
    "costOfRevenue": 24442000000,
    "grossProfit": 8991000000,
    "grossProfitRatio": 0.2689259115,
    "researchAndDevelopmentExpenses": 0,
    "generalAndAdministrativeExpenses": 0,
    "sellingAndMarketingExpenses": 0,
    "sellingGeneralAndAdministrativeExpenses": 0,
    "otherExpenses": 6226000000,
    "operatingExpenses": 6226000000,
    "costAndExpenses": 30668000000,
    "interestIncome": 0,
    "interestExpense": 151000000,
    "depreciationAndAmortization": 381000000,
    "ebitda": 3146000000,
    "ebitdaratio": 0.0940986451,
    "operatingIncome": 2765000000,
    "operatingIncomeRatio": 0.0827027189,
    "totalOtherIncomeExpensesNet": -151000000,
    "incomeBeforeTax": 2614000000,
    "incomeBeforeTaxRatio": 0.0781862232,
    "incomeTaxExpense": 1104000000,
    "netIncome": 1510000000,
    "netIncomeRatio": 0.0451649568,
    "eps": 1.58,
    "epsdiluted": 1.55,
    "weightedAverageShsOut": 954000000,
    "weightedAverageShsOutDil": 973000000,
    "link": "https://www.sec.gov/Archives/edgar/data/731766/000073176615000007/0000731766-15-000007-index.htm",
    "finalLink": "https://www.sec.gov/Archives/edgar/data/731766/000073176615000007/unh2014123110-k.htm"
  },
  {
    "date": "2014-09-30",
    "symbol": "UNH",
    "reportedCurrency": "USD",
    "cik": "0000731766",
    "fillingDate": "2014-11-10",
    "acceptedDate": "2014-11-10 12:26:44",
    "calendarYear": "2014",
    "period": "Q3",
    "revenue": 32759000000,
    "costOfRevenue": 24047000000,
    "grossProfit": 8712000000,
    "grossProfitRatio": 0.2659421838,
    "researchAndDevelopmentExpenses": 0,
    "generalAndAdministrativeExpenses": 0,
    "sellingAndMarketingExpenses": 0,
    "sellingGeneralAndAdministrativeExpenses": 0,
    "otherExpenses": 5809000000,
    "operatingExpenses": 5809000000,
    "costAndExpenses": 29856000000,
    "interestIncome": 0,
    "interestExpense": 152000000,
    "depreciationAndAmortization": 373000000,
    "ebitda": 3276000000,
    "ebitdaratio": 0.1000030526,
    "operatingIncome": 2903000000,
    "operatingIncomeRatio": 0.0886168686,
    "totalOtherIncomeExpensesNet": -152000000,
    "incomeBeforeTax": 2751000000,
    "incomeBeforeTaxRatio": 0.0839769224,
    "incomeTaxExpense": 1149000000,
    "netIncome": 1602000000,
    "netIncomeRatio": 0.0489025917,
    "eps": 1.67,
    "epsdiluted": 1.63,
    "weightedAverageShsOut": 962000000,
    "weightedAverageShsOutDil": 982000000,
    "link": "https://www.sec.gov/Archives/edgar/data/731766/000073176614000051/0000731766-14-000051-index.htm",
    "finalLink": "https://www.sec.gov/Archives/edgar/data/731766/000073176614000051/unh201493010-q.htm"
  },
  {
    "date": "2014-06-30",
    "symbol": "UNH",
    "reportedCurrency": "USD",
    "cik": "0000731766",
    "fillingDate": "2014-08-04",
    "acceptedDate": "2014-08-04 16:04:27",
    "calendarYear": "2014",
    "period": "Q2",
    "revenue": 32574000000,
    "costOfRevenue": 24452000000,
    "grossProfit": 8122000000,
    "grossProfitRatio": 0.2493399644,
    "researchAndDevelopmentExpenses": 0,
    "generalAndAdministrativeExpenses": 0,
    "sellingAndMarketingExpenses": 0,
    "sellingGeneralAndAdministrativeExpenses": 0,
    "otherExpenses": 5570000000,
    "operatingExpenses": 5570000000,
    "costAndExpenses": 30022000000,
    "interestIncome": 0,
    "interestExpense": 155000000,
    "depreciationAndAmortization": 364000000,
    "ebitda": 2916000000,
    "ebitdaratio": 0.0895192485,
    "operatingIncome": 2552000000,
    "operatingIncomeRatio": 0.0783446921,
    "totalOtherIncomeExpensesNet": -155000000,
    "incomeBeforeTax": 2397000000,
    "incomeBeforeTaxRatio": 0.0735862958,
    "incomeTaxExpense": 989000000,
    "netIncome": 1408000000,
    "netIncomeRatio": 0.0432246577,
    "eps": 1.45,
    "epsdiluted": 1.42,
    "weightedAverageShsOut": 973000000,
    "weightedAverageShsOutDil": 991000000,
    "link": "https://www.sec.gov/Archives/edgar/data/731766/000073176614000042/0000731766-14-000042-index.htm",
    "finalLink": "https://www.sec.gov/Archives/edgar/data/731766/000073176614000042/unh201463010-q.htm"
  },
  {
    "date": "2014-03-31",
    "symbol": "UNH",
    "reportedCurrency": "USD",
    "cik": "0000731766",
    "fillingDate": "2014-05-06",
    "acceptedDate": "2014-05-06 16:40:54",
    "calendarYear": "2014",
    "period": "Q1",
    "revenue": 31708000000,
    "costOfRevenue": 24100000000,
    "grossProfit": 7608000000,
    "grossProfitRatio": 0.2399394475,
    "researchAndDevelopmentExpenses": 0,
    "generalAndAdministrativeExpenses": 0,
    "sellingAndMarketingExpenses": 0,
    "sellingGeneralAndAdministrativeExpenses": 0,
    "otherExpenses": 5554000000,
    "operatingExpenses": 5554000000,
    "costAndExpenses": 29654000000,
    "interestIncome": 0,
    "interestExpense": 160000000,
    "depreciationAndAmortization": 360000000,
    "ebitda": 2414000000,
    "ebitdaratio": 0.0761322064,
    "operatingIncome": 2054000000,
    "operatingIncomeRatio": 0.0647786048,
    "totalOtherIncomeExpensesNet": -160000000,
    "incomeBeforeTax": 1894000000,
    "incomeBeforeTaxRatio": 0.0597325596,
    "incomeTaxExpense": 795000000,
    "netIncome": 1099000000,
    "netIncomeRatio": 0.0346600227,
    "eps": 1.12,
    "epsdiluted": 1.1,
    "weightedAverageShsOut": 984000000,
    "weightedAverageShsOutDil": 996000000,
    "link": "https://www.sec.gov/Archives/edgar/data/731766/000073176614000025/0000731766-14-000025-index.htm",
    "finalLink": "https://www.sec.gov/Archives/edgar/data/731766/000073176614000025/unh201433110-q.htm"
  },
  {
    "date": "2013-12-31",
    "symbol": "UNH",
    "reportedCurrency": "USD",
    "cik": "0000731766",
    "fillingDate": "2014-02-12",
    "acceptedDate": "2014-02-12 16:32:19",
    "calendarYear": "2013",
    "period": "Q4",
    "revenue": 31117000000,
    "costOfRevenue": 23261000000,
    "grossProfit": 7856000000,
    "grossProfitRatio": 0.2524664974,
    "researchAndDevelopmentExpenses": 0,
    "generalAndAdministrativeExpenses": 0,
    "sellingAndMarketingExpenses": 0,
    "sellingGeneralAndAdministrativeExpenses": 0,
    "otherExpenses": 5404000000,
    "operatingExpenses": 5404000000,
    "costAndExpenses": 28665000000,
    "interestIncome": 0,
    "interestExpense": 176000000,
    "depreciationAndAmortization": 350000000,
    "ebitda": 2802000000,
    "ebitdaratio": 0.0900472411,
    "operatingIncome": 2452000000,
    "operatingIncomeRatio": 0.0787993701,
    "totalOtherIncomeExpensesNet": -176000000,
    "incomeBeforeTax": 2276000000,
    "incomeBeforeTaxRatio": 0.0731432979,
    "incomeTaxExpense": 849000000,
    "netIncome": 1427000000,
    "netIncomeRatio": 0.0458591767,
    "eps": 1.44,
    "epsdiluted": 1.41,
    "weightedAverageShsOut": 988000000,
    "weightedAverageShsOutDil": 1014000000,
    "link": "https://www.sec.gov/Archives/edgar/data/731766/000073176614000008/0000731766-14-000008-index.htm",
    "finalLink": "https://www.sec.gov/Archives/edgar/data/731766/000073176614000008/unh2013123110-k.htm"
  },
  {
    "date": "2013-09-30",
    "symbol": "UNH",
    "reportedCurrency": "USD",
    "cik": "0000731766",
    "fillingDate": "2013-11-07",
    "acceptedDate": "2013-11-07 16:03:34",
    "calendarYear": "2013",
    "period": "Q3",
    "revenue": 30624000000,
    "costOfRevenue": 22775000000,
    "grossProfit": 7849000000,
    "grossProfitRatio": 0.2563022466,
    "researchAndDevelopmentExpenses": 0,
    "generalAndAdministrativeExpenses": 0,
    "sellingAndMarketingExpenses": 0,
    "sellingGeneralAndAdministrativeExpenses": 0,
    "otherExpenses": 5218000000,
    "operatingExpenses": 5218000000,
    "costAndExpenses": 27993000000,
    "interestIncome": 0,
    "interestExpense": 178000000,
    "depreciationAndAmortization": 349000000,
    "ebitda": 2980000000,
    "ebitdaratio": 0.0973092999,
    "operatingIncome": 2631000000,
    "operatingIncomeRatio": 0.0859130094,
    "totalOtherIncomeExpensesNet": -178000000,
    "incomeBeforeTax": 2453000000,
    "incomeBeforeTaxRatio": 0.0801005747,
    "incomeTaxExpense": 883000000,
    "netIncome": 1570000000,
    "netIncomeRatio": 0.0512669801,
    "eps": 1.57,
    "epsdiluted": 1.53,
    "weightedAverageShsOut": 998000000,
    "weightedAverageShsOutDil": 1024000000,
    "link": "https://www.sec.gov/Archives/edgar/data/731766/000073176613000034/0000731766-13-000034-index.htm",
    "finalLink": "https://www.sec.gov/Archives/edgar/data/731766/000073176613000034/unh201393010-q.htm"
  },
  {
    "date": "2013-06-30",
    "symbol": "UNH",
    "reportedCurrency": "USD",
    "cik": "0000731766",
    "fillingDate": "2013-08-05",
    "acceptedDate": "2013-08-05 16:09:40",
    "calendarYear": "2013",
    "period": "Q2",
    "revenue": 30408000000,
    "costOfRevenue": 22842000000,
    "grossProfit": 7566000000,
    "grossProfitRatio": 0.248816101,
    "researchAndDevelopmentExpenses": 0,
    "generalAndAdministrativeExpenses": 0,
    "sellingAndMarketingExpenses": 0,
    "sellingGeneralAndAdministrativeExpenses": 0,
    "otherExpenses": 5165000000,
    "operatingExpenses": 5165000000,
    "costAndExpenses": 28007000000,
    "interestIncome": 0,
    "interestExpense": 176000000,
    "depreciationAndAmortization": 340000000,
    "ebitda": 2741000000,
    "ebitdaratio": 0.0901407524,
    "operatingIncome": 2401000000,
    "operatingIncomeRatio": 0.0789594843,
    "totalOtherIncomeExpensesNet": -176000000,
    "incomeBeforeTax": 2225000000,
    "incomeBeforeTaxRatio": 0.0731715338,
    "incomeTaxExpense": 789000000,
    "netIncome": 1436000000,
    "netIncomeRatio": 0.0472244146,
    "eps": 1.43,
    "epsdiluted": 1.4,
    "weightedAverageShsOut": 1006000000,
    "weightedAverageShsOutDil": 1026000000,
    "link": "https://www.sec.gov/Archives/edgar/data/731766/000073176613000026/0000731766-13-000026-index.htm",
    "finalLink": "https://www.sec.gov/Archives/edgar/data/731766/000073176613000026/unh201363010-q.htm"
  },
  {
    "date": "2013-03-31",
    "symbol": "UNH",
    "reportedCurrency": "USD",
    "cik": "0000731766",
    "fillingDate": "2013-05-06",
    "acceptedDate": "2013-05-06 16:47:57",
    "calendarYear": "2013",
    "period": "Q1",
    "revenue": 30340000000,
    "costOfRevenue": 23251000000,
    "grossProfit": 7089000000,
    "grossProfitRatio": 0.2336519446,
    "researchAndDevelopmentExpenses": 0,
    "generalAndAdministrativeExpenses": 0,
    "sellingAndMarketingExpenses": 0,
    "sellingGeneralAndAdministrativeExpenses": 0,
    "otherExpenses": 4950000000,
    "operatingExpenses": 4950000000,
    "costAndExpenses": 28201000000,
    "interestIncome": 0,
    "interestExpense": 178000000,
    "depreciationAndAmortization": 336000000,
    "ebitda": 2475000000,
    "ebitdaratio": 0.0815754779,
    "operatingIncome": 2139000000,
    "operatingIncomeRatio": 0.0705009888,
    "totalOtherIncomeExpensesNet": -178000000,
    "incomeBeforeTax": 1961000000,
    "incomeBeforeTaxRatio": 0.0646341463,
    "incomeTaxExpense": 721000000,
    "netIncome": 1192000000,
    "netIncomeRatio": 0.0392880686,
    "eps": 1.18,
    "epsdiluted": 1.16,
    "weightedAverageShsOut": 1013000000,
    "weightedAverageShsOutDil": 1029000000,
    "link": "https://www.sec.gov/Archives/edgar/data/731766/000073176613000014/0000731766-13-000014-index.htm",
    "finalLink": "https://www.sec.gov/Archives/edgar/data/731766/000073176613000014/unh201333110-q.htm"
  },
  {
    "date": "2012-12-31",
    "symbol": "UNH",
    "reportedCurrency": "USD",
    "cik": "0000731766",
    "fillingDate": "2013-02-07",
    "acceptedDate": "2013-02-06 18:00:09",
    "calendarYear": "2012",
    "period": "Q4",
    "revenue": 28769000000,
    "costOfRevenue": 21445000000,
    "grossProfit": 7324000000,
    "grossProfitRatio": 0.2545795822,
    "researchAndDevelopmentExpenses": 0,
    "generalAndAdministrativeExpenses": 0,
    "sellingAndMarketingExpenses": 0,
    "sellingGeneralAndAdministrativeExpenses": 0,
    "otherExpenses": 5223000000,
    "operatingExpenses": 5223000000,
    "costAndExpenses": 26668000000,
    "interestIncome": 0,
    "interestExpense": 173000000,
    "depreciationAndAmortization": 370000000,
    "ebitda": 2471000000,
    "ebitdaratio": 0.0858910633,
    "operatingIncome": 2101000000,
    "operatingIncomeRatio": 0.0730299976,
    "totalOtherIncomeExpensesNet": -173000000,
    "incomeBeforeTax": 1928000000,
    "incomeBeforeTaxRatio": 0.0670165803,
    "incomeTaxExpense": 684000000,
    "netIncome": 1244000000,
    "netIncomeRatio": 0.0432409886,
    "eps": 1.22,
    "epsdiluted": 1.2,
    "weightedAverageShsOut": 1019000000,
    "weightedAverageShsOutDil": 1037000000,
    "link": "https://www.sec.gov/Archives/edgar/data/731766/000073176613000005/0000731766-13-000005-index.htm",
    "finalLink": "https://www.sec.gov/Archives/edgar/data/731766/000073176613000005/unh2012123110-k.htm"
  },
  {
    "date": "2012-09-30",
    "symbol": "UNH",
    "reportedCurrency": "USD",
    "cik": "0000731766",
    "fillingDate": "2012-10-30",
    "acceptedDate": "2012-10-30 16:11:40",
    "calendarYear": "2012",
    "period": "Q3",
    "revenue": 27302000000,
    "costOfRevenue": 20098000000,
    "grossProfit": 7204000000,
    "grossProfitRatio": 0.2638634532,
    "researchAndDevelopmentExpenses": 0,
    "generalAndAdministrativeExpenses": 0,
    "sellingAndMarketingExpenses": 0,
    "sellingGeneralAndAdministrativeExpenses": 4277000000,
    "otherExpenses": 317000000,
    "operatingExpenses": 4594000000,
    "costAndExpenses": 24692000000,
    "interestIncome": 0,
    "interestExpense": 158000000,
    "depreciationAndAmortization": 317000000,
    "ebitda": 2927000000,
    "ebitdaratio": 0.1072082631,
    "operatingIncome": 2610000000,
    "operatingIncomeRatio": 0.0955973921,
    "totalOtherIncomeExpensesNet": -158000000,
    "incomeBeforeTax": 2452000000,
    "incomeBeforeTaxRatio": 0.0898102703,
    "incomeTaxExpense": 895000000,
    "netIncome": 1557000000,
    "netIncomeRatio": 0.0570287891,
    "eps": 1.54,
    "epsdiluted": 1.5,
    "weightedAverageShsOut": 1012000000,
    "weightedAverageShsOutDil": 1039000000,
    "link": "https://www.sec.gov/Archives/edgar/data/731766/000073176612000038/0000731766-12-000038-index.htm",
    "finalLink": "https://www.sec.gov/Archives/edgar/data/731766/000073176612000038/unh201293010q.htm"
  },
  {
    "date": "2012-06-30",
    "symbol": "UNH",
    "reportedCurrency": "USD",
    "cik": "0000731766",
    "fillingDate": "2012-08-07",
    "acceptedDate": "2012-08-07 16:05:06",
    "calendarYear": "2012",
    "period": "Q2",
    "revenue": 27265000000,
    "costOfRevenue": 20633000000,
    "grossProfit": 6632000000,
    "grossProfitRatio": 0.243242252,
    "researchAndDevelopmentExpenses": 0,
    "generalAndAdministrativeExpenses": 0,
    "sellingAndMarketingExpenses": 0,
    "sellingGeneralAndAdministrativeExpenses": 4080000000,
    "otherExpenses": 326000000,
    "operatingExpenses": 4406000000,
    "costAndExpenses": 25039000000,
    "interestIncome": 0,
    "interestExpense": 153000000,
    "depreciationAndAmortization": 326000000,
    "ebitda": 2552000000,
    "ebitdaratio": 0.0935998533,
    "operatingIncome": 2226000000,
    "operatingIncomeRatio": 0.0816431322,
    "totalOtherIncomeExpensesNet": -153000000,
    "incomeBeforeTax": 2073000000,
    "incomeBeforeTaxRatio": 0.0760315423,
    "incomeTaxExpense": 736000000,
    "netIncome": 1337000000,
    "netIncomeRatio": 0.0490372272,
    "eps": 1.31,
    "epsdiluted": 1.27,
    "weightedAverageShsOut": 1024000000,
    "weightedAverageShsOutDil": 1049000000,
    "link": "https://www.sec.gov/Archives/edgar/data/731766/000073176612000028/0000731766-12-000028-index.htm",
    "finalLink": "https://www.sec.gov/Archives/edgar/data/731766/000073176612000028/unh201263010q.htm"
  },
  {
    "date": "2012-03-31",
    "symbol": "UNH",
    "reportedCurrency": "USD",
    "cik": "0000731766",
    "fillingDate": "2012-05-03",
    "acceptedDate": "2012-05-03 16:23:59",
    "calendarYear": "2012",
    "period": "Q1",
    "revenue": 27282000000,
    "costOfRevenue": 20573000000,
    "grossProfit": 6709000000,
    "grossProfitRatio": 0.2459130562,
    "researchAndDevelopmentExpenses": 0,
    "generalAndAdministrativeExpenses": 0,
    "sellingAndMarketingExpenses": 0,
    "sellingGeneralAndAdministrativeExpenses": 4096000000,
    "otherExpenses": 296000000,
    "operatingExpenses": 4392000000,
    "costAndExpenses": 24965000000,
    "interestIncome": 0,
    "interestExpense": 148000000,
    "depreciationAndAmortization": 296000000,
    "ebitda": 2613000000,
    "ebitdaratio": 0.0957774357,
    "operatingIncome": 2317000000,
    "operatingIncomeRatio": 0.0849277912,
    "totalOtherIncomeExpensesNet": -148000000,
    "incomeBeforeTax": 2169000000,
    "incomeBeforeTaxRatio": 0.079502969,
    "incomeTaxExpense": 781000000,
    "netIncome": 1388000000,
    "netIncomeRatio": 0.0508760355,
    "eps": 1.34,
    "epsdiluted": 1.31,
    "weightedAverageShsOut": 1033000000,
    "weightedAverageShsOutDil": 1060000000,
    "link": "https://www.sec.gov/Archives/edgar/data/731766/000073176612000015/0000731766-12-000015-index.htm",
    "finalLink": "https://www.sec.gov/Archives/edgar/data/731766/000073176612000015/unh201233110q.htm"
  },
  {
    "date": "2011-12-31",
    "symbol": "UNH",
    "reportedCurrency": "USD",
    "cik": "0000731766",
    "fillingDate": "2012-02-09",
    "acceptedDate": "2012-02-08 19:46:55",
    "calendarYear": "2011",
    "period": "Q4",
    "revenue": 25774000000,
    "costOfRevenue": 19244000000,
    "grossProfit": 6530000000,
    "grossProfitRatio": 0.2533560953,
    "researchAndDevelopmentExpenses": 0,
    "generalAndAdministrativeExpenses": 0,
    "sellingAndMarketingExpenses": 0,
    "sellingGeneralAndAdministrativeExpenses": 4308000000,
    "otherExpenses": 290000000,
    "operatingExpenses": 4598000000,
    "costAndExpenses": 23700000000,
    "interestIncome": 0,
    "interestExpense": 139000000,
    "depreciationAndAmortization": 290000000,
    "ebitda": 2364000000,
    "ebitdaratio": 0.0917203383,
    "operatingIncome": 2074000000,
    "operatingIncomeRatio": 0.0804686894,
    "totalOtherIncomeExpensesNet": -139000000,
    "incomeBeforeTax": 1935000000,
    "incomeBeforeTaxRatio": 0.0750756576,
    "incomeTaxExpense": 677000000,
    "netIncome": 1258000000,
    "netIncomeRatio": 0.0488088772,
    "eps": 1.19,
    "epsdiluted": 1.17,
    "weightedAverageShsOut": 1058000000,
    "weightedAverageShsOutDil": 1075000000,
    "link": "https://www.sec.gov/Archives/edgar/data/731766/000073176612000009/0000731766-12-000009-index.htm",
    "finalLink": "https://www.sec.gov/Archives/edgar/data/731766/000073176612000009/unh2011123110k.htm"
  },
  {
    "date": "2011-09-30",
    "symbol": "UNH",
    "reportedCurrency": "USD",
    "cik": "0000731766",
    "fillingDate": "2011-11-04",
    "acceptedDate": "2011-11-04 17:05:48",
    "calendarYear": "2011",
    "period": "Q3",
    "revenue": 25280000000,
    "costOfRevenue": 19017000000,
    "grossProfit": 6093000000,
    "grossProfitRatio": 0.2410205696,
    "researchAndDevelopmentExpenses": 0,
    "generalAndAdministrativeExpenses": 0,
    "sellingAndMarketingExpenses": 0,
    "sellingGeneralAndAdministrativeExpenses": 3899000000,
    "otherExpenses": 294000000,
    "operatingExpenses": 4193000000,
    "costAndExpenses": 23210000000,
    "interestIncome": 0,
    "interestExpense": 129000000,
    "depreciationAndAmortization": 294000000,
    "ebitda": 2364000000,
    "ebitdaratio": 0.0935126582,
    "operatingIncome": 2070000000,
    "operatingIncomeRatio": 0.0818829114,
    "totalOtherIncomeExpensesNet": -129000000,
    "incomeBeforeTax": 1941000000,
    "incomeBeforeTaxRatio": 0.0767800633,
    "incomeTaxExpense": 670000000,
    "netIncome": 1271000000,
    "netIncomeRatio": 0.0502768987,
    "eps": 1.21,
    "epsdiluted": 1.17,
    "weightedAverageShsOut": 1054000000,
    "weightedAverageShsOutDil": 1083000000,
    "link": "https://www.sec.gov/Archives/edgar/data/731766/000073176611000012/0000731766-11-000012-index.htm",
    "finalLink": "https://www.sec.gov/Archives/edgar/data/731766/000073176611000012/unh201193010q.htm"
  },
  {
    "date": "2011-06-30",
    "symbol": "UNH",
    "reportedCurrency": "USD",
    "cik": "0000731766",
    "fillingDate": "2011-08-02",
    "acceptedDate": "2011-08-02 16:20:15",
    "calendarYear": "2011",
    "period": "Q2",
    "revenue": 25234000000,
    "costOfRevenue": 19132000000,
    "grossProfit": 5942000000,
    "grossProfitRatio": 0.2354759452,
    "researchAndDevelopmentExpenses": 0,
    "generalAndAdministrativeExpenses": 0,
    "sellingAndMarketingExpenses": 0,
    "sellingGeneralAndAdministrativeExpenses": 3733000000,
    "otherExpenses": 270000000,
    "operatingExpenses": 4003000000,
    "costAndExpenses": 23135000000,
    "interestIncome": 0,
    "interestExpense": 119000000,
    "depreciationAndAmortization": 270000000,
    "ebitda": 2369000000,
    "ebitdaratio": 0.0938812713,
    "operatingIncome": 2099000000,
    "operatingIncomeRatio": 0.0831814219,
    "totalOtherIncomeExpensesNet": -119000000,
    "incomeBeforeTax": 1980000000,
    "incomeBeforeTaxRatio": 0.0784655623,
    "incomeTaxExpense": 713000000,
    "netIncome": 1267000000,
    "netIncomeRatio": 0.0502100341,
    "eps": 1.19,
    "epsdiluted": 1.16,
    "weightedAverageShsOut": 1069000000,
    "weightedAverageShsOutDil": 1094000000,
    "link": "https://www.sec.gov/Archives/edgar/data/731766/000119312511206372/0001193125-11-206372-index.htm",
    "finalLink": "https://www.sec.gov/Archives/edgar/data/731766/000119312511206372/d10q.htm"
  },
  {
    "date": "2011-03-31",
    "symbol": "UNH",
    "reportedCurrency": "USD",
    "cik": "0000731766",
    "fillingDate": "2011-05-03",
    "acceptedDate": "2011-05-03 17:28:02",
    "calendarYear": "2011",
    "period": "Q1",
    "revenue": 25432000000,
    "costOfRevenue": 19324000000,
    "grossProfit": 5926000000,
    "grossProfitRatio": 0.2330135263,
    "researchAndDevelopmentExpenses": 0,
    "generalAndAdministrativeExpenses": 0,
    "sellingAndMarketingExpenses": 0,
    "sellingGeneralAndAdministrativeExpenses": 3617000000,
    "otherExpenses": 270000000,
    "operatingExpenses": 3887000000,
    "costAndExpenses": 23211000000,
    "interestIncome": 0,
    "interestExpense": 118000000,
    "depreciationAndAmortization": 270000000,
    "ebitda": 2491000000,
    "ebitdaratio": 0.0979474678,
    "operatingIncome": 2221000000,
    "operatingIncomeRatio": 0.0873309217,
    "totalOtherIncomeExpensesNet": -118000000,
    "incomeBeforeTax": 2103000000,
    "incomeBeforeTaxRatio": 0.0826910978,
    "incomeTaxExpense": 757000000,
    "netIncome": 1346000000,
    "netIncomeRatio": 0.0529254483,
    "eps": 1.25,
    "epsdiluted": 1.22,
    "weightedAverageShsOut": 1077000000,
    "weightedAverageShsOutDil": 1099000000,
    "link": "https://www.sec.gov/Archives/edgar/data/731766/000119312511124184/0001193125-11-124184-index.htm",
    "finalLink": "https://www.sec.gov/Archives/edgar/data/731766/000119312511124184/d10q.htm"
  },
  {
    "date": "2010-12-31",
    "symbol": "UNH",
    "reportedCurrency": "USD",
    "cik": "0000731766",
    "fillingDate": "2011-02-10",
    "acceptedDate": "2011-02-10 16:04:42",
    "calendarYear": "2010",
    "period": "Q4",
    "revenue": 24030000000,
    "costOfRevenue": 7638000000,
    "grossProfit": 15783000000,
    "grossProfitRatio": 0.656803995,
    "researchAndDevelopmentExpenses": 0,
    "generalAndAdministrativeExpenses": 0,
    "sellingAndMarketingExpenses": 0,
    "sellingGeneralAndAdministrativeExpenses": 0,
    "otherExpenses": 14590000000,
    "operatingExpenses": 14590000000,
    "costAndExpenses": 22228000000,
    "interestIncome": 0,
    "interestExpense": 118000000,
    "depreciationAndAmortization": 320000000,
    "ebitda": 2122000000,
    "ebitdaratio": 0.0883062838,
    "operatingIncome": 1802000000,
    "operatingIncomeRatio": 0.0749895963,
    "totalOtherIncomeExpensesNet": -118000000,
    "incomeBeforeTax": 1684000000,
    "incomeBeforeTaxRatio": 0.0700790678,
    "incomeTaxExpense": 641000000,
    "netIncome": 1043000000,
    "netIncomeRatio": 0.0434040782,
    "eps": 0.96,
    "epsdiluted": 0.94,
    "weightedAverageShsOut": 1093000000,
    "weightedAverageShsOutDil": 1107000000,
    "link": "https://www.sec.gov/Archives/edgar/data/731766/000119312511030615/0001193125-11-030615-index.htm",
    "finalLink": "https://www.sec.gov/Archives/edgar/data/731766/000119312511030615/d10k.htm"
  },
  {
    "date": "2010-09-30",
    "symbol": "UNH",
    "reportedCurrency": "USD",
    "cik": "0000731766",
    "fillingDate": "2010-11-03",
    "acceptedDate": "2010-11-03 16:08:09",
    "calendarYear": "2010",
    "period": "Q3",
    "revenue": 23668000000,
    "costOfRevenue": 17728000000,
    "grossProfit": 5804000000,
    "grossProfitRatio": 0.2452256211,
    "researchAndDevelopmentExpenses": 0,
    "generalAndAdministrativeExpenses": 0,
    "sellingAndMarketingExpenses": 0,
    "sellingGeneralAndAdministrativeExpenses": 3548000000,
    "otherExpenses": 247000000,
    "operatingExpenses": 3795000000,
    "costAndExpenses": 21523000000,
    "interestIncome": 0,
    "interestExpense": 119000000,
    "depreciationAndAmortization": 247000000,
    "ebitda": 2392000000,
    "ebitdaratio": 0.1010647287,
    "operatingIncome": 2145000000,
    "operatingIncomeRatio": 0.090628697,
    "totalOtherIncomeExpensesNet": -119000000,
    "incomeBeforeTax": 2026000000,
    "incomeBeforeTaxRatio": 0.0856008112,
    "incomeTaxExpense": 749000000,
    "netIncome": 1277000000,
    "netIncomeRatio": 0.0539547068,
    "eps": 1.16,
    "epsdiluted": 1.14,
    "weightedAverageShsOut": 1099000000,
    "weightedAverageShsOutDil": 1124000000,
    "link": "https://www.sec.gov/Archives/edgar/data/731766/000119312510246111/0001193125-10-246111-index.htm",
    "finalLink": "https://www.sec.gov/Archives/edgar/data/731766/000119312510246111/d10q.htm"
  },
  {
    "date": "2010-06-30",
    "symbol": "UNH",
    "reportedCurrency": "USD",
    "cik": "0000731766",
    "fillingDate": "2010-08-05",
    "acceptedDate": "2010-08-05 15:35:10",
    "calendarYear": "2010",
    "period": "Q2",
    "revenue": 23264000000,
    "costOfRevenue": 17755000000,
    "grossProfit": 5360000000,
    "grossProfitRatio": 0.2303988996,
    "researchAndDevelopmentExpenses": 0,
    "generalAndAdministrativeExpenses": 0,
    "sellingAndMarketingExpenses": 0,
    "sellingGeneralAndAdministrativeExpenses": 3359000000,
    "otherExpenses": 249000000,
    "operatingExpenses": 3608000000,
    "costAndExpenses": 21363000000,
    "interestIncome": 0,
    "interestExpense": 119000000,
    "depreciationAndAmortization": 249000000,
    "ebitda": 2150000000,
    "ebitdaratio": 0.0924174691,
    "operatingIncome": 1901000000,
    "operatingIncomeRatio": 0.0817142366,
    "totalOtherIncomeExpensesNet": -119000000,
    "incomeBeforeTax": 1782000000,
    "incomeBeforeTaxRatio": 0.0765990371,
    "incomeTaxExpense": 659000000,
    "netIncome": 1123000000,
    "netIncomeRatio": 0.0482720083,
    "eps": 0.97,
    "epsdiluted": 0.98,
    "weightedAverageShsOut": 1145000000,
    "weightedAverageShsOutDil": 1145000000,
    "link": "https://www.sec.gov/Archives/edgar/data/731766/000119312510179226/0001193125-10-179226-index.htm",
    "finalLink": "https://www.sec.gov/Archives/edgar/data/731766/000119312510179226/d10q.htm"
  },
  {
    "date": "2010-03-31",
    "symbol": "UNH",
    "reportedCurrency": "USD",
    "cik": "0000731766",
    "fillingDate": "2010-05-05",
    "acceptedDate": "2010-05-05 16:22:54",
    "calendarYear": "2010",
    "period": "Q1",
    "revenue": 23193000000,
    "costOfRevenue": 17653000000,
    "grossProfit": 5367000000,
    "grossProfitRatio": 0.2314060277,
    "researchAndDevelopmentExpenses": 0,
    "generalAndAdministrativeExpenses": 0,
    "sellingAndMarketingExpenses": 0,
    "sellingGeneralAndAdministrativeExpenses": 3276000000,
    "otherExpenses": 248000000,
    "operatingExpenses": 3524000000,
    "costAndExpenses": 21177000000,
    "interestIncome": 0,
    "interestExpense": 125000000,
    "depreciationAndAmortization": 248000000,
    "ebitda": 2264000000,
    "ebitdaratio": 0.0976156599,
    "operatingIncome": 2016000000,
    "operatingIncomeRatio": 0.0869227784,
    "totalOtherIncomeExpensesNet": -125000000,
    "incomeBeforeTax": 1891000000,
    "incomeBeforeTaxRatio": 0.0815332212,
    "incomeTaxExpense": 700000000,
    "netIncome": 1191000000,
    "netIncomeRatio": 0.0513517009,
    "eps": 1.05,
    "epsdiluted": 1.03,
    "weightedAverageShsOut": 1133000000,
    "weightedAverageShsOutDil": 1156000000,
    "link": "https://www.sec.gov/Archives/edgar/data/731766/000119312510108897/0001193125-10-108897-index.htm",
    "finalLink": "https://www.sec.gov/Archives/edgar/data/731766/000119312510108897/d10q.htm"
  },
  {
    "date": "2009-12-31",
    "symbol": "UNH",
    "reportedCurrency": "USD",
    "cik": "0000731766",
    "fillingDate": "2010-02-10",
    "acceptedDate": "2010-02-10 16:37:06",
    "calendarYear": "2009",
    "period": "Q4",
    "revenue": 21784000000,
    "costOfRevenue": 19951000000,
    "grossProfit": 1833000000,
    "grossProfitRatio": 0.0841443261,
    "researchAndDevelopmentExpenses": 0,
    "generalAndAdministrativeExpenses": 0,
    "sellingAndMarketingExpenses": 0,
    "sellingGeneralAndAdministrativeExpenses": 0,
    "otherExpenses": 258000000,
    "operatingExpenses": 258000000,
    "costAndExpenses": 20209000000,
    "interestIncome": 0,
    "interestExpense": 144000000,
    "depreciationAndAmortization": 258000000,
    "ebitda": 1833000000,
    "ebitdaratio": 0.0841443261,
    "operatingIncome": 1575000000,
    "operatingIncomeRatio": 0.0723007712,
    "totalOtherIncomeExpensesNet": -144000000,
    "incomeBeforeTax": 1431000000,
    "incomeBeforeTaxRatio": 0.065690415,
    "incomeTaxExpense": 487000000,
    "netIncome": 944000000,
    "netIncomeRatio": 0.0433345575,
    "eps": 0.82,
    "epsdiluted": 0.81,
    "weightedAverageShsOut": 1153000000,
    "weightedAverageShsOutDil": 1164000000,
    "link": "https://www.sec.gov/Archives/edgar/data/731766/000119312510027229/0001193125-10-027229-index.htm",
    "finalLink": "https://www.sec.gov/Archives/edgar/data/731766/000119312510027229/d10k.htm"
  },
  {
    "date": "2009-09-30",
    "symbol": "UNH",
    "reportedCurrency": "USD",
    "cik": "0000731766",
    "fillingDate": "2009-11-03",
    "acceptedDate": "2009-11-03 16:14:24",
    "calendarYear": "2009",
    "period": "Q3",
    "revenue": 21695000000,
    "costOfRevenue": 19769000000,
    "grossProfit": 1926000000,
    "grossProfitRatio": 0.0887762157,
    "researchAndDevelopmentExpenses": 0,
    "generalAndAdministrativeExpenses": 0,
    "sellingAndMarketingExpenses": 0,
    "sellingGeneralAndAdministrativeExpenses": 0,
    "otherExpenses": 250000000,
    "operatingExpenses": 250000000,
    "costAndExpenses": 20019000000,
    "interestIncome": 0,
    "interestExpense": 137000000,
    "depreciationAndAmortization": 250000000,
    "ebitda": 1926000000,
    "ebitdaratio": 0.0887762157,
    "operatingIncome": 1676000000,
    "operatingIncomeRatio": 0.0772528232,
    "totalOtherIncomeExpensesNet": -137000000,
    "incomeBeforeTax": 1539000000,
    "incomeBeforeTaxRatio": 0.0709380041,
    "incomeTaxExpense": 504000000,
    "netIncome": 1035000000,
    "netIncomeRatio": 0.0477068449,
    "eps": 0.88,
    "epsdiluted": 0.89,
    "weightedAverageShsOut": 1184000000,
    "weightedAverageShsOutDil": 1184000000,
    "link": "https://www.sec.gov/Archives/edgar/data/731766/000119312509222100/0001193125-09-222100-index.htm",
    "finalLink": "https://www.sec.gov/Archives/edgar/data/731766/000119312509222100/d10q.htm"
  },
  {
    "date": "2009-06-30",
    "symbol": "UNH",
    "reportedCurrency": "USD",
    "cik": "0000731766",
    "fillingDate": "2009-08-06",
    "acceptedDate": "2009-08-06 16:07:57",
    "calendarYear": "2009",
    "period": "Q2",
    "revenue": 21655000000,
    "costOfRevenue": 19966000000,
    "grossProfit": 1689000000,
    "grossProfitRatio": 0.0779958439,
    "researchAndDevelopmentExpenses": 0,
    "generalAndAdministrativeExpenses": 0,
    "sellingAndMarketingExpenses": 0,
    "sellingGeneralAndAdministrativeExpenses": 0,
    "otherExpenses": 249000000,
    "operatingExpenses": 249000000,
    "costAndExpenses": 20215000000,
    "interestIncome": 0,
    "interestExpense": 139000000,
    "depreciationAndAmortization": 249000000,
    "ebitda": 1689000000,
    "ebitdaratio": 0.0779958439,
    "operatingIncome": 1440000000,
    "operatingIncomeRatio": 0.0664973447,
    "totalOtherIncomeExpensesNet": -139000000,
    "incomeBeforeTax": 1301000000,
    "incomeBeforeTaxRatio": 0.0600785038,
    "incomeTaxExpense": 442000000,
    "netIncome": 859000000,
    "netIncomeRatio": 0.0396675133,
    "eps": 0.73,
    "epsdiluted": 0.73,
    "weightedAverageShsOut": 1198000000,
    "weightedAverageShsOutDil": 1198000000,
    "link": "https://www.sec.gov/Archives/edgar/data/731766/000119312509167160/0001193125-09-167160-index.htm",
    "finalLink": "https://www.sec.gov/Archives/edgar/data/731766/000119312509167160/d10q.htm"
  },
  {
    "date": "2009-03-31",
    "symbol": "UNH",
    "reportedCurrency": "USD",
    "cik": "0000731766",
    "fillingDate": "2009-05-07",
    "acceptedDate": "2009-05-07 16:05:52",
    "calendarYear": "2009",
    "period": "Q1",
    "revenue": 22004000000,
    "costOfRevenue": 20102000000,
    "grossProfit": 1902000000,
    "grossProfitRatio": 0.0864388293,
    "researchAndDevelopmentExpenses": 0,
    "generalAndAdministrativeExpenses": 0,
    "sellingAndMarketingExpenses": 0,
    "sellingGeneralAndAdministrativeExpenses": 0,
    "otherExpenses": 234000000,
    "operatingExpenses": 234000000,
    "costAndExpenses": 20336000000,
    "interestIncome": 0,
    "interestExpense": 131000000,
    "depreciationAndAmortization": 234000000,
    "ebitda": 1902000000,
    "ebitdaratio": 0.0864388293,
    "operatingIncome": 1668000000,
    "operatingIncomeRatio": 0.0758043992,
    "totalOtherIncomeExpensesNet": -131000000,
    "incomeBeforeTax": 1537000000,
    "incomeBeforeTaxRatio": 0.0698509362,
    "incomeTaxExpense": 553000000,
    "netIncome": 984000000,
    "netIncomeRatio": 0.044719142,
    "eps": 0.82,
    "epsdiluted": 0.81,
    "weightedAverageShsOut": 1198000000,
    "weightedAverageShsOutDil": 1210000000,
    "link": "https://www.sec.gov/Archives/edgar/data/731766/000119312509103335/0001193125-09-103335-index.htm",
    "finalLink": "https://www.sec.gov/Archives/edgar/data/731766/000119312509103335/d10q.htm"
  },
  {
    "date": "2008-12-31",
    "symbol": "UNH",
    "reportedCurrency": "USD",
    "cik": "0000731766",
    "fillingDate": "2009-02-11",
    "acceptedDate": "2009-02-11 17:25:19",
    "calendarYear": "2008",
    "period": "Q4",
    "revenue": 20454000000,
    "costOfRevenue": 15430000000,
    "grossProfit": 4253000000,
    "grossProfitRatio": 0.2079299892,
    "researchAndDevelopmentExpenses": 0,
    "generalAndAdministrativeExpenses": 0,
    "sellingAndMarketingExpenses": 0,
    "sellingGeneralAndAdministrativeExpenses": 0,
    "otherExpenses": 3745000000,
    "operatingExpenses": 3745000000,
    "costAndExpenses": 19175000000,
    "interestIncome": 0,
    "interestExpense": 155000000,
    "depreciationAndAmortization": 259000000,
    "ebitda": 1538000000,
    "ebitdaratio": 0.0751931163,
    "operatingIncome": 1279000000,
    "operatingIncomeRatio": 0.0625305564,
    "totalOtherIncomeExpensesNet": -155000000,
    "incomeBeforeTax": 1124000000,
    "incomeBeforeTaxRatio": 0.0549525765,
    "incomeTaxExpense": 398000000,
    "netIncome": 726000000,
    "netIncomeRatio": 0.0354942798,
    "eps": 0.61,
    "epsdiluted": 0.6,
    "weightedAverageShsOut": 1196000000,
    "weightedAverageShsOutDil": 1214000000,
    "link": "https://www.sec.gov/Archives/edgar/data/731766/000119312509025587/0001193125-09-025587-index.htm",
    "finalLink": "https://www.sec.gov/Archives/edgar/data/731766/000119312509025587/d10k.htm"
  },
  {
    "date": "2008-09-30",
    "symbol": "UNH",
    "reportedCurrency": "USD",
    "cik": "0000731766",
    "fillingDate": "2008-11-07",
    "acceptedDate": "2008-11-07 16:06:27",
    "calendarYear": "2008",
    "period": "Q3",
    "revenue": 20156000000,
    "costOfRevenue": 18304000000,
    "grossProfit": 1852000000,
    "grossProfitRatio": 0.0918833102,
    "researchAndDevelopmentExpenses": 0,
    "generalAndAdministrativeExpenses": 0,
    "sellingAndMarketingExpenses": 0,
    "sellingGeneralAndAdministrativeExpenses": 0,
    "otherExpenses": 254000000,
    "operatingExpenses": 254000000,
    "costAndExpenses": 18558000000,
    "interestIncome": 0,
    "interestExpense": 166000000,
    "depreciationAndAmortization": 254000000,
    "ebitda": 1852000000,
    "ebitdaratio": 0.0918833102,
    "operatingIncome": 1598000000,
    "operatingIncomeRatio": 0.0792816035,
    "totalOtherIncomeExpensesNet": -166000000,
    "incomeBeforeTax": 1432000000,
    "incomeBeforeTaxRatio": 0.0710458424,
    "incomeTaxExpense": 512000000,
    "netIncome": 920000000,
    "netIncomeRatio": 0.045643977,
    "eps": 0.76,
    "epsdiluted": 0.75,
    "weightedAverageShsOut": 1204000000,
    "weightedAverageShsOutDil": 1227000000,
    "link": "https://www.sec.gov/Archives/edgar/data/731766/000119312508229996/0001193125-08-229996-index.htm",
    "finalLink": "https://www.sec.gov/Archives/edgar/data/731766/000119312508229996/d10q.htm"
  },
  {
    "date": "2008-06-30",
    "symbol": "UNH",
    "reportedCurrency": "USD",
    "cik": "0000731766",
    "fillingDate": "2008-08-07",
    "acceptedDate": "2008-08-07 17:03:30",
    "calendarYear": "2008",
    "period": "Q2",
    "revenue": 20272000000,
    "costOfRevenue": 19356000000,
    "grossProfit": 916000000,
    "grossProfitRatio": 0.0451854775,
    "researchAndDevelopmentExpenses": 0,
    "generalAndAdministrativeExpenses": 0,
    "sellingAndMarketingExpenses": 0,
    "sellingGeneralAndAdministrativeExpenses": 0,
    "otherExpenses": 243000000,
    "operatingExpenses": 243000000,
    "costAndExpenses": 19599000000,
    "interestIncome": 0,
    "interestExpense": 164000000,
    "depreciationAndAmortization": 243000000,
    "ebitda": 916000000,
    "ebitdaratio": 0.0451854775,
    "operatingIncome": 673000000,
    "operatingIncomeRatio": 0.0331985004,
    "totalOtherIncomeExpensesNet": -164000000,
    "incomeBeforeTax": 509000000,
    "incomeBeforeTaxRatio": 0.0251085241,
    "incomeTaxExpense": 172000000,
    "netIncome": 337000000,
    "netIncomeRatio": 0.0166239148,
    "eps": 0.28,
    "epsdiluted": 0.27,
    "weightedAverageShsOut": 1216000000,
    "weightedAverageShsOutDil": 1245000000,
    "link": "https://www.sec.gov/Archives/edgar/data/731766/000119312508170237/0001193125-08-170237-index.htm",
    "finalLink": "https://www.sec.gov/Archives/edgar/data/731766/000119312508170237/d10q.htm"
  },
  {
    "date": "2008-03-31",
    "symbol": "UNH",
    "reportedCurrency": "USD",
    "cik": "0000731766",
    "fillingDate": "2008-05-02",
    "acceptedDate": "2008-05-02 17:15:16",
    "calendarYear": "2008",
    "period": "Q1",
    "revenue": 20304000000,
    "costOfRevenue": 18366000000,
    "grossProfit": 1938000000,
    "grossProfitRatio": 0.0954491726,
    "researchAndDevelopmentExpenses": 0,
    "generalAndAdministrativeExpenses": 0,
    "sellingAndMarketingExpenses": 0,
    "sellingGeneralAndAdministrativeExpenses": 0,
    "otherExpenses": 225000000,
    "operatingExpenses": 225000000,
    "costAndExpenses": 18591000000,
    "interestIncome": 0,
    "interestExpense": 154000000,
    "depreciationAndAmortization": 225000000,
    "ebitda": 1938000000,
    "ebitdaratio": 0.0954491726,
    "operatingIncome": 1713000000,
    "operatingIncomeRatio": 0.0843676123,
    "totalOtherIncomeExpensesNet": -154000000,
    "incomeBeforeTax": 1559000000,
    "incomeBeforeTaxRatio": 0.0767828999,
    "incomeTaxExpense": 565000000,
    "netIncome": 994000000,
    "netIncomeRatio": 0.0489558708,
    "eps": 0.8,
    "epsdiluted": 0.78,
    "weightedAverageShsOut": 1240000000,
    "weightedAverageShsOutDil": 1278000000,
    "link": "https://www.sec.gov/Archives/edgar/data/731766/000119312508100902/0001193125-08-100902-index.htm",
    "finalLink": "https://www.sec.gov/Archives/edgar/data/731766/000119312508100902/d10q.htm"
  },
  {
    "date": "2007-12-31",
    "symbol": "UNH",
    "reportedCurrency": "USD",
    "cik": "0000731766",
    "fillingDate": "2008-02-21",
    "acceptedDate": "2008-02-21 17:12:48",
    "calendarYear": "2007",
    "period": "Q4",
    "revenue": 18705000000,
    "costOfRevenue": 13762000000,
    "grossProfit": 4943000000,
    "grossProfitRatio": 0.2642608928,
    "researchAndDevelopmentExpenses": 0,
    "generalAndAdministrativeExpenses": 0,
    "sellingAndMarketingExpenses": 0,
    "sellingGeneralAndAdministrativeExpenses": 0,
    "otherExpenses": 2905000000,
    "operatingExpenses": 2905000000,
    "costAndExpenses": 16667000000,
    "interestIncome": 0,
    "interestExpense": 0,
    "depreciationAndAmortization": 207000000,
    "ebitda": 2245000000,
    "ebitdaratio": 0.1200213847,
    "operatingIncome": 2038000000,
    "operatingIncomeRatio": 0.1089548249,
    "totalOtherIncomeExpensesNet": -153000000,
    "incomeBeforeTax": 1885000000,
    "incomeBeforeTaxRatio": 0.1007751938,
    "incomeTaxExpense": 669000000,
    "netIncome": 1216000000,
    "netIncomeRatio": 0.0650093558,
    "eps": 0.96,
    "epsdiluted": 0.92,
    "weightedAverageShsOut": 1273000000,
    "weightedAverageShsOutDil": 1319000000,
    "link": "https://www.sec.gov/Archives/edgar/data/731766/000119312508035391/0001193125-08-035391-index.htm",
    "finalLink": "https://www.sec.gov/Archives/edgar/data/731766/000119312508035391/d10k.htm"
  },
  {
    "date": "2007-09-30",
    "symbol": "UNH",
    "reportedCurrency": "USD",
    "cik": "0000731766",
    "fillingDate": "2007-11-01",
    "acceptedDate": "2007-11-01 17:18:13",
    "calendarYear": "2007",
    "period": "Q3",
    "revenue": 18679000000,
    "costOfRevenue": 13706000000,
    "grossProfit": 4973000000,
    "grossProfitRatio": 0.2662348091,
    "researchAndDevelopmentExpenses": 0,
    "generalAndAdministrativeExpenses": 0,
    "sellingAndMarketingExpenses": 0,
    "sellingGeneralAndAdministrativeExpenses": 0,
    "otherExpenses": 2818000000,
    "operatingExpenses": 2818000000,
    "costAndExpenses": 16524000000,
    "interestIncome": 0,
    "interestExpense": 142000000,
    "depreciationAndAmortization": 202000000,
    "ebitda": 2357000000,
    "ebitdaratio": 0.1261844853,
    "operatingIncome": 2155000000,
    "operatingIncomeRatio": 0.1153702018,
    "totalOtherIncomeExpensesNet": -142000000,
    "incomeBeforeTax": 2013000000,
    "incomeBeforeTaxRatio": 0.1077680818,
    "incomeTaxExpense": 730000000,
    "netIncome": 1283000000,
    "netIncomeRatio": 0.0686867605,
    "eps": 0.98,
    "epsdiluted": 0.95,
    "weightedAverageShsOut": 1304000000,
    "weightedAverageShsOutDil": 1348000000,
    "link": "https://www.sec.gov/Archives/edgar/data/731766/000119312507232664/0001193125-07-232664-index.htm",
    "finalLink": "https://www.sec.gov/Archives/edgar/data/731766/000119312507232664/d10q.htm"
  },
  {
    "date": "2007-06-30",
    "symbol": "UNH",
    "reportedCurrency": "USD",
    "cik": "0000731766",
    "fillingDate": "2007-08-06",
    "acceptedDate": "2007-08-06 06:09:31",
    "calendarYear": "2007",
    "period": "Q2",
    "revenue": 19000000000,
    "costOfRevenue": 14125000000,
    "grossProfit": 4875000000,
    "grossProfitRatio": 0.2565789474,
    "researchAndDevelopmentExpenses": 0,
    "generalAndAdministrativeExpenses": 0,
    "sellingAndMarketingExpenses": 0,
    "sellingGeneralAndAdministrativeExpenses": 0,
    "otherExpenses": 2801000000,
    "operatingExpenses": 2801000000,
    "costAndExpenses": 16926000000,
    "interestIncome": 0,
    "interestExpense": 133000000,
    "depreciationAndAmortization": 196000000,
    "ebitda": 2270000000,
    "ebitdaratio": 0.1194736842,
    "operatingIncome": 2074000000,
    "operatingIncomeRatio": 0.1091578947,
    "totalOtherIncomeExpensesNet": -133000000,
    "incomeBeforeTax": 1941000000,
    "incomeBeforeTaxRatio": 0.1021578947,
    "incomeTaxExpense": 713000000,
    "netIncome": 1228000000,
    "netIncomeRatio": 0.0646315789,
    "eps": 0.93,
    "epsdiluted": 0.89,
    "weightedAverageShsOut": 1326000000,
    "weightedAverageShsOutDil": 1377000000,
    "link": "https://www.sec.gov/Archives/edgar/data/731766/000119312507171261/0001193125-07-171261-index.htm",
    "finalLink": "https://www.sec.gov/Archives/edgar/data/731766/000119312507171261/d10q.htm"
  },
  {
    "date": "2007-03-31",
    "symbol": "UNH",
    "reportedCurrency": "USD",
    "cik": "0000731766",
    "fillingDate": "2007-05-09",
    "acceptedDate": "2007-05-09 17:16:52",
    "calendarYear": "2007",
    "period": "Q1",
    "revenue": 19047000000,
    "costOfRevenue": 14610000000,
    "grossProfit": 4437000000,
    "grossProfitRatio": 0.2329500709,
    "researchAndDevelopmentExpenses": 0,
    "generalAndAdministrativeExpenses": 0,
    "sellingAndMarketingExpenses": 0,
    "sellingGeneralAndAdministrativeExpenses": 0,
    "otherExpenses": 2855000000,
    "operatingExpenses": 2855000000,
    "costAndExpenses": 17465000000,
    "interestIncome": 0,
    "interestExpense": 0,
    "depreciationAndAmortization": 191000000,
    "ebitda": 1773000000,
    "ebitdaratio": 0.0930855253,
    "operatingIncome": 1582000000,
    "operatingIncomeRatio": 0.0830576994,
    "totalOtherIncomeExpensesNet": -116000000,
    "incomeBeforeTax": 1466000000,
    "incomeBeforeTaxRatio": 0.0769675014,
    "incomeTaxExpense": 539000000,
    "netIncome": 927000000,
    "netIncomeRatio": 0.0486690817,
    "eps": 0.69,
    "epsdiluted": 0.66,
    "weightedAverageShsOut": 1343000000,
    "weightedAverageShsOutDil": 1399000000,
    "link": "https://www.sec.gov/Archives/edgar/data/731766/000119312507108409/0001193125-07-108409-index.htm",
    "finalLink": "https://www.sec.gov/Archives/edgar/data/731766/000119312507108409/d10q.htm"
  },
  {
    "date": "2006-12-31",
    "symbol": "UNH",
    "reportedCurrency": "USD",
    "cik": "0000731766",
    "fillingDate": "2007-03-06",
    "acceptedDate": "2007-03-06 06:18:47",
    "calendarYear": "2006",
    "period": "Q4",
    "revenue": 18128000000,
    "costOfRevenue": 13414000000,
    "grossProfit": 3843000000,
    "grossProfitRatio": 0.2119924978,
    "researchAndDevelopmentExpenses": 0,
    "generalAndAdministrativeExpenses": 0,
    "sellingAndMarketingExpenses": 0,
    "sellingGeneralAndAdministrativeExpenses": 0,
    "otherExpenses": 2733000000,
    "operatingExpenses": 2733000000,
    "costAndExpenses": 16147000000,
    "interestIncome": 0,
    "interestExpense": 0,
    "depreciationAndAmortization": 177000000,
    "ebitda": 2158000000,
    "ebitdaratio": 0.1190423654,
    "operatingIncome": 1981000000,
    "operatingIncomeRatio": 0.1092784643,
    "totalOtherIncomeExpensesNet": -129000000,
    "incomeBeforeTax": 1852000000,
    "incomeBeforeTaxRatio": 0.1021624007,
    "incomeTaxExpense": 677000000,
    "netIncome": 1175000000,
    "netIncomeRatio": 0.0648168579,
    "eps": 0.87,
    "epsdiluted": 0.84,
    "weightedAverageShsOut": 1344000000,
    "weightedAverageShsOutDil": 1396000000,
    "link": "https://www.sec.gov/Archives/edgar/data/731766/000119312507046861/0001193125-07-046861-index.htm",
    "finalLink": "https://www.sec.gov/Archives/edgar/data/731766/000119312507046861/d10k.htm"
  },
  {
    "date": "2006-09-30",
    "symbol": "UNH",
    "reportedCurrency": "USD",
    "cik": "0000731766",
    "fillingDate": "2007-03-06",
    "acceptedDate": "2007-03-06 06:14:45",
    "calendarYear": "2006",
    "period": "Q3",
    "revenue": 17970000000,
    "costOfRevenue": 13520000000,
    "grossProfit": 4450000000,
    "grossProfitRatio": 0.2476349471,
    "researchAndDevelopmentExpenses": 0,
    "generalAndAdministrativeExpenses": 0,
    "sellingAndMarketingExpenses": 0,
    "sellingGeneralAndAdministrativeExpenses": 0,
    "otherExpenses": 2587000000,
    "operatingExpenses": 2587000000,
    "costAndExpenses": 16107000000,
    "interestIncome": 0,
    "interestExpense": 0,
    "depreciationAndAmortization": 168000000,
    "ebitda": 2031000000,
    "ebitdaratio": 0.1130217028,
    "operatingIncome": 1863000000,
    "operatingIncomeRatio": 0.103672788,
    "totalOtherIncomeExpensesNet": -129000000,
    "incomeBeforeTax": 1734000000,
    "incomeBeforeTaxRatio": 0.0964941569,
    "incomeTaxExpense": 622000000,
    "netIncome": 1112000000,
    "netIncomeRatio": 0.0618809126,
    "eps": 0.83,
    "epsdiluted": 0.8,
    "weightedAverageShsOut": 1341000000,
    "weightedAverageShsOutDil": 1397000000,
    "link": "https://www.sec.gov/Archives/edgar/data/731766/000119312507046858/0001193125-07-046858-index.htm",
    "finalLink": "https://www.sec.gov/Archives/edgar/data/731766/000119312507046858/d10q.htm"
  },
  {
    "date": "2006-06-30",
    "symbol": "UNH",
    "reportedCurrency": "USD",
    "cik": "0000731766",
    "fillingDate": "2007-03-06",
    "acceptedDate": "2007-03-06 06:11:33",
    "calendarYear": "2006",
    "period": "Q2",
    "revenue": 17863000000,
    "costOfRevenue": 13553000000,
    "grossProfit": 4310000000,
    "grossProfitRatio": 0.2412808599,
    "researchAndDevelopmentExpenses": 0,
    "generalAndAdministrativeExpenses": 0,
    "sellingAndMarketingExpenses": 0,
    "sellingGeneralAndAdministrativeExpenses": 0,
    "otherExpenses": 2643000000,
    "operatingExpenses": 2643000000,
    "costAndExpenses": 16196000000,
    "interestIncome": 0,
    "interestExpense": 0,
    "depreciationAndAmortization": 168000000,
    "ebitda": 1835000000,
    "ebitdaratio": 0.1027263058,
    "operatingIncome": 1667000000,
    "operatingIncomeRatio": 0.0933213906,
    "totalOtherIncomeExpensesNet": -116000000,
    "incomeBeforeTax": 1551000000,
    "incomeBeforeTaxRatio": 0.0868275206,
    "incomeTaxExpense": 570000000,
    "netIncome": 981000000,
    "netIncomeRatio": 0.0549179869,
    "eps": 0.73,
    "epsdiluted": 0.7,
    "weightedAverageShsOut": 1339000000,
    "weightedAverageShsOutDil": 1395000000,
    "link": "https://www.sec.gov/Archives/edgar/data/731766/000119312507046855/0001193125-07-046855-index.htm",
    "finalLink": "https://www.sec.gov/Archives/edgar/data/731766/000119312507046855/d10q.htm"
  },
  {
    "date": "2006-03-31",
    "symbol": "UNH",
    "reportedCurrency": "USD",
    "cik": "0000731766",
    "fillingDate": "2006-05-10",
    "acceptedDate": "2006-05-10 17:32:00",
    "calendarYear": "2006",
    "period": "Q1",
    "revenue": 17581000000,
    "costOfRevenue": 13420000000,
    "grossProfit": 4161000000,
    "grossProfitRatio": 0.236675957,
    "researchAndDevelopmentExpenses": 0,
    "generalAndAdministrativeExpenses": 0,
    "sellingAndMarketingExpenses": 0,
    "sellingGeneralAndAdministrativeExpenses": 0,
    "otherExpenses": 2688000000,
    "operatingExpenses": 2688000000,
    "costAndExpenses": 16108000000,
    "interestIncome": 0,
    "interestExpense": 0,
    "depreciationAndAmortization": 157000000,
    "ebitda": 1630000000,
    "ebitdaratio": 0.092713725,
    "operatingIncome": 1473000000,
    "operatingIncomeRatio": 0.0837836301,
    "totalOtherIncomeExpensesNet": -82000000,
    "incomeBeforeTax": 1391000000,
    "incomeBeforeTaxRatio": 0.079119504,
    "incomeTaxExpense": 500000000,
    "netIncome": 891000000,
    "netIncomeRatio": 0.0506797111,
    "eps": 0.66,
    "epsdiluted": 0.63,
    "weightedAverageShsOut": 1353000000,
    "weightedAverageShsOutDil": 1419000000,
    "link": "https://www.sec.gov/Archives/edgar/data/731766/000119312506107853/0001193125-06-107853-index.htm",
    "finalLink": "https://www.sec.gov/Archives/edgar/data/731766/000119312506107853/d10q.htm"
  },
  {
    "date": "2005-12-31",
    "symbol": "UNH",
    "reportedCurrency": "USD",
    "cik": "0000731766",
    "fillingDate": "2006-02-24",
    "acceptedDate": "2006-02-24 17:00:10",
    "calendarYear": "2005",
    "period": "Q4",
    "revenue": 12045000000,
    "costOfRevenue": 8624000000,
    "grossProfit": 2922000000,
    "grossProfitRatio": 0.2425902864,
    "researchAndDevelopmentExpenses": 0,
    "generalAndAdministrativeExpenses": 0,
    "sellingAndMarketingExpenses": 0,
    "sellingGeneralAndAdministrativeExpenses": 0,
    "otherExpenses": 1992000000,
    "operatingExpenses": 1992000000,
    "costAndExpenses": 10616000000,
    "interestIncome": 0,
    "interestExpense": 0,
    "depreciationAndAmortization": 120000000,
    "ebitda": 1549000000,
    "ebitdaratio": 0.1286010793,
    "operatingIncome": 1295000000,
    "operatingIncomeRatio": 0.1075134911,
    "totalOtherIncomeExpensesNet": -75000000,
    "incomeBeforeTax": 1220000000,
    "incomeBeforeTaxRatio": 0.101286841,
    "incomeTaxExpense": 484000000,
    "netIncome": 870000000,
    "netIncomeRatio": 0.0722291407,
    "eps": 0.61,
    "epsdiluted": 0.65,
    "weightedAverageShsOut": 1271000000,
    "weightedAverageShsOutDil": 1342000000,
    "link": "https://www.sec.gov/Archives/edgar/data/731766/000119312506038949/0001193125-06-038949-index.htm",
    "finalLink": "https://www.sec.gov/Archives/edgar/data/731766/000119312506038949/d10k.htm"
  },
  {
    "date": "2005-09-30",
    "symbol": "UNH",
    "reportedCurrency": "USD",
    "cik": "0000731766",
    "fillingDate": "2005-11-04",
    "acceptedDate": "2005-11-04 08:48:57",
    "calendarYear": "2005",
    "period": "Q3",
    "revenue": 11613000000,
    "costOfRevenue": 8396000000,
    "grossProfit": 3217000000,
    "grossProfitRatio": 0.277017136,
    "researchAndDevelopmentExpenses": 0,
    "generalAndAdministrativeExpenses": 0,
    "sellingAndMarketingExpenses": 0,
    "sellingGeneralAndAdministrativeExpenses": 0,
    "otherExpenses": 1894000000,
    "operatingExpenses": 1894000000,
    "costAndExpenses": 10290000000,
    "interestIncome": 0,
    "interestExpense": 0,
    "depreciationAndAmortization": 116000000,
    "ebitda": 1439000000,
    "ebitdaratio": 0.1239128563,
    "operatingIncome": 1323000000,
    "operatingIncomeRatio": 0.1139240506,
    "totalOtherIncomeExpensesNet": -62000000,
    "incomeBeforeTax": 1261000000,
    "incomeBeforeTaxRatio": 0.1085852062,
    "incomeTaxExpense": 461000000,
    "netIncome": 800000000,
    "netIncomeRatio": 0.0688883148,
    "eps": 0.64,
    "epsdiluted": 0.61,
    "weightedAverageShsOut": 1255000000,
    "weightedAverageShsOutDil": 1322000000,
    "link": "https://www.sec.gov/Archives/edgar/data/731766/000119312505216378/0001193125-05-216378-index.htm",
    "finalLink": "https://www.sec.gov/Archives/edgar/data/731766/000119312505216378/d10q.htm"
  },
  {
    "date": "2005-06-30",
    "symbol": "UNH",
    "reportedCurrency": "USD",
    "cik": "0000731766",
    "fillingDate": "2005-08-08",
    "acceptedDate": "2005-08-08 17:24:32",
    "calendarYear": "2005",
    "period": "Q2",
    "revenue": 11379000000,
    "costOfRevenue": 8304000000,
    "grossProfit": 3075000000,
    "grossProfitRatio": 0.2702346428,
    "researchAndDevelopmentExpenses": 0,
    "generalAndAdministrativeExpenses": 0,
    "sellingAndMarketingExpenses": 0,
    "sellingGeneralAndAdministrativeExpenses": 0,
    "otherExpenses": 1813000000,
    "operatingExpenses": 1813000000,
    "costAndExpenses": 10117000000,
    "interestIncome": 0,
    "interestExpense": 0,
    "depreciationAndAmortization": 108000000,
    "ebitda": 1370000000,
    "ebitdaratio": 0.120397223,
    "operatingIncome": 1262000000,
    "operatingIncomeRatio": 0.110906055,
    "totalOtherIncomeExpensesNet": -55000000,
    "incomeBeforeTax": 1207000000,
    "incomeBeforeTaxRatio": 0.1060725899,
    "incomeTaxExpense": 438000000,
    "netIncome": 769000000,
    "netIncomeRatio": 0.067580631,
    "eps": 0.61,
    "epsdiluted": 0.58,
    "weightedAverageShsOut": 1258000000,
    "weightedAverageShsOutDil": 1324000000,
    "link": "https://www.sec.gov/Archives/edgar/data/731766/000119312505160946/0001193125-05-160946-index.htm",
    "finalLink": "https://www.sec.gov/Archives/edgar/data/731766/000119312505160946/d10q.htm"
  },
  {
    "date": "2005-03-31",
    "symbol": "UNH",
    "reportedCurrency": "USD",
    "cik": "0000731766",
    "fillingDate": "2005-05-05",
    "acceptedDate": "2005-05-05 17:06:23",
    "calendarYear": "2005",
    "period": "Q1",
    "revenue": 11164000000,
    "costOfRevenue": 8155000000,
    "grossProfit": 3009000000,
    "grossProfitRatio": 0.2695270512,
    "researchAndDevelopmentExpenses": 0,
    "generalAndAdministrativeExpenses": 0,
    "sellingAndMarketingExpenses": 0,
    "sellingGeneralAndAdministrativeExpenses": 0,
    "otherExpenses": 1809000000,
    "operatingExpenses": 1809000000,
    "costAndExpenses": 9964000000,
    "interestIncome": 0,
    "interestExpense": 0,
    "depreciationAndAmortization": 109000000,
    "ebitda": 1309000000,
    "ebitdaratio": 0.117251881,
    "operatingIncome": 1200000000,
    "operatingIncomeRatio": 0.1074883554,
    "totalOtherIncomeExpensesNet": -49000000,
    "incomeBeforeTax": 1151000000,
    "incomeBeforeTaxRatio": 0.1030992476,
    "incomeTaxExpense": 408000000,
    "netIncome": 743000000,
    "netIncomeRatio": 0.0665532067,
    "eps": 0.58,
    "epsdiluted": 0.55,
    "weightedAverageShsOut": 1278000000,
    "weightedAverageShsOutDil": 1340000000,
    "link": "https://www.sec.gov/Archives/edgar/data/731766/000119312505097623/0001193125-05-097623-index.htm",
    "finalLink": "https://www.sec.gov/Archives/edgar/data/731766/000119312505097623/d10q.htm"
  },
  {
    "date": "2004-12-31",
    "symbol": "UNH",
    "reportedCurrency": "USD",
    "cik": "0000731766",
    "fillingDate": "2005-03-01",
    "acceptedDate": "2005-03-01 17:14:38",
    "calendarYear": "2004",
    "period": "Q4",
    "revenue": 10511000000,
    "costOfRevenue": 7625000000,
    "grossProfit": 2498000000,
    "grossProfitRatio": 0.2376557892,
    "researchAndDevelopmentExpenses": 0,
    "generalAndAdministrativeExpenses": 0,
    "sellingAndMarketingExpenses": 0,
    "sellingGeneralAndAdministrativeExpenses": 0,
    "otherExpenses": 1698000000,
    "operatingExpenses": 1698000000,
    "costAndExpenses": 9323000000,
    "interestIncome": 0,
    "interestExpense": 0,
    "depreciationAndAmortization": 106000000,
    "ebitda": 1294000000,
    "ebitdaratio": 0.1231091238,
    "operatingIncome": 1188000000,
    "operatingIncomeRatio": 0.1130244506,
    "totalOtherIncomeExpensesNet": -42000000,
    "incomeBeforeTax": 1146000000,
    "incomeBeforeTaxRatio": 0.1090286367,
    "incomeTaxExpense": 407000000,
    "netIncome": 739000000,
    "netIncomeRatio": 0.0703072971,
    "eps": 0.43,
    "epsdiluted": 0.4,
    "weightedAverageShsOut": 1303000000,
    "weightedAverageShsOutDil": 1379000000,
    "link": "https://www.sec.gov/Archives/edgar/data/731766/000119312505039947/0001193125-05-039947-index.htm",
    "finalLink": "https://www.sec.gov/Archives/edgar/data/731766/000119312505039947/d10k.htm"
  },
  {
    "date": "2004-09-30",
    "symbol": "UNH",
    "reportedCurrency": "USD",
    "cik": "0000731766",
    "fillingDate": "2004-11-09",
    "acceptedDate": "2004-11-08 19:47:37",
    "calendarYear": "2004",
    "period": "Q3",
    "revenue": 9859000000,
    "costOfRevenue": 7180000000,
    "grossProfit": 2679000000,
    "grossProfitRatio": 0.2717314129,
    "researchAndDevelopmentExpenses": 0,
    "generalAndAdministrativeExpenses": 0,
    "sellingAndMarketingExpenses": 0,
    "sellingGeneralAndAdministrativeExpenses": 0,
    "otherExpenses": 1587000000,
    "operatingExpenses": 1587000000,
    "costAndExpenses": 8767000000,
    "interestIncome": 0,
    "interestExpense": 0,
    "depreciationAndAmortization": 99000000,
    "ebitda": 1191000000,
    "ebitdaratio": 0.1208033269,
    "operatingIncome": 1092000000,
    "operatingIncomeRatio": 0.1107617405,
    "totalOtherIncomeExpensesNet": -34000000,
    "incomeBeforeTax": 1058000000,
    "incomeBeforeTaxRatio": 0.1073131149,
    "incomeTaxExpense": 360000000,
    "netIncome": 698000000,
    "netIncomeRatio": 0.0707982554,
    "eps": 0.55,
    "epsdiluted": 0.52,
    "weightedAverageShsOut": 1281000000,
    "weightedAverageShsOutDil": 1341000000,
    "link": "https://www.sec.gov/Archives/edgar/data/731766/000095013404016793/0000950134-04-016793-index.htm",
    "finalLink": "https://www.sec.gov/Archives/edgar/data/731766/000095013404016793/c89291e10vq.htm"
  },
  {
    "date": "2004-06-30",
    "symbol": "UNH",
    "reportedCurrency": "USD",
    "cik": "0000731766",
    "fillingDate": "2004-08-09",
    "acceptedDate": "2004-08-09 17:21:23",
    "calendarYear": "2004",
    "period": "Q2",
    "revenue": 8704000000,
    "costOfRevenue": 6326000000,
    "grossProfit": 2378000000,
    "grossProfitRatio": 0.2732077206,
    "researchAndDevelopmentExpenses": 0,
    "generalAndAdministrativeExpenses": 0,
    "sellingAndMarketingExpenses": 0,
    "sellingGeneralAndAdministrativeExpenses": 0,
    "otherExpenses": 1433000000,
    "operatingExpenses": 1433000000,
    "costAndExpenses": 7759000000,
    "interestIncome": 0,
    "interestExpense": 0,
    "depreciationAndAmortization": 87000000,
    "ebitda": 1032000000,
    "ebitdaratio": 0.1185661765,
    "operatingIncome": 945000000,
    "operatingIncomeRatio": 0.1085707721,
    "totalOtherIncomeExpensesNet": -28000000,
    "incomeBeforeTax": 917000000,
    "incomeBeforeTaxRatio": 0.1053538603,
    "incomeTaxExpense": 321000000,
    "netIncome": 596000000,
    "netIncomeRatio": 0.0684742647,
    "eps": 0.49,
    "epsdiluted": 0.47,
    "weightedAverageShsOut": 1220000000,
    "weightedAverageShsOutDil": 1277000000,
    "link": "https://www.sec.gov/Archives/edgar/data/731766/000095013404011798/0000950134-04-011798-index.htm",
    "finalLink": "https://www.sec.gov/Archives/edgar/data/731766/000095013404011798/c87271e10vq.htm"
  },
  {
    "date": "2004-03-31",
    "symbol": "UNH",
    "reportedCurrency": "USD",
    "cik": "0000731766",
    "fillingDate": "2004-05-07",
    "acceptedDate": "2004-05-07 10:04:38",
    "calendarYear": "2004",
    "period": "Q1",
    "revenue": 8144000000,
    "costOfRevenue": 5869000000,
    "grossProfit": 2275000000,
    "grossProfitRatio": 0.2793467583,
    "researchAndDevelopmentExpenses": 0,
    "generalAndAdministrativeExpenses": 0,
    "sellingAndMarketingExpenses": 0,
    "sellingGeneralAndAdministrativeExpenses": 0,
    "otherExpenses": 1399000000,
    "operatingExpenses": 1399000000,
    "costAndExpenses": 7268000000,
    "interestIncome": 0,
    "interestExpense": 0,
    "depreciationAndAmortization": 82000000,
    "ebitda": 958000000,
    "ebitdaratio": 0.117632613,
    "operatingIncome": 876000000,
    "operatingIncomeRatio": 0.1075638507,
    "totalOtherIncomeExpensesNet": -24000000,
    "incomeBeforeTax": 852000000,
    "incomeBeforeTaxRatio": 0.1046168959,
    "incomeTaxExpense": 298000000,
    "netIncome": 554000000,
    "netIncomeRatio": 0.0680255403,
    "eps": 0.46,
    "epsdiluted": 0.44,
    "weightedAverageShsOut": 1202000000,
    "weightedAverageShsOutDil": 1260000000,
    "link": "https://www.sec.gov/Archives/edgar/data/731766/000119312504081467/0001193125-04-081467-index.htm",
    "finalLink": "https://www.sec.gov/Archives/edgar/data/731766/000119312504081467/d10q.htm"
  },
  {
    "date": "2003-12-31",
    "symbol": "UNH",
    "reportedCurrency": "USD",
    "cik": "0000731766",
    "fillingDate": "2004-03-15",
    "acceptedDate": "2004-03-15 17:10:43",
    "calendarYear": "2003",
    "period": "Q4",
    "revenue": 7266000000,
    "costOfRevenue": 5381000000,
    "grossProfit": 1885000000,
    "grossProfitRatio": 0.2594274704,
    "researchAndDevelopmentExpenses": 0,
    "generalAndAdministrativeExpenses": 0,
    "sellingAndMarketingExpenses": 0,
    "sellingGeneralAndAdministrativeExpenses": 0,
    "otherExpenses": 1332000000,
    "operatingExpenses": 1332000000,
    "costAndExpenses": 6456000000,
    "interestIncome": 0,
    "interestExpense": 0,
    "depreciationAndAmortization": 77000000,
    "ebitda": 887000000,
    "ebitdaratio": 0.1220754198,
    "operatingIncome": 546000000,
    "operatingIncomeRatio": 0.0751445087,
    "totalOtherIncomeExpensesNet": 240000000,
    "incomeBeforeTax": 786000000,
    "incomeBeforeTaxRatio": 0.1081750619,
    "incomeTaxExpense": 279000000,
    "netIncome": 507000000,
    "netIncomeRatio": 0.0697770438,
    "eps": 0.28,
    "epsdiluted": 0.28,
    "weightedAverageShsOut": 1176571429,
    "weightedAverageShsOutDil": 1220298507,
    "link": "https://www.sec.gov/Archives/edgar/data/731766/000095013404003522/0000950134-04-003522-index.htm",
    "finalLink": "https://www.sec.gov/Archives/edgar/data/731766/000095013404003522/c82635e10vk.htm"
  },
  {
    "date": "2003-09-30",
    "symbol": "UNH",
    "reportedCurrency": "USD",
    "cik": "0000731766",
    "fillingDate": "2003-11-14",
    "acceptedDate": "2003-11-14 15:00:13",
    "calendarYear": "2003",
    "period": "Q3",
    "revenue": 7238000000,
    "costOfRevenue": 5174000000,
    "grossProfit": 2064000000,
    "grossProfitRatio": 0.2851616469,
    "researchAndDevelopmentExpenses": 0,
    "generalAndAdministrativeExpenses": 0,
    "sellingAndMarketingExpenses": 0,
    "sellingGeneralAndAdministrativeExpenses": 0,
    "otherExpenses": 1301000000,
    "operatingExpenses": 1301000000,
    "costAndExpenses": 6475000000,
    "interestIncome": 0,
    "interestExpense": 0,
    "depreciationAndAmortization": 75000000,
    "ebitda": 838000000,
    "ebitdaratio": 0.1157778392,
    "operatingIncome": 763000000,
    "operatingIncomeRatio": 0.1054158607,
    "totalOtherIncomeExpensesNet": -24000000,
    "incomeBeforeTax": 739000000,
    "incomeBeforeTaxRatio": 0.1021000276,
    "incomeTaxExpense": 263000000,
    "netIncome": 476000000,
    "netIncomeRatio": 0.0657640232,
    "eps": 0.41,
    "epsdiluted": 0.39,
    "weightedAverageShsOut": 1178000000,
    "weightedAverageShsOutDil": 1234000000,
    "link": "https://www.sec.gov/Archives/edgar/data/731766/000095013403015425/0000950134-03-015425-index.htm",
    "finalLink": "https://www.sec.gov/Archives/edgar/data/731766/000095013403015425/c79390e10vq.htm"
  },
  {
    "date": "2003-06-30",
    "symbol": "UNH",
    "reportedCurrency": "USD",
    "cik": "0000731766",
    "fillingDate": "2003-08-13",
    "acceptedDate": "2003-08-13 16:43:42",
    "calendarYear": "2003",
    "period": "Q2",
    "revenue": 7087000000,
    "costOfRevenue": 5109000000,
    "grossProfit": 1978000000,
    "grossProfitRatio": 0.2791025822,
    "researchAndDevelopmentExpenses": 0,
    "generalAndAdministrativeExpenses": 0,
    "sellingAndMarketingExpenses": 0,
    "sellingGeneralAndAdministrativeExpenses": 0,
    "otherExpenses": 1269000000,
    "operatingExpenses": 1269000000,
    "costAndExpenses": 6378000000,
    "interestIncome": 0,
    "interestExpense": 0,
    "depreciationAndAmortization": 74000000,
    "ebitda": 783000000,
    "ebitdaratio": 0.1104839848,
    "operatingIncome": 709000000,
    "operatingIncomeRatio": 0.100042331,
    "totalOtherIncomeExpensesNet": -24000000,
    "incomeBeforeTax": 685000000,
    "incomeBeforeTaxRatio": 0.0966558487,
    "incomeTaxExpense": 246000000,
    "netIncome": 439000000,
    "netIncomeRatio": 0.0619444052,
    "eps": 0.37,
    "epsdiluted": 0.36,
    "weightedAverageShsOut": 1180000000,
    "weightedAverageShsOutDil": 1236000000,
    "link": "https://www.sec.gov/Archives/edgar/data/731766/000095013403011638/0000950134-03-011638-index.htm",
    "finalLink": "https://www.sec.gov/Archives/edgar/data/731766/000095013403011638/c77715e10vq.htm"
  },
  {
    "date": "2003-03-31",
    "symbol": "UNH",
    "reportedCurrency": "USD",
    "cik": "0000731766",
    "fillingDate": "2003-05-15",
    "acceptedDate": "2003-05-15 16:46:15",
    "calendarYear": "2003",
    "period": "Q1",
    "revenue": 6975000000,
    "costOfRevenue": 5050000000,
    "grossProfit": 1925000000,
    "grossProfitRatio": 0.2759856631,
    "researchAndDevelopmentExpenses": 0,
    "generalAndAdministrativeExpenses": 0,
    "sellingAndMarketingExpenses": 0,
    "sellingGeneralAndAdministrativeExpenses": 0,
    "otherExpenses": 1272000000,
    "operatingExpenses": 1272000000,
    "costAndExpenses": 6322000000,
    "interestIncome": 0,
    "interestExpense": 0,
    "depreciationAndAmortization": 73000000,
    "ebitda": 726000000,
    "ebitdaratio": 0.1040860215,
    "operatingIncome": 653000000,
    "operatingIncomeRatio": 0.0936200717,
    "totalOtherIncomeExpensesNet": -23000000,
    "incomeBeforeTax": 630000000,
    "incomeBeforeTaxRatio": 0.0903225806,
    "incomeTaxExpense": 227000000,
    "netIncome": 403000000,
    "netIncomeRatio": 0.0577777778,
    "eps": 0.34,
    "epsdiluted": 0.33,
    "weightedAverageShsOut": 1194000000,
    "weightedAverageShsOutDil": 1246000000,
    "link": "https://www.sec.gov/Archives/edgar/data/731766/000095013403008200/0000950134-03-008200-index.htm",
    "finalLink": "https://www.sec.gov/Archives/edgar/data/731766/000095013403008200/c76981e10vq.htm"
  },
  {
    "date": "2002-12-31",
    "symbol": "UNH",
    "reportedCurrency": "USD",
    "cik": "0000731766",
    "fillingDate": "2003-03-19",
    "acceptedDate": "2003-03-19 16:43:48",
    "calendarYear": "2002",
    "period": "Q4",
    "revenue": 6682000000,
    "costOfRevenue": 4830000000,
    "grossProfit": 1852000000,
    "grossProfitRatio": 0.2771625262,
    "researchAndDevelopmentExpenses": 0,
    "generalAndAdministrativeExpenses": 0,
    "sellingAndMarketingExpenses": 0,
    "sellingGeneralAndAdministrativeExpenses": 0,
    "otherExpenses": 1243000000,
    "operatingExpenses": 1243000000,
    "costAndExpenses": 6073000000,
    "interestIncome": 0,
    "interestExpense": 0,
    "depreciationAndAmortization": 71000000,
    "ebitda": 680000000,
    "ebitdaratio": 0.1017659383,
    "operatingIncome": 609000000,
    "operatingIncomeRatio": 0.0911403771,
    "totalOtherIncomeExpensesNet": -22000000,
    "incomeBeforeTax": 587000000,
    "incomeBeforeTaxRatio": 0.0878479497,
    "incomeTaxExpense": 208000000,
    "netIncome": 379000000,
    "netIncomeRatio": 0.056719545,
    "eps": 0.32,
    "epsdiluted": 0.3,
    "weightedAverageShsOut": 1208000000,
    "weightedAverageShsOutDil": 1251134272,
    "link": "https://www.sec.gov/Archives/edgar/data/731766/000095013403004178/0000950134-03-004178-index.htm",
    "finalLink": "https://www.sec.gov/Archives/edgar/data/731766/000095013403004178/c74996e10vk.htm"
  },
  {
    "date": "2002-09-30",
    "symbol": "UNH",
    "reportedCurrency": "USD",
    "cik": "0000731766",
    "fillingDate": "2002-11-14",
    "acceptedDate": "2002-11-14 18:12:38",
    "calendarYear": "2002",
    "period": "Q3",
    "revenue": 6247000000,
    "costOfRevenue": 4509000000,
    "grossProfit": 1738000000,
    "grossProfitRatio": 0.2782135425,
    "researchAndDevelopmentExpenses": 0,
    "generalAndAdministrativeExpenses": 0,
    "sellingAndMarketingExpenses": 0,
    "sellingGeneralAndAdministrativeExpenses": 0,
    "otherExpenses": 1166000000,
    "operatingExpenses": 1166000000,
    "costAndExpenses": 5675000000,
    "interestIncome": 0,
    "interestExpense": 0,
    "depreciationAndAmortization": 66000000,
    "ebitda": 638000000,
    "ebitdaratio": 0.1021290219,
    "operatingIncome": 572000000,
    "operatingIncomeRatio": 0.0915639507,
    "totalOtherIncomeExpensesNet": -24000000,
    "incomeBeforeTax": 548000000,
    "incomeBeforeTaxRatio": 0.0877221066,
    "incomeTaxExpense": 195000000,
    "netIncome": 353000000,
    "netIncomeRatio": 0.0565071234,
    "eps": 0.29,
    "epsdiluted": 0.28,
    "weightedAverageShsOut": 1200400000,
    "weightedAverageShsOutDil": 1260800000,
    "link": "https://www.sec.gov/Archives/edgar/data/731766/000095013402014483/0000950134-02-014483-index.htm",
    "finalLink": "https://www.sec.gov/Archives/edgar/data/731766/000095013402014483/c72837e10vq.htm"
  },
  {
    "date": "2002-06-30",
    "symbol": "UNH",
    "reportedCurrency": "USD",
    "cik": "0000731766",
    "fillingDate": "2002-08-13",
    "acceptedDate": "2002-08-12 21:58:08",
    "calendarYear": "2002",
    "period": "Q2",
    "revenue": 6078000000,
    "costOfRevenue": 4418000000,
    "grossProfit": 1660000000,
    "grossProfitRatio": 0.2731161566,
    "researchAndDevelopmentExpenses": 0,
    "generalAndAdministrativeExpenses": 0,
    "sellingAndMarketingExpenses": 0,
    "sellingGeneralAndAdministrativeExpenses": 0,
    "otherExpenses": 1137000000,
    "operatingExpenses": 1137000000,
    "costAndExpenses": 5555000000,
    "interestIncome": 0,
    "interestExpense": 0,
    "depreciationAndAmortization": 62000000,
    "ebitda": 585000000,
    "ebitdaratio": 0.096248766,
    "operatingIncome": 523000000,
    "operatingIncomeRatio": 0.0860480421,
    "totalOtherIncomeExpensesNet": -20000000,
    "incomeBeforeTax": 503000000,
    "incomeBeforeTaxRatio": 0.082757486,
    "incomeTaxExpense": 178000000,
    "netIncome": 325000000,
    "netIncomeRatio": 0.0534715367,
    "eps": 0.27,
    "epsdiluted": 0.26,
    "weightedAverageShsOut": 1220000000,
    "weightedAverageShsOutDil": 1282000000,
    "link": "https://www.sec.gov/Archives/edgar/data/731766/000095013402009610/0000950134-02-009610-index.htm",
    "finalLink": "https://www.sec.gov/Archives/edgar/data/731766/000095013402009610/c70907e10vq.htm"
  },
  {
    "date": "2002-03-31",
    "symbol": "UNH",
    "reportedCurrency": "USD",
    "cik": "0000731766",
    "fillingDate": "2002-05-14",
    "acceptedDate": "2002-05-14 17:26:09",
    "calendarYear": "2002",
    "period": "Q1",
    "revenue": 6013000000,
    "costOfRevenue": 4435000000,
    "grossProfit": 1578000000,
    "grossProfitRatio": 0.2624313986,
    "researchAndDevelopmentExpenses": 0,
    "generalAndAdministrativeExpenses": 0,
    "sellingAndMarketingExpenses": 0,
    "sellingGeneralAndAdministrativeExpenses": 0,
    "otherExpenses": 1096000000,
    "operatingExpenses": 1096000000,
    "costAndExpenses": 5531000000,
    "interestIncome": 0,
    "interestExpense": 0,
    "depreciationAndAmortization": 56000000,
    "ebitda": 538000000,
    "ebitdaratio": 0.0894728089,
    "operatingIncome": 482000000,
    "operatingIncomeRatio": 0.0801596541,
    "totalOtherIncomeExpensesNet": -24000000,
    "incomeBeforeTax": 458000000,
    "incomeBeforeTaxRatio": 0.076168302,
    "incomeTaxExpense": 163000000,
    "netIncome": 295000000,
    "netIncomeRatio": 0.0490603692,
    "eps": 0.24,
    "epsdiluted": 0.23,
    "weightedAverageShsOut": 1229600000,
    "weightedAverageShsOutDil": 1286000000,
    "link": "https://www.sec.gov/Archives/edgar/data/731766/000095013702003025/0000950137-02-003025-index.htm",
    "finalLink": "https://www.sec.gov/Archives/edgar/data/731766/000095013702003025/c69365e10-q.htm"
  },
  {
    "date": "2001-12-31",
    "symbol": "UNH",
    "reportedCurrency": "USD",
    "cik": "0000731766",
    "fillingDate": "2002-04-01",
    "acceptedDate": "2002-04-01 00:00:00",
    "calendarYear": "2001",
    "period": "Q4",
    "revenue": 6020000000,
    "costOfRevenue": 8458000000,
    "grossProfit": -2438000000,
    "grossProfitRatio": -0.4049833887,
    "researchAndDevelopmentExpenses": 0,
    "generalAndAdministrativeExpenses": 0,
    "sellingAndMarketingExpenses": 0,
    "sellingGeneralAndAdministrativeExpenses": 0,
    "otherExpenses": -2859000000,
    "operatingExpenses": -2859000000,
    "costAndExpenses": 5599000000,
    "interestIncome": 0,
    "interestExpense": 0,
    "depreciationAndAmortization": 70000000,
    "ebitda": 491000000,
    "ebitdaratio": 0.0815614618,
    "operatingIncome": 421000000,
    "operatingIncomeRatio": 0.0699335548,
    "totalOtherIncomeExpensesNet": -24000000,
    "incomeBeforeTax": 397000000,
    "incomeBeforeTaxRatio": 0.0659468439,
    "incomeTaxExpense": 150000000,
    "netIncome": 247000000,
    "netIncomeRatio": 0.0410299003,
    "eps": 0.2,
    "epsdiluted": 0.19,
    "weightedAverageShsOut": 1239200000,
    "weightedAverageShsOutDil": 1283542857,
    "link": "https://www.sec.gov/Archives/edgar/data/731766/000095013702001930/0000950137-02-001930-index.htm",
    "finalLink": "https://www.sec.gov/Archives/edgar/data/731766/000095013702001930/c68469e10-k.htm"
  },
  {
    "date": "2001-09-30",
    "symbol": "UNH",
    "reportedCurrency": "USD",
    "cik": "0000731766",
    "fillingDate": "2001-11-13",
    "acceptedDate": "2001-11-13 00:00:00",
    "calendarYear": "2001",
    "period": "Q3",
    "revenue": 5941000000,
    "costOfRevenue": 4465000000,
    "grossProfit": 1476000000,
    "grossProfitRatio": 0.2484430231,
    "researchAndDevelopmentExpenses": 0,
    "generalAndAdministrativeExpenses": 0,
    "sellingAndMarketingExpenses": 0,
    "sellingGeneralAndAdministrativeExpenses": 0,
    "otherExpenses": 1080000000,
    "operatingExpenses": 1080000000,
    "costAndExpenses": 5545000000,
    "interestIncome": 0,
    "interestExpense": 0,
    "depreciationAndAmortization": 67000000,
    "ebitda": 463000000,
    "ebitdaratio": 0.0779330079,
    "operatingIncome": 396000000,
    "operatingIncomeRatio": 0.0666554452,
    "totalOtherIncomeExpensesNet": -23000000,
    "incomeBeforeTax": 373000000,
    "incomeBeforeTaxRatio": 0.0627840431,
    "incomeTaxExpense": 142000000,
    "netIncome": 231000000,
    "netIncomeRatio": 0.038882343,
    "eps": 0.19,
    "epsdiluted": 0.18,
    "weightedAverageShsOut": 1236400000,
    "weightedAverageShsOutDil": 1295600000,
    "link": "https://www.sec.gov/Archives/edgar/data/731766/000091205701539251/0000912057-01-539251-index.htm",
    "finalLink": "https://www.sec.gov/Archives/edgar/data/731766/000091205701539251/a2063056z10-q.htm"
  },
  {
    "date": "2001-06-30",
    "symbol": "UNH",
    "reportedCurrency": "USD",
    "cik": "0000731766",
    "fillingDate": "2001-08-14",
    "acceptedDate": "2001-08-14 00:00:00",
    "calendarYear": "2001",
    "period": "Q2",
    "revenue": 5813000000,
    "costOfRevenue": 4394000000,
    "grossProfit": 1419000000,
    "grossProfitRatio": 0.2441080337,
    "researchAndDevelopmentExpenses": 0,
    "generalAndAdministrativeExpenses": 0,
    "sellingAndMarketingExpenses": 0,
    "sellingGeneralAndAdministrativeExpenses": 0,
    "otherExpenses": 1035000000,
    "operatingExpenses": 1035000000,
    "costAndExpenses": 5429000000,
    "interestIncome": 0,
    "interestExpense": 0,
    "depreciationAndAmortization": 64000000,
    "ebitda": 448000000,
    "ebitdaratio": 0.0770686393,
    "operatingIncome": 384000000,
    "operatingIncomeRatio": 0.0660588336,
    "totalOtherIncomeExpensesNet": -24000000,
    "incomeBeforeTax": 360000000,
    "incomeBeforeTaxRatio": 0.0619301565,
    "incomeTaxExpense": 137000000,
    "netIncome": 223000000,
    "netIncomeRatio": 0.0383622914,
    "eps": 0.18,
    "epsdiluted": 0.17,
    "weightedAverageShsOut": 1251600000,
    "weightedAverageShsOutDil": 1308400000,
    "link": "https://www.sec.gov/Archives/edgar/data/731766/000091205701528595/0000912057-01-528595-index.htm",
    "finalLink": "https://www.sec.gov/Archives/edgar/data/731766/000091205701528595/a2056221z10-q.htm"
  },
  {
    "date": "2001-03-31",
    "symbol": "UNH",
    "reportedCurrency": "USD",
    "cik": "0000731766",
    "fillingDate": "2001-05-15",
    "acceptedDate": "2001-05-15 00:00:00",
    "calendarYear": "2001",
    "period": "Q1",
    "revenue": 5680000000,
    "costOfRevenue": 4306000000,
    "grossProfit": 1374000000,
    "grossProfitRatio": 0.2419014085,
    "researchAndDevelopmentExpenses": 0,
    "generalAndAdministrativeExpenses": 0,
    "sellingAndMarketingExpenses": 0,
    "sellingGeneralAndAdministrativeExpenses": 0,
    "otherExpenses": 1009000000,
    "operatingExpenses": 1009000000,
    "costAndExpenses": 5315000000,
    "interestIncome": 0,
    "interestExpense": 0,
    "depreciationAndAmortization": 64000000,
    "ebitda": 429000000,
    "ebitdaratio": 0.075528169,
    "operatingIncome": 365000000,
    "operatingIncomeRatio": 0.0642605634,
    "totalOtherIncomeExpensesNet": -23000000,
    "incomeBeforeTax": 342000000,
    "incomeBeforeTaxRatio": 0.0602112676,
    "incomeTaxExpense": 130000000,
    "netIncome": 212000000,
    "netIncomeRatio": 0.0373239437,
    "eps": 0.17,
    "epsdiluted": 0.16,
    "weightedAverageShsOut": 1270800000,
    "weightedAverageShsOutDil": 1328000000,
    "link": "https://www.sec.gov/Archives/edgar/data/731766/000091205701516177/0000912057-01-516177-index.htm",
    "finalLink": "https://www.sec.gov/Archives/edgar/data/731766/000091205701516177/a2048654z10-q.htm"
  },
  {
    "date": "2000-12-31",
    "symbol": "UNH",
    "reportedCurrency": "USD",
    "cik": "0000731766",
    "fillingDate": "2001-03-30",
    "acceptedDate": "2001-03-30 00:00:00",
    "calendarYear": "2000",
    "period": "Q4",
    "revenue": 5434000000,
    "costOfRevenue": 4155000000,
    "grossProfit": 1279000000,
    "grossProfitRatio": 0.2353698933,
    "researchAndDevelopmentExpenses": 0,
    "generalAndAdministrativeExpenses": 0,
    "sellingAndMarketingExpenses": 0,
    "sellingGeneralAndAdministrativeExpenses": 0,
    "otherExpenses": 949000000,
    "operatingExpenses": 949000000,
    "costAndExpenses": 5104000000,
    "interestIncome": 0,
    "interestExpense": 0,
    "depreciationAndAmortization": 62000000,
    "ebitda": 392000000,
    "ebitdaratio": 0.0721383879,
    "operatingIncome": 330000000,
    "operatingIncomeRatio": 0.0607287449,
    "totalOtherIncomeExpensesNet": 6000000,
    "incomeBeforeTax": 336000000,
    "incomeBeforeTaxRatio": 0.0618329039,
    "incomeTaxExpense": 126000000,
    "netIncome": 210000000,
    "netIncomeRatio": 0.038645565,
    "eps": 0.16,
    "epsdiluted": 0.16,
    "weightedAverageShsOut": 1284800000,
    "weightedAverageShsOutDil": 1337600000,
    "link": "https://www.sec.gov/Archives/edgar/data/731766/000091205701505867/0000912057-01-505867-index.htm",
    "finalLink": "https://www.sec.gov/Archives/edgar/data/731766/000091205701505867/a2041963z10-k.htm"
  },
  {
    "date": "2000-09-30",
    "symbol": "UNH",
    "reportedCurrency": "USD",
    "cik": "0000731766",
    "fillingDate": "2000-11-06",
    "acceptedDate": "2000-11-06 00:00:00",
    "calendarYear": "2000",
    "period": "Q3",
    "revenue": 5369000000,
    "costOfRevenue": 4105000000,
    "grossProfit": 1264000000,
    "grossProfitRatio": 0.2354255914,
    "researchAndDevelopmentExpenses": 0,
    "generalAndAdministrativeExpenses": 0,
    "sellingAndMarketingExpenses": 0,
    "sellingGeneralAndAdministrativeExpenses": 0,
    "otherExpenses": 955000000,
    "operatingExpenses": 955000000,
    "costAndExpenses": 5060000000,
    "interestIncome": 0,
    "interestExpense": 0,
    "depreciationAndAmortization": 62000000,
    "ebitda": 371000000,
    "ebitdaratio": 0.0691003911,
    "operatingIncome": 309000000,
    "operatingIncomeRatio": 0.0575526169,
    "totalOtherIncomeExpensesNet": -18000000,
    "incomeBeforeTax": 291000000,
    "incomeBeforeTaxRatio": 0.0542000373,
    "incomeTaxExpense": 109000000,
    "netIncome": 182000000,
    "netIncomeRatio": 0.0338983051,
    "eps": 0.14,
    "epsdiluted": 0.14,
    "weightedAverageShsOut": 1287200000,
    "weightedAverageShsOutDil": 1342400000,
    "link": "https://www.sec.gov/Archives/edgar/data/731766/000091205700047441/0000912057-00-047441-index.htm",
    "finalLink": "https://www.sec.gov/Archives/edgar/data/731766/000091205700047441/a2029141z10-q.htm"
  },
  {
    "date": "2000-06-30",
    "symbol": "UNH",
    "reportedCurrency": "USD",
    "cik": "0000731766",
    "fillingDate": "2000-08-11",
    "acceptedDate": "2000-08-11 00:00:00",
    "calendarYear": "2000",
    "period": "Q2",
    "revenue": 5220000000,
    "costOfRevenue": 3992000000,
    "grossProfit": 1228000000,
    "grossProfitRatio": 0.2352490421,
    "researchAndDevelopmentExpenses": 0,
    "generalAndAdministrativeExpenses": 0,
    "sellingAndMarketingExpenses": 0,
    "sellingGeneralAndAdministrativeExpenses": 0,
    "otherExpenses": 940000000,
    "operatingExpenses": 940000000,
    "costAndExpenses": 4932000000,
    "interestIncome": 0,
    "interestExpense": 0,
    "depreciationAndAmortization": 61000000,
    "ebitda": 349000000,
    "ebitdaratio": 0.0668582375,
    "operatingIncome": 288000000,
    "operatingIncomeRatio": 0.0551724138,
    "totalOtherIncomeExpensesNet": -16000000,
    "incomeBeforeTax": 272000000,
    "incomeBeforeTaxRatio": 0.0521072797,
    "incomeTaxExpense": 102000000,
    "netIncome": 170000000,
    "netIncomeRatio": 0.0325670498,
    "eps": 0.13,
    "epsdiluted": 0.13,
    "weightedAverageShsOut": 1301600000,
    "weightedAverageShsOutDil": 1348800000,
    "link": "https://www.sec.gov/Archives/edgar/data/731766/000091205700036683/0000912057-00-036683-index.htm",
    "finalLink": "https://www.sec.gov/Archives/edgar/data/731766/000091205700036683/a10-q.htm"
  },
  {
    "date": "2000-03-31",
    "symbol": "UNH",
    "reportedCurrency": "USD",
    "cik": "0000731766",
    "fillingDate": "2000-05-15",
    "acceptedDate": "2000-05-15 00:00:00",
    "calendarYear": "2000",
    "period": "Q1",
    "revenue": 5099000000,
    "costOfRevenue": 3903000000,
    "grossProfit": 1196000000,
    "grossProfitRatio": 0.2345557953,
    "researchAndDevelopmentExpenses": 0,
    "generalAndAdministrativeExpenses": 0,
    "sellingAndMarketingExpenses": 0,
    "sellingGeneralAndAdministrativeExpenses": 0,
    "otherExpenses": 923000000,
    "operatingExpenses": 923000000,
    "costAndExpenses": 4826000000,
    "interestIncome": 0,
    "interestExpense": 0,
    "depreciationAndAmortization": 62000000,
    "ebitda": 335000000,
    "ebitdaratio": 0.0656991567,
    "operatingIncome": 273000000,
    "operatingIncomeRatio": 0.0535399098,
    "totalOtherIncomeExpensesNet": -17000000,
    "incomeBeforeTax": 256000000,
    "incomeBeforeTaxRatio": 0.0502059227,
    "incomeTaxExpense": 82000000,
    "netIncome": 174000000,
    "netIncomeRatio": 0.0341243381,
    "eps": 0.13,
    "epsdiluted": 0.13,
    "weightedAverageShsOut": 1316000000,
    "weightedAverageShsOutDil": 1348800000,
    "link": "https://www.sec.gov/Archives/edgar/data/731766/000091205700024846/0000912057-00-024846-index.html",
    "finalLink": "https://www.sec.gov/Archives/edgar/data/731766/000091205700024846/0000912057-00-024846-d1.html"
  },
  {
    "date": "1999-12-31",
    "symbol": "UNH",
    "reportedCurrency": "USD",
    "cik": "0000731766",
    "fillingDate": "2000-03-30",
    "acceptedDate": "2000-03-30 00:00:00",
    "calendarYear": "1999",
    "period": "Q4",
    "revenue": 4992000000,
    "costOfRevenue": 0,
    "grossProfit": 4992000000,
    "grossProfitRatio": 1,
    "researchAndDevelopmentExpenses": 0,
    "generalAndAdministrativeExpenses": 0,
    "sellingAndMarketingExpenses": 0,
    "sellingGeneralAndAdministrativeExpenses": 0,
    "otherExpenses": 32504000000,
    "operatingExpenses": 32504000000,
    "costAndExpenses": 32504000000,
    "interestIncome": 0,
    "interestExpense": 0,
    "depreciationAndAmortization": 62000000,
    "ebitda": -27450000000,
    "ebitdaratio": -5.4987980769,
    "operatingIncome": -27512000000,
    "operatingIncomeRatio": -5.5112179487,
    "totalOtherIncomeExpensesNet": 27753000000,
    "incomeBeforeTax": 241000000,
    "incomeBeforeTaxRatio": 0.0482772436,
    "incomeTaxExpense": 84000000,
    "netIncome": 157000000,
    "netIncomeRatio": 0.0314503205,
    "eps": 0.12,
    "epsdiluted": 0.12,
    "weightedAverageShsOut": 1347200000,
    "weightedAverageShsOutDil": 1384000000,
    "link": "https://www.sec.gov/Archives/edgar/data/731766/000091205700014911/0000912057-00-014911-index.html",
    "finalLink": "https://www.sec.gov/Archives/edgar/data/731766/000091205700014911/0000912057-00-014911-d1.html"
  },
  {
    "date": "1999-09-30",
    "symbol": "UNH",
    "reportedCurrency": "USD",
    "cik": "0000731766",
    "fillingDate": "1999-11-15",
    "acceptedDate": "1999-11-15 00:00:00",
    "calendarYear": "1999",
    "period": "Q3",
    "revenue": 4903000000,
    "costOfRevenue": 3769000000,
    "grossProfit": 1134000000,
    "grossProfitRatio": 0.2312869672,
    "researchAndDevelopmentExpenses": 0,
    "generalAndAdministrativeExpenses": 0,
    "sellingAndMarketingExpenses": 0,
    "sellingGeneralAndAdministrativeExpenses": 0,
    "otherExpenses": -4664000000,
    "operatingExpenses": -4664000000,
    "costAndExpenses": -4664000000,
    "interestIncome": 0,
    "interestExpense": 0,
    "depreciationAndAmortization": 61000000,
    "ebitda": 9628000000,
    "ebitdaratio": 1.9636956965,
    "operatingIncome": 239000000,
    "operatingIncomeRatio": 0.0487456659,
    "totalOtherIncomeExpensesNet": -10000000,
    "incomeBeforeTax": 229000000,
    "incomeBeforeTaxRatio": 0.0467060983,
    "incomeTaxExpense": 85000000,
    "netIncome": 144000000,
    "netIncomeRatio": 0.0293697736,
    "eps": 0.1,
    "epsdiluted": 0.1,
    "weightedAverageShsOut": 1392000000,
    "weightedAverageShsOutDil": 1424000000,
    "link": "https://www.sec.gov/Archives/edgar/data/731766/000091205799006099/0000912057-99-006099-index.html",
    "finalLink": "https://www.sec.gov/Archives/edgar/data/731766/000091205799006099/0000912057-99-006099-d1.html"
  },
  {
    "date": "1999-06-30",
    "symbol": "UNH",
    "reportedCurrency": "USD",
    "cik": "0000731766",
    "fillingDate": "1999-08-13",
    "acceptedDate": "1999-08-13 00:00:00",
    "calendarYear": "1999",
    "period": "Q2",
    "revenue": 4858000000,
    "costOfRevenue": 0,
    "grossProfit": 4858000000,
    "grossProfitRatio": 1,
    "researchAndDevelopmentExpenses": 0,
    "generalAndAdministrativeExpenses": 0,
    "sellingAndMarketingExpenses": 0,
    "sellingGeneralAndAdministrativeExpenses": 0,
    "otherExpenses": -4633000000,
    "operatingExpenses": -4633000000,
    "costAndExpenses": -4633000000,
    "interestIncome": 0,
    "interestExpense": 0,
    "depreciationAndAmortization": 55000000,
    "ebitda": 9546000000,
    "ebitdaratio": 1.9650061754,
    "operatingIncome": 9491000000,
    "operatingIncomeRatio": 1.9536846439,
    "totalOtherIncomeExpensesNet": -9277000000,
    "incomeBeforeTax": 214000000,
    "incomeBeforeTaxRatio": 0.0440510498,
    "incomeTaxExpense": 79000000,
    "netIncome": 135000000,
    "netIncomeRatio": 0.0277892137,
    "eps": 0.0975,
    "epsdiluted": 0.095,
    "weightedAverageShsOut": 1392000000,
    "weightedAverageShsOutDil": 1424000000,
    "link": "https://www.sec.gov/Archives/edgar/data/731766/000104746999031947/0001047469-99-031947-index.html",
    "finalLink": "https://www.sec.gov/Archives/edgar/data/731766/000104746999031947/"
  },
  {
    "date": "1999-03-31",
    "symbol": "UNH",
    "reportedCurrency": "USD",
    "cik": "0000731766",
    "fillingDate": "1999-05-17",
    "acceptedDate": "1999-05-17 00:00:00",
    "calendarYear": "1999",
    "period": "Q1",
    "revenue": 4809000000,
    "costOfRevenue": 0,
    "grossProfit": 4809000000,
    "grossProfitRatio": 1,
    "researchAndDevelopmentExpenses": 0,
    "generalAndAdministrativeExpenses": 0,
    "sellingAndMarketingExpenses": 0,
    "sellingGeneralAndAdministrativeExpenses": 0,
    "otherExpenses": -4588000000,
    "operatingExpenses": -4588000000,
    "costAndExpenses": -4588000000,
    "interestIncome": 0,
    "interestExpense": 0,
    "depreciationAndAmortization": 55000000,
    "ebitda": 9452000000,
    "ebitdaratio": 1.9654813891,
    "operatingIncome": 9397000000,
    "operatingIncomeRatio": 1.9540444999,
    "totalOtherIncomeExpensesNet": -9187000000,
    "incomeBeforeTax": 210000000,
    "incomeBeforeTaxRatio": 0.0436681223,
    "incomeTaxExpense": 78000000,
    "netIncome": 132000000,
    "netIncomeRatio": 0.027448534,
    "eps": 0.0913,
    "epsdiluted": 0.09,
    "weightedAverageShsOut": 1440000000,
    "weightedAverageShsOutDil": 1464000000,
    "link": "https://www.sec.gov/Archives/edgar/data/731766/000104746999021332/0001047469-99-021332-index.html",
    "finalLink": "https://www.sec.gov/Archives/edgar/data/731766/"
  },
  {
    "date": "1998-12-31",
    "symbol": "UNH",
    "reportedCurrency": "USD",
    "cik": "0000731766",
    "fillingDate": "1999-03-31",
    "acceptedDate": "1999-03-31 00:00:00",
    "calendarYear": "1998",
    "period": "Q4",
    "revenue": 4645000000,
    "costOfRevenue": 0,
    "grossProfit": 4645000000,
    "grossProfitRatio": 1,
    "researchAndDevelopmentExpenses": 0,
    "generalAndAdministrativeExpenses": 0,
    "sellingAndMarketingExpenses": 0,
    "sellingGeneralAndAdministrativeExpenses": 0,
    "otherExpenses": 28913000000,
    "operatingExpenses": 28913000000,
    "costAndExpenses": 29638000000,
    "interestIncome": 0,
    "interestExpense": 0,
    "depreciationAndAmortization": 52000000,
    "ebitda": -24216000000,
    "ebitdaratio": -5.2133476857,
    "operatingIncome": -24268000000,
    "operatingIncomeRatio": -5.2245425188,
    "totalOtherIncomeExpensesNet": 24478000000,
    "incomeBeforeTax": 210000000,
    "incomeBeforeTaxRatio": 0.0452099031,
    "incomeTaxExpense": 78000000,
    "netIncome": 132000000,
    "netIncomeRatio": 0.0284176534,
    "eps": 0.0688,
    "epsdiluted": 0.0688,
    "weightedAverageShsOut": 1491200000,
    "weightedAverageShsOutDil": 1491200000,
    "link": "https://www.sec.gov/Archives/edgar/data/731766/000104746999013081/0001047469-99-013081-index.html",
    "finalLink": "https://www.sec.gov/Archives/edgar/data/731766/0001047469-99-013081.txt"
  },
  {
    "date": "1998-09-30",
    "symbol": "UNH",
    "reportedCurrency": "USD",
    "cik": "0000731766",
    "fillingDate": "1998-11-12",
    "acceptedDate": "1998-11-12 00:00:00",
    "calendarYear": "1998",
    "period": "Q3",
    "revenue": 4360000000,
    "costOfRevenue": 0,
    "grossProfit": 4360000000,
    "grossProfitRatio": 1,
    "researchAndDevelopmentExpenses": 0,
    "generalAndAdministrativeExpenses": 0,
    "sellingAndMarketingExpenses": 0,
    "sellingGeneralAndAdministrativeExpenses": 0,
    "otherExpenses": -4146000000,
    "operatingExpenses": -4146000000,
    "costAndExpenses": -4146000000,
    "interestIncome": 0,
    "interestExpense": 0,
    "depreciationAndAmortization": 43000000,
    "ebitda": 8549000000,
    "ebitdaratio": 1.9607798165,
    "operatingIncome": 8506000000,
    "operatingIncomeRatio": 1.9509174312,
    "totalOtherIncomeExpensesNet": -8292000000,
    "incomeBeforeTax": 214000000,
    "incomeBeforeTaxRatio": 0.0490825688,
    "incomeTaxExpense": 79000000,
    "netIncome": 135000000,
    "netIncomeRatio": 0.0309633028,
    "eps": 0.0838,
    "epsdiluted": 0.0825,
    "weightedAverageShsOut": 1536000000,
    "weightedAverageShsOutDil": 1552000000,
    "link": "https://www.sec.gov/Archives/edgar/data/731766/000104746998040415/0001047469-98-040415-index.html",
    "finalLink": "https://www.sec.gov/Archives/edgar/data/731766/"
  },
  {
    "date": "1998-06-30",
    "symbol": "UNH",
    "reportedCurrency": "USD",
    "cik": "0000731766",
    "fillingDate": "1998-08-14",
    "acceptedDate": "1998-08-14 00:00:00",
    "calendarYear": "1998",
    "period": "Q2",
    "revenue": 4235000000,
    "costOfRevenue": 0,
    "grossProfit": 4235000000,
    "grossProfitRatio": 1,
    "researchAndDevelopmentExpenses": 0,
    "generalAndAdministrativeExpenses": 0,
    "sellingAndMarketingExpenses": 0,
    "sellingGeneralAndAdministrativeExpenses": 0,
    "otherExpenses": -4189000000,
    "operatingExpenses": -4189000000,
    "costAndExpenses": -4189000000,
    "interestIncome": 0,
    "interestExpense": 0,
    "depreciationAndAmortization": 48000000,
    "ebitda": 8472000000,
    "ebitdaratio": 2.000472255,
    "operatingIncome": 8424000000,
    "operatingIncomeRatio": 1.9891381346,
    "totalOtherIncomeExpensesNet": -9103000000,
    "incomeBeforeTax": -679000000,
    "incomeBeforeTaxRatio": -0.1603305785,
    "incomeTaxExpense": -114000000,
    "netIncome": -565000000,
    "netIncomeRatio": -0.1334120425,
    "eps": -0.37,
    "epsdiluted": -0.37,
    "weightedAverageShsOut": 1544000000,
    "weightedAverageShsOutDil": 1544000000,
    "link": "https://www.sec.gov/Archives/edgar/data/731766/000104746998031820/0001047469-98-031820-index.html",
    "finalLink": "https://www.sec.gov/Archives/edgar/data/731766/"
  },
  {
    "date": "1998-03-31",
    "symbol": "UNH",
    "reportedCurrency": "USD",
    "cik": "0000731766",
    "fillingDate": "1998-05-15",
    "acceptedDate": "1998-05-15 00:00:00",
    "calendarYear": "1998",
    "period": "Q1",
    "revenue": 4115000000,
    "costOfRevenue": 0,
    "grossProfit": 4115000000,
    "grossProfitRatio": 1,
    "researchAndDevelopmentExpenses": 0,
    "generalAndAdministrativeExpenses": 0,
    "sellingAndMarketingExpenses": 0,
    "sellingGeneralAndAdministrativeExpenses": 0,
    "otherExpenses": -3906000000,
    "operatingExpenses": -3906000000,
    "costAndExpenses": -3906000000,
    "interestIncome": 0,
    "interestExpense": 0,
    "depreciationAndAmortization": 42000000,
    "ebitda": 8063000000,
    "ebitdaratio": 1.9594167679,
    "operatingIncome": 8021000000,
    "operatingIncomeRatio": 1.9492102066,
    "totalOtherIncomeExpensesNet": -7812000000,
    "incomeBeforeTax": 209000000,
    "incomeBeforeTaxRatio": 0.0507897934,
    "incomeTaxExpense": 77000000,
    "netIncome": 132000000,
    "netIncomeRatio": 0.0320777643,
    "eps": 0.0813,
    "epsdiluted": 0.0788,
    "weightedAverageShsOut": 1544000000,
    "weightedAverageShsOutDil": 1592000000,
    "link": "https://www.sec.gov/Archives/edgar/data/731766/000104746998020676/0001047469-98-020676-index.html",
    "finalLink": "https://www.sec.gov/Archives/edgar/data/731766/"
  },
  {
    "date": "1997-12-31",
    "symbol": "UNH",
    "reportedCurrency": "USD",
    "cik": "0000731766",
    "fillingDate": "1998-03-27",
    "acceptedDate": "1998-03-27 00:00:00",
    "calendarYear": "1997",
    "period": "Q4",
    "revenue": 3053500000,
    "costOfRevenue": 0,
    "grossProfit": 3053500000,
    "grossProfitRatio": 1,
    "researchAndDevelopmentExpenses": 0,
    "generalAndAdministrativeExpenses": 0,
    "sellingAndMarketingExpenses": 0,
    "sellingGeneralAndAdministrativeExpenses": 0,
    "otherExpenses": 19242600000,
    "operatingExpenses": 19242600000,
    "costAndExpenses": 19242600000,
    "interestIncome": 0,
    "interestExpense": 0,
    "depreciationAndAmortization": 39600000,
    "ebitda": -16149500000,
    "ebitdaratio": -5.288848862,
    "operatingIncome": -16189100000,
    "operatingIncomeRatio": -5.3018175864,
    "totalOtherIncomeExpensesNet": 16381200000,
    "incomeBeforeTax": 192100000,
    "incomeBeforeTaxRatio": 0.0629114131,
    "incomeTaxExpense": 72800000,
    "netIncome": 119300000,
    "netIncomeRatio": 0.0390699198,
    "eps": 0.0801,
    "epsdiluted": 0.0725,
    "weightedAverageShsOut": 1412000000,
    "weightedAverageShsOutDil": 1540000000,
    "link": "https://www.sec.gov/Archives/edgar/data/731766/000104746998012119/0001047469-98-012119-index.html",
    "finalLink": "https://www.sec.gov/Archives/edgar/data/731766/"
  },
  {
    "date": "1997-09-30",
    "symbol": "UNH",
    "reportedCurrency": "USD",
    "cik": "0000731766",
    "fillingDate": "1997-11-14",
    "acceptedDate": "1997-11-14 00:00:00",
    "calendarYear": "1997",
    "period": "Q3",
    "revenue": 2959000000,
    "costOfRevenue": 0,
    "grossProfit": 2959000000,
    "grossProfitRatio": 1,
    "researchAndDevelopmentExpenses": 0,
    "generalAndAdministrativeExpenses": 0,
    "sellingAndMarketingExpenses": 0,
    "sellingGeneralAndAdministrativeExpenses": 0,
    "otherExpenses": -2772000000,
    "operatingExpenses": -2772000000,
    "costAndExpenses": -2772000000,
    "interestIncome": 0,
    "interestExpense": 0,
    "depreciationAndAmortization": 37000000,
    "ebitda": 5768000000,
    "ebitdaratio": 1.9493071984,
    "operatingIncome": 5731000000,
    "operatingIncomeRatio": 1.936802974,
    "totalOtherIncomeExpensesNet": -5544000000,
    "incomeBeforeTax": 187000000,
    "incomeBeforeTaxRatio": 0.063197026,
    "incomeTaxExpense": 71000000,
    "netIncome": 116000000,
    "netIncomeRatio": 0.0392024333,
    "eps": 0.0712,
    "epsdiluted": 0.0712,
    "weightedAverageShsOut": 1536000000,
    "weightedAverageShsOutDil": 1536000000,
    "link": "https://www.sec.gov/Archives/edgar/data/731766/000104746997005017/0001047469-97-005017-index.html",
    "finalLink": "https://www.sec.gov/Archives/edgar/data/731766/"
  },
  {
    "date": "1997-06-30",
    "symbol": "UNH",
    "reportedCurrency": "USD",
    "cik": "0000731766",
    "fillingDate": "1997-08-14",
    "acceptedDate": "1997-08-14 00:00:00",
    "calendarYear": "1997",
    "period": "Q2",
    "revenue": 2931000000,
    "costOfRevenue": 0,
    "grossProfit": 2931000000,
    "grossProfitRatio": 1,
    "researchAndDevelopmentExpenses": 0,
    "generalAndAdministrativeExpenses": 0,
    "sellingAndMarketingExpenses": 0,
    "sellingGeneralAndAdministrativeExpenses": 0,
    "otherExpenses": -2746000000,
    "operatingExpenses": -2746000000,
    "costAndExpenses": -2746000000,
    "interestIncome": 0,
    "interestExpense": 0,
    "depreciationAndAmortization": 35000000,
    "ebitda": 5712000000,
    "ebitdaratio": 1.9488229273,
    "operatingIncome": 5677000000,
    "operatingIncomeRatio": 1.9368816104,
    "totalOtherIncomeExpensesNet": -5492000000,
    "incomeBeforeTax": 185000000,
    "incomeBeforeTaxRatio": 0.0631183896,
    "incomeTaxExpense": 69000000,
    "netIncome": 116000000,
    "netIncomeRatio": 0.0395769362,
    "eps": 0.0712,
    "epsdiluted": 0.0712,
    "weightedAverageShsOut": 1523200000,
    "weightedAverageShsOutDil": 1523200000,
    "link": "https://www.sec.gov/Archives/edgar/data/731766/000091205797027978/0000912057-97-027978-index.html",
    "finalLink": "https://www.sec.gov/Archives/edgar/data/731766/"
  },
  {
    "date": "1997-03-31",
    "symbol": "UNH",
    "reportedCurrency": "USD",
    "cik": "0000731766",
    "fillingDate": "1997-05-15",
    "acceptedDate": "1997-05-15 00:00:00",
    "calendarYear": "1997",
    "period": "Q1",
    "revenue": 2852000000,
    "costOfRevenue": 0,
    "grossProfit": 2852000000,
    "grossProfitRatio": 1,
    "researchAndDevelopmentExpenses": 0,
    "generalAndAdministrativeExpenses": 0,
    "sellingAndMarketingExpenses": 0,
    "sellingGeneralAndAdministrativeExpenses": 0,
    "otherExpenses": -2673000000,
    "operatingExpenses": -2673000000,
    "costAndExpenses": -2673000000,
    "interestIncome": 0,
    "interestExpense": 0,
    "depreciationAndAmortization": 34000000,
    "ebitda": 5559000000,
    "ebitdaratio": 1.9491584853,
    "operatingIncome": 5525000000,
    "operatingIncomeRatio": 1.9372370266,
    "totalOtherIncomeExpensesNet": -5346000000,
    "incomeBeforeTax": 179000000,
    "incomeBeforeTaxRatio": 0.0627629734,
    "incomeTaxExpense": 70000000,
    "netIncome": 109000000,
    "netIncomeRatio": 0.0382187938,
    "eps": 0.0675,
    "epsdiluted": 0.0675,
    "weightedAverageShsOut": 1514640000,
    "weightedAverageShsOutDil": 1514640000,
    "link": "https://www.sec.gov/Archives/edgar/data/731766/000091205797018076/0000912057-97-018076-index.html",
    "finalLink": "https://www.sec.gov/Archives/edgar/data/731766/"
  },
  {
    "date": "1996-12-31",
    "symbol": "UNH",
    "reportedCurrency": "USD",
    "cik": "0000731766",
    "fillingDate": "1997-03-28",
    "acceptedDate": "1997-03-28 00:00:00",
    "calendarYear": "1996",
    "period": "Q4",
    "revenue": 2676139000,
    "costOfRevenue": 0,
    "grossProfit": 2676139000,
    "grossProfitRatio": 1,
    "researchAndDevelopmentExpenses": 0,
    "generalAndAdministrativeExpenses": 0,
    "sellingAndMarketingExpenses": 0,
    "sellingGeneralAndAdministrativeExpenses": 0,
    "otherExpenses": 16419582000,
    "operatingExpenses": 16419582000,
    "costAndExpenses": 16419582000,
    "interestIncome": 0,
    "interestExpense": 0,
    "depreciationAndAmortization": 36227000,
    "ebitda": -13707216000,
    "ebitdaratio": -5.1220119732,
    "operatingIncome": -13743443000,
    "operatingIncomeRatio": -5.135549013,
    "totalOtherIncomeExpensesNet": 13900013000,
    "incomeBeforeTax": 156570000,
    "incomeBeforeTaxRatio": 0.0585059296,
    "incomeTaxExpense": 60812000,
    "netIncome": 95143000,
    "netIncomeRatio": 0.0355523386,
    "eps": 0.0588,
    "epsdiluted": 0.0588,
    "weightedAverageShsOut": 1506320000,
    "weightedAverageShsOutDil": 1506320000,
    "link": "https://www.sec.gov/Archives/edgar/data/731766/000091205797010848/0000912057-97-010848-index.html",
    "finalLink": "https://www.sec.gov/Archives/edgar/data/731766/"
  },
  {
    "date": "1996-09-30",
    "symbol": "UNH",
    "reportedCurrency": "USD",
    "cik": "0000731766",
    "fillingDate": "1996-11-14",
    "acceptedDate": "1996-11-14 00:00:00",
    "calendarYear": "1996",
    "period": "Q3",
    "revenue": 2587358000,
    "costOfRevenue": 0,
    "grossProfit": 2587358000,
    "grossProfitRatio": 1,
    "researchAndDevelopmentExpenses": 0,
    "generalAndAdministrativeExpenses": 0,
    "sellingAndMarketingExpenses": 0,
    "sellingGeneralAndAdministrativeExpenses": 0,
    "otherExpenses": -2437959000,
    "operatingExpenses": -2437959000,
    "costAndExpenses": -2437959000,
    "interestIncome": 0,
    "interestExpense": 0,
    "depreciationAndAmortization": 33909000,
    "ebitda": 5059226000,
    "ebitdaratio": 1.955363734,
    "operatingIncome": 5025317000,
    "operatingIncomeRatio": 1.9422580872,
    "totalOtherIncomeExpensesNet": -4875856000,
    "incomeBeforeTax": 149461000,
    "incomeBeforeTaxRatio": 0.0577658755,
    "incomeTaxExpense": 58234000,
    "netIncome": 91227000,
    "netIncomeRatio": 0.0352587466,
    "eps": 0.0563,
    "epsdiluted": 0.0563,
    "weightedAverageShsOut": 1497040000,
    "weightedAverageShsOutDil": 1497040000,
    "link": "https://www.sec.gov/Archives/edgar/data/731766/000073176696000017/0000731766-96-000017-index.html",
    "finalLink": "https://www.sec.gov/Archives/edgar/data/731766/"
  },
  {
    "date": "1996-06-30",
    "symbol": "UNH",
    "reportedCurrency": "USD",
    "cik": "0000731766",
    "fillingDate": "1996-08-14",
    "acceptedDate": "1996-08-14 00:00:00",
    "calendarYear": "1996",
    "period": "Q2",
    "revenue": 2492183000,
    "costOfRevenue": 0,
    "grossProfit": 2492183000,
    "grossProfitRatio": 1,
    "researchAndDevelopmentExpenses": 0,
    "generalAndAdministrativeExpenses": 0,
    "sellingAndMarketingExpenses": 0,
    "sellingGeneralAndAdministrativeExpenses": 0,
    "otherExpenses": -2394708000,
    "operatingExpenses": -2394708000,
    "costAndExpenses": -2394708000,
    "interestIncome": 0,
    "interestExpense": 0,
    "depreciationAndAmortization": 31929000,
    "ebitda": 4918820000,
    "ebitdaratio": 1.9736993632,
    "operatingIncome": 4886891000,
    "operatingIncomeRatio": 1.9608877037,
    "totalOtherIncomeExpensesNet": -4804494000,
    "incomeBeforeTax": 82397000,
    "incomeBeforeTaxRatio": 0.0330621788,
    "incomeTaxExpense": 32077000,
    "netIncome": 50320000,
    "netIncomeRatio": 0.0201911336,
    "eps": 0.0288,
    "epsdiluted": 0.0288,
    "weightedAverageShsOut": 1493256000,
    "weightedAverageShsOutDil": 1493256000,
    "link": "https://www.sec.gov/Archives/edgar/data/731766/000073176696000013/0000731766-96-000013-index.html",
    "finalLink": "https://www.sec.gov/Archives/edgar/data/731766/"
  },
  {
    "date": "1996-03-31",
    "symbol": "UNH",
    "reportedCurrency": "USD",
    "cik": "0000731766",
    "fillingDate": "1996-05-15",
    "acceptedDate": "1996-05-15 00:00:00",
    "calendarYear": "1996",
    "period": "Q1",
    "revenue": 2318110000,
    "costOfRevenue": 0,
    "grossProfit": 2318110000,
    "grossProfitRatio": 1,
    "researchAndDevelopmentExpenses": 0,
    "generalAndAdministrativeExpenses": 0,
    "sellingAndMarketingExpenses": 0,
    "sellingGeneralAndAdministrativeExpenses": 0,
    "otherExpenses": -2124504000,
    "operatingExpenses": -2124504000,
    "costAndExpenses": -2124504000,
    "interestIncome": 0,
    "interestExpense": 0,
    "depreciationAndAmortization": 31101000,
    "ebitda": 4473715000,
    "ebitdaratio": 1.9298976321,
    "operatingIncome": 4442614000,
    "operatingIncomeRatio": 1.9164810988,
    "totalOtherIncomeExpensesNet": -4250193000,
    "incomeBeforeTax": 192421000,
    "incomeBeforeTaxRatio": 0.0830077089,
    "incomeTaxExpense": 73475000,
    "netIncome": 118946000,
    "netIncomeRatio": 0.0513116289,
    "eps": 0.0775,
    "epsdiluted": 0.0775,
    "weightedAverageShsOut": 1443760000,
    "weightedAverageShsOutDil": 1443760000,
    "link": "https://www.sec.gov/Archives/edgar/data/731766/000073176696000005/0000731766-96-000005-index.html",
    "finalLink": "https://www.sec.gov/Archives/edgar/data/731766/"
  },
  {
    "date": "1995-12-31",
    "symbol": "UNH",
    "reportedCurrency": "USD",
    "cik": "0000731766",
    "fillingDate": "1996-04-01",
    "acceptedDate": "1996-04-01 00:00:00",
    "calendarYear": "1995",
    "period": "Q4",
    "revenue": 2193562000,
    "costOfRevenue": 0,
    "grossProfit": 2193562000,
    "grossProfitRatio": 1,
    "researchAndDevelopmentExpenses": 0,
    "generalAndAdministrativeExpenses": 0,
    "sellingAndMarketingExpenses": 0,
    "sellingGeneralAndAdministrativeExpenses": 0,
    "otherExpenses": 8096073000,
    "operatingExpenses": 8096073000,
    "costAndExpenses": 8249869000,
    "interestIncome": 0,
    "interestExpense": 0,
    "depreciationAndAmortization": 35066000,
    "ebitda": -5867445000,
    "ebitdaratio": -2.6748480326,
    "operatingIncome": -5902511000,
    "operatingIncomeRatio": -2.6908339039,
    "totalOtherIncomeExpensesNet": 5927915000,
    "incomeBeforeTax": 25404000,
    "incomeBeforeTaxRatio": 0.0115811634,
    "incomeTaxExpense": 8576000,
    "netIncome": 12983000,
    "netIncomeRatio": 0.0059186839,
    "eps": 0.0025,
    "epsdiluted": 0.0025,
    "weightedAverageShsOut": 1439416000,
    "weightedAverageShsOutDil": 1439416000,
    "link": "https://www.sec.gov/Archives/edgar/data/731766/000095013196001401/0000950131-96-001401-index.html",
    "finalLink": "https://www.sec.gov/Archives/edgar/data/731766/"
  },
  {
    "date": "1995-09-30",
    "symbol": "UNH",
    "reportedCurrency": "USD",
    "cik": "0000731766",
    "fillingDate": "1995-11-14",
    "acceptedDate": "1995-11-14 00:00:00",
    "calendarYear": "1995",
    "period": "Q3",
    "revenue": 1215536000,
    "costOfRevenue": 0,
    "grossProfit": 1215536000,
    "grossProfitRatio": 1,
    "researchAndDevelopmentExpenses": 0,
    "generalAndAdministrativeExpenses": 0,
    "sellingAndMarketingExpenses": 0,
    "sellingGeneralAndAdministrativeExpenses": 0,
    "otherExpenses": -1064968000,
    "operatingExpenses": -1064968000,
    "costAndExpenses": -1064968000,
    "interestIncome": 0,
    "interestExpense": 0,
    "depreciationAndAmortization": 19343000,
    "ebitda": 2299847000,
    "ebitdaratio": 1.89204351,
    "operatingIncome": 2280504000,
    "operatingIncomeRatio": 1.8761303655,
    "totalOtherIncomeExpensesNet": -2131179000,
    "incomeBeforeTax": 149325000,
    "incomeBeforeTaxRatio": 0.1228470403,
    "incomeTaxExpense": 55655000,
    "netIncome": 93670000,
    "netIncomeRatio": 0.0770606547,
    "eps": 0.0663,
    "epsdiluted": 0.0663,
    "weightedAverageShsOut": 1416560000,
    "weightedAverageShsOutDil": 1416560000,
    "link": "https://www.sec.gov/Archives/edgar/data/731766/000073176695000023/0000731766-95-000023-index.html",
    "finalLink": "https://www.sec.gov/Archives/edgar/data/731766/"
  }
]