[
  {
    "date": "2025-06-30",
    "symbol": "UPS",
    "reportedCurrency": "USD",
    "cik": "0001090727",
    "fillingDate": "2025-08-06",
    "acceptedDate": "2025-08-06 17:24:32",
    "calendarYear": "2025",
    "period": "Q2",
    "revenue": 21221000000,
    "costOfRevenue": 17441000000,
    "grossProfit": 3780000000,
    "grossProfitRatio": 0.1781254418,
    "researchAndDevelopmentExpenses": 0,
    "generalAndAdministrativeExpenses": 0,
    "sellingAndMarketingExpenses": 0,
    "sellingGeneralAndAdministrativeExpenses": 1958000000,
    "otherExpenses": 0,
    "operatingExpenses": 1958000000,
    "costAndExpenses": 19399000000,
    "interestIncome": 40000000,
    "interestExpense": 238000000,
    "depreciationAndAmortization": 936000000,
    "ebitda": 2836000000,
    "ebitdaratio": 0.1336412045,
    "operatingIncome": 1822000000,
    "operatingIncomeRatio": 0.0858583479,
    "totalOtherIncomeExpensesNet": -160000000,
    "incomeBeforeTax": 1662000000,
    "incomeBeforeTaxRatio": 0.0783186466,
    "incomeTaxExpense": 379000000,
    "netIncome": 1283000000,
    "netIncomeRatio": 0.0604589793,
    "eps": 1.51,
    "epsdiluted": 1.51,
    "weightedAverageShsOut": 847000000,
    "weightedAverageShsOutDil": 847000000,
    "link": "https://www.sec.gov/Archives/edgar/data/1090727/000109072725000064/0001090727-25-000064-index.htm",
    "finalLink": "https://www.sec.gov/Archives/edgar/data/1090727/000109072725000064/ups-20250630.htm"
  },
  {
    "date": "2025-03-31",
    "symbol": "UPS",
    "reportedCurrency": "USD",
    "cik": "0001090727",
    "fillingDate": "2025-03-30",
    "acceptedDate": "2025-03-30 18:00:00",
    "calendarYear": "2025",
    "period": "Q1",
    "revenue": 21489000000,
    "costOfRevenue": 17842000000,
    "grossProfit": 3647000000,
    "grossProfitRatio": 0.1697147378,
    "researchAndDevelopmentExpenses": 0,
    "generalAndAdministrativeExpenses": 0,
    "sellingAndMarketingExpenses": 0,
    "sellingGeneralAndAdministrativeExpenses": 2017000000,
    "otherExpenses": -69000000,
    "operatingExpenses": 1948000000,
    "costAndExpenses": 19790000000,
    "interestIncome": 0,
    "interestExpense": 221000000,
    "depreciationAndAmortization": 912000000,
    "ebitda": 2656000000,
    "ebitdaratio": 0.12359812,
    "operatingIncome": 1699000000,
    "operatingIncomeRatio": 0.079063707,
    "totalOtherIncomeExpensesNet": -176000000,
    "incomeBeforeTax": 1523000000,
    "incomeBeforeTaxRatio": 0.0708734701,
    "incomeTaxExpense": 336000000,
    "netIncome": 1187000000,
    "netIncomeRatio": 0.0552375634,
    "eps": 1.3965,
    "epsdiluted": 1.3965,
    "weightedAverageShsOut": 850000000,
    "weightedAverageShsOutDil": 850000000,
    "link": null,
    "finalLink": null
  },
  {
    "date": "2024-12-31",
    "symbol": "UPS",
    "reportedCurrency": "USD",
    "cik": "0001090727",
    "fillingDate": "2025-02-18",
    "acceptedDate": "2025-02-18 16:24:23",
    "calendarYear": "2024",
    "period": "Q4",
    "revenue": 25243000000,
    "costOfRevenue": 19989000000,
    "grossProfit": 5254000000,
    "grossProfitRatio": 0.2081369092,
    "researchAndDevelopmentExpenses": 0,
    "generalAndAdministrativeExpenses": 0,
    "sellingAndMarketingExpenses": 0,
    "sellingGeneralAndAdministrativeExpenses": 2268000000,
    "otherExpenses": 0,
    "operatingExpenses": 2268000000,
    "costAndExpenses": 22257000000,
    "interestIncome": 0,
    "interestExpense": 228000000,
    "depreciationAndAmortization": 919000000,
    "ebitda": 3274000000,
    "ebitdaratio": 0.1296993226,
    "operatingIncome": 2986000000,
    "operatingIncomeRatio": 0.1182902191,
    "totalOtherIncomeExpensesNet": -859000000,
    "incomeBeforeTax": 2127000000,
    "incomeBeforeTaxRatio": 0.0842609832,
    "incomeTaxExpense": 406000000,
    "netIncome": 1721000000,
    "netIncomeRatio": 0.0681773165,
    "eps": 2.0152,
    "epsdiluted": 2.0152,
    "weightedAverageShsOut": 854000000,
    "weightedAverageShsOutDil": 858000000,
    "link": "https://www.sec.gov/Archives/edgar/data/1090727/000109072725000019/0001090727-25-000019-index.htm",
    "finalLink": "https://www.sec.gov/Archives/edgar/data/1090727/000109072725000019/ups-20241231.htm"
  },
  {
    "date": "2024-09-30",
    "symbol": "UPS",
    "reportedCurrency": "USD",
    "cik": "0001090727",
    "fillingDate": "2024-11-06",
    "acceptedDate": "2024-11-06 17:13:45",
    "calendarYear": "2024",
    "period": "Q3",
    "revenue": 22215000000,
    "costOfRevenue": 18423000000,
    "grossProfit": 3792000000,
    "grossProfitRatio": 0.170695476,
    "researchAndDevelopmentExpenses": 0,
    "generalAndAdministrativeExpenses": 0,
    "sellingAndMarketingExpenses": 0,
    "sellingGeneralAndAdministrativeExpenses": 0,
    "otherExpenses": 1683000000,
    "operatingExpenses": 1683000000,
    "costAndExpenses": 20106000000,
    "interestIncome": 159000000,
    "interestExpense": 229000000,
    "depreciationAndAmortization": 905000000,
    "ebitda": 3044000000,
    "ebitdaratio": 0.137024533,
    "operatingIncome": 2109000000,
    "operatingIncomeRatio": 0.0949358542,
    "totalOtherIncomeExpensesNet": -199000000,
    "incomeBeforeTax": 1910000000,
    "incomeBeforeTaxRatio": 0.0859779428,
    "incomeTaxExpense": 371000000,
    "netIncome": 1539000000,
    "netIncomeRatio": 0.0692775152,
    "eps": 1.8,
    "epsdiluted": 1.8,
    "weightedAverageShsOut": 852900000,
    "weightedAverageShsOutDil": 852900000,
    "link": "https://www.sec.gov/Archives/edgar/data/1090727/000109072724000064/0001090727-24-000064-index.htm",
    "finalLink": "https://www.sec.gov/Archives/edgar/data/1090727/000109072724000064/ups-20240930.htm"
  },
  {
    "date": "2024-06-30",
    "symbol": "UPS",
    "reportedCurrency": "USD",
    "cik": "0001090727",
    "fillingDate": "2024-08-07",
    "acceptedDate": "2024-08-07 16:58:13",
    "calendarYear": "2024",
    "period": "Q2",
    "revenue": 21771000000,
    "costOfRevenue": 17995000000,
    "grossProfit": 3776000000,
    "grossProfitRatio": 0.1734417344,
    "researchAndDevelopmentExpenses": 0,
    "generalAndAdministrativeExpenses": 0,
    "sellingAndMarketingExpenses": 0,
    "sellingGeneralAndAdministrativeExpenses": 1910000000,
    "otherExpenses": -63000000,
    "operatingExpenses": 1847000000,
    "costAndExpenses": 19842000000,
    "interestIncome": 136000000,
    "interestExpense": 210000000,
    "depreciationAndAmortization": 887000000,
    "ebitda": 2966000000,
    "ebitdaratio": 0.1362362776,
    "operatingIncome": 1929000000,
    "operatingIncomeRatio": 0.0886041064,
    "totalOtherIncomeExpensesNet": -60000000,
    "incomeBeforeTax": 1869000000,
    "incomeBeforeTaxRatio": 0.0858481466,
    "incomeTaxExpense": 460000000,
    "netIncome": 1409000000,
    "netIncomeRatio": 0.0647191218,
    "eps": 1.646,
    "epsdiluted": 1.6441,
    "weightedAverageShsOut": 856000000,
    "weightedAverageShsOutDil": 857000000,
    "link": "https://www.sec.gov/Archives/edgar/data/1090727/000109072724000045/0001090727-24-000045-index.htm",
    "finalLink": "https://www.sec.gov/Archives/edgar/data/1090727/000109072724000045/ups-20240630.htm"
  },
  {
    "date": "2024-03-31",
    "symbol": "UPS",
    "reportedCurrency": "USD",
    "cik": "0001090727",
    "fillingDate": "2024-05-03",
    "acceptedDate": "2024-05-03 16:48:39",
    "calendarYear": "2024",
    "period": "Q1",
    "revenue": 21665000000,
    "costOfRevenue": 18094000000,
    "grossProfit": 3571000000,
    "grossProfitRatio": 0.1648280637,
    "researchAndDevelopmentExpenses": 0,
    "generalAndAdministrativeExpenses": 0,
    "sellingAndMarketingExpenses": 0,
    "sellingGeneralAndAdministrativeExpenses": 1938000000,
    "otherExpenses": -73000000,
    "operatingExpenses": 1865000000,
    "costAndExpenses": 19959000000,
    "interestIncome": 123000000,
    "interestExpense": 194000000,
    "depreciationAndAmortization": 898000000,
    "ebitda": 2628000000,
    "ebitdaratio": 0.1213016386,
    "operatingIncome": 1706000000,
    "operatingIncomeRatio": 0.0787445188,
    "totalOtherIncomeExpensesNet": -170000000,
    "incomeBeforeTax": 1536000000,
    "incomeBeforeTaxRatio": 0.0708977614,
    "incomeTaxExpense": 423000000,
    "netIncome": 1113000000,
    "netIncomeRatio": 0.0513731826,
    "eps": 1.3002,
    "epsdiluted": 1.2987,
    "weightedAverageShsOut": 856000000,
    "weightedAverageShsOutDil": 857000000,
    "link": "https://www.sec.gov/Archives/edgar/data/1090727/000109072724000028/0001090727-24-000028-index.htm",
    "finalLink": "https://www.sec.gov/Archives/edgar/data/1090727/000109072724000028/ups-20240331.htm"
  },
  {
    "date": "2023-12-31",
    "symbol": "UPS",
    "reportedCurrency": "USD",
    "cik": "0001090727",
    "fillingDate": "2024-02-20",
    "acceptedDate": "2024-02-20 16:18:27",
    "calendarYear": "2023",
    "period": "Q4",
    "revenue": 24864000000,
    "costOfRevenue": 19939000000,
    "grossProfit": 4925000000,
    "grossProfitRatio": 0.1980775418,
    "researchAndDevelopmentExpenses": 0,
    "generalAndAdministrativeExpenses": 0,
    "sellingAndMarketingExpenses": 0,
    "sellingGeneralAndAdministrativeExpenses": 2297000000,
    "otherExpenses": 0,
    "operatingExpenses": 2297000000,
    "costAndExpenses": 22236000000,
    "interestIncome": 0,
    "interestExpense": 206000000,
    "depreciationAndAmortization": 867000000,
    "ebitda": 3136000000,
    "ebitdaratio": 0.1261261261,
    "operatingIncome": 2628000000,
    "operatingIncomeRatio": 0.1056949807,
    "totalOtherIncomeExpensesNet": -565000000,
    "incomeBeforeTax": 2063000000,
    "incomeBeforeTaxRatio": 0.0829713642,
    "incomeTaxExpense": 458000000,
    "netIncome": 1605000000,
    "netIncomeRatio": 0.0645511583,
    "eps": 1.875,
    "epsdiluted": 1.8706,
    "weightedAverageShsOut": 856000000,
    "weightedAverageShsOutDil": 858000000,
    "link": "https://www.sec.gov/Archives/edgar/data/1090727/000109072724000008/0001090727-24-000008-index.htm",
    "finalLink": "https://www.sec.gov/Archives/edgar/data/1090727/000109072724000008/ups-20231231.htm"
  },
  {
    "date": "2023-09-30",
    "symbol": "UPS",
    "reportedCurrency": "USD",
    "cik": "0001090727",
    "fillingDate": "2023-11-01",
    "acceptedDate": "2023-11-01 16:33:36",
    "calendarYear": "2023",
    "period": "Q3",
    "revenue": 21020000000,
    "costOfRevenue": 17674000000,
    "grossProfit": 3346000000,
    "grossProfitRatio": 0.1591817317,
    "researchAndDevelopmentExpenses": 0,
    "generalAndAdministrativeExpenses": 0,
    "sellingAndMarketingExpenses": 0,
    "sellingGeneralAndAdministrativeExpenses": 1889000000,
    "otherExpenses": 0,
    "operatingExpenses": 1889000000,
    "costAndExpenses": 19563000000,
    "interestIncome": 128000000,
    "interestExpense": 193000000,
    "depreciationAndAmortization": 837000000,
    "ebitda": 2298000000,
    "ebitdaratio": 0.1093244529,
    "operatingIncome": 1457000000,
    "operatingIncomeRatio": 0.0693149382,
    "totalOtherIncomeExpensesNet": -189000000,
    "incomeBeforeTax": 1268000000,
    "incomeBeforeTaxRatio": 0.0603235014,
    "incomeTaxExpense": 141000000,
    "netIncome": 1127000000,
    "netIncomeRatio": 0.0536156042,
    "eps": 1.315,
    "epsdiluted": 1.3135,
    "weightedAverageShsOut": 857000000,
    "weightedAverageShsOutDil": 858000000,
    "link": "https://www.sec.gov/Archives/edgar/data/1090727/000109072723000054/0001090727-23-000054-index.htm",
    "finalLink": "https://www.sec.gov/Archives/edgar/data/1090727/000109072723000054/ups-20230930.htm"
  },
  {
    "date": "2023-06-30",
    "symbol": "UPS",
    "reportedCurrency": "USD",
    "cik": "0001090727",
    "fillingDate": "2023-08-08",
    "acceptedDate": "2023-08-08 16:40:13",
    "calendarYear": "2023",
    "period": "Q2",
    "revenue": 22004000000,
    "costOfRevenue": 17319000000,
    "grossProfit": 4685000000,
    "grossProfitRatio": 0.2129158335,
    "researchAndDevelopmentExpenses": 0,
    "generalAndAdministrativeExpenses": 0,
    "sellingAndMarketingExpenses": 0,
    "sellingGeneralAndAdministrativeExpenses": 1817000000,
    "otherExpenses": 0,
    "operatingExpenses": 1817000000,
    "costAndExpenses": 19136000000,
    "interestIncome": 132000000,
    "interestExpense": 189000000,
    "depreciationAndAmortization": 828000000,
    "ebitda": 3737000000,
    "ebitdaratio": 0.1698327577,
    "operatingIncome": 2868000000,
    "operatingIncomeRatio": 0.1303399382,
    "totalOtherIncomeExpensesNet": -148000000,
    "incomeBeforeTax": 2720000000,
    "incomeBeforeTaxRatio": 0.1236138884,
    "incomeTaxExpense": 639000000,
    "netIncome": 2081000000,
    "netIncomeRatio": 0.0945737139,
    "eps": 2.4198,
    "epsdiluted": 2.417,
    "weightedAverageShsOut": 860000000,
    "weightedAverageShsOutDil": 861000000,
    "link": "https://www.sec.gov/Archives/edgar/data/1090727/000109072723000038/0001090727-23-000038-index.htm",
    "finalLink": "https://www.sec.gov/Archives/edgar/data/1090727/000109072723000038/ups-20230630.htm"
  },
  {
    "date": "2023-03-31",
    "symbol": "UPS",
    "reportedCurrency": "USD",
    "cik": "0001090727",
    "fillingDate": "2023-05-03",
    "acceptedDate": "2023-05-03 16:39:28",
    "calendarYear": "2023",
    "period": "Q1",
    "revenue": 22857000000,
    "costOfRevenue": 18398000000,
    "grossProfit": 4459000000,
    "grossProfitRatio": 0.1950824693,
    "researchAndDevelopmentExpenses": 0,
    "generalAndAdministrativeExpenses": 0,
    "sellingAndMarketingExpenses": 0,
    "sellingGeneralAndAdministrativeExpenses": 1983000000,
    "otherExpenses": 0,
    "operatingExpenses": 1983000000,
    "costAndExpenses": 20381000000,
    "interestIncome": 165000000,
    "interestExpense": 187000000,
    "depreciationAndAmortization": 834000000,
    "ebitda": 3543000000,
    "ebitdaratio": 0.1550072188,
    "operatingIncome": 2476000000,
    "operatingIncomeRatio": 0.108325677,
    "totalOtherIncomeExpensesNet": 46000000,
    "incomeBeforeTax": 2522000000,
    "incomeBeforeTaxRatio": 0.1103381896,
    "incomeTaxExpense": 627000000,
    "netIncome": 1895000000,
    "netIncomeRatio": 0.0829067682,
    "eps": 2.1984,
    "epsdiluted": 2.1908,
    "weightedAverageShsOut": 862000000,
    "weightedAverageShsOutDil": 865000000,
    "link": "https://www.sec.gov/Archives/edgar/data/1090727/000109072723000025/0001090727-23-000025-index.htm",
    "finalLink": "https://www.sec.gov/Archives/edgar/data/1090727/000109072723000025/ups-20230331.htm"
  },
  {
    "date": "2022-12-31",
    "symbol": "UPS",
    "reportedCurrency": "USD",
    "cik": "0001090727",
    "fillingDate": "2023-02-21",
    "acceptedDate": "2023-02-21 06:16:30",
    "calendarYear": "2022",
    "period": "Q4",
    "revenue": 26931000000,
    "costOfRevenue": 21367000000,
    "grossProfit": 5564000000,
    "grossProfitRatio": 0.2066020571,
    "researchAndDevelopmentExpenses": 0,
    "generalAndAdministrativeExpenses": 0,
    "sellingAndMarketingExpenses": 0,
    "sellingGeneralAndAdministrativeExpenses": 2425000000,
    "otherExpenses": 0,
    "operatingExpenses": 2425000000,
    "costAndExpenses": 23792000000,
    "interestIncome": 0,
    "interestExpense": 181000000,
    "depreciationAndAmortization": 888000000,
    "ebitda": 5536000000,
    "ebitdaratio": 0.2055623631,
    "operatingIncome": 3139000000,
    "operatingIncomeRatio": 0.1165571275,
    "totalOtherIncomeExpensesNet": 1328000000,
    "incomeBeforeTax": 4467000000,
    "incomeBeforeTaxRatio": 0.1658683302,
    "incomeTaxExpense": 1014000000,
    "netIncome": 3453000000,
    "netIncomeRatio": 0.1282165534,
    "eps": 3.9827,
    "epsdiluted": 3.9644,
    "weightedAverageShsOut": 867000000,
    "weightedAverageShsOutDil": 871000000,
    "link": "https://www.sec.gov/Archives/edgar/data/1090727/000109072723000006/0001090727-23-000006-index.htm",
    "finalLink": "https://www.sec.gov/Archives/edgar/data/1090727/000109072723000006/ups-20221231.htm"
  },
  {
    "date": "2022-09-30",
    "symbol": "UPS",
    "reportedCurrency": "USD",
    "cik": "0001090727",
    "fillingDate": "2022-11-02",
    "acceptedDate": "2022-11-02 16:43:56",
    "calendarYear": "2022",
    "period": "Q3",
    "revenue": 24067000000,
    "costOfRevenue": 19034000000,
    "grossProfit": 5033000000,
    "grossProfitRatio": 0.2091245274,
    "researchAndDevelopmentExpenses": 0,
    "generalAndAdministrativeExpenses": 0,
    "sellingAndMarketingExpenses": 0,
    "sellingGeneralAndAdministrativeExpenses": 1978000000,
    "otherExpenses": 0,
    "operatingExpenses": 1978000000,
    "costAndExpenses": 21012000000,
    "interestIncome": 378000000,
    "interestExpense": 173000000,
    "depreciationAndAmortization": 774000000,
    "ebitda": 4216000000,
    "ebitdaratio": 0.1751776291,
    "operatingIncome": 3055000000,
    "operatingIncomeRatio": 0.1269373,
    "totalOtherIncomeExpensesNet": 214000000,
    "incomeBeforeTax": 3269000000,
    "incomeBeforeTaxRatio": 0.1358291436,
    "incomeTaxExpense": 685000000,
    "netIncome": 2584000000,
    "netIncomeRatio": 0.107366934,
    "eps": 2.9701,
    "epsdiluted": 2.9633,
    "weightedAverageShsOut": 870000000,
    "weightedAverageShsOutDil": 872000000,
    "link": "https://www.sec.gov/Archives/edgar/data/1090727/000109072722000047/0001090727-22-000047-index.htm",
    "finalLink": "https://www.sec.gov/Archives/edgar/data/1090727/000109072722000047/ups-20220930.htm"
  },
  {
    "date": "2022-06-30",
    "symbol": "UPS",
    "reportedCurrency": "USD",
    "cik": "0001090727",
    "fillingDate": "2022-08-03",
    "acceptedDate": "2022-08-03 16:40:11",
    "calendarYear": "2022",
    "period": "Q2",
    "revenue": 24699000000,
    "costOfRevenue": 19242000000,
    "grossProfit": 5457000000,
    "grossProfitRatio": 0.220940119,
    "researchAndDevelopmentExpenses": 0,
    "generalAndAdministrativeExpenses": 0,
    "sellingAndMarketingExpenses": 0,
    "sellingGeneralAndAdministrativeExpenses": 1948000000,
    "otherExpenses": 0,
    "operatingExpenses": 1948000000,
    "costAndExpenses": 21190000000,
    "interestIncome": 391000000,
    "interestExpense": 169000000,
    "depreciationAndAmortization": 762000000,
    "ebitda": 4628000000,
    "ebitdaratio": 0.1873760071,
    "operatingIncome": 3509000000,
    "operatingIncomeRatio": 0.1420705292,
    "totalOtherIncomeExpensesNet": 188000000,
    "incomeBeforeTax": 3697000000,
    "incomeBeforeTaxRatio": 0.1496821734,
    "incomeTaxExpense": 848000000,
    "netIncome": 2849000000,
    "netIncomeRatio": 0.1153487995,
    "eps": 3.2597,
    "epsdiluted": 3.25,
    "weightedAverageShsOut": 874000000,
    "weightedAverageShsOutDil": 876000000,
    "link": "https://www.sec.gov/Archives/edgar/data/1090727/000109072722000034/0001090727-22-000034-index.htm",
    "finalLink": "https://www.sec.gov/Archives/edgar/data/1090727/000109072722000034/ups-20220630.htm"
  },
  {
    "date": "2022-03-31",
    "symbol": "UPS",
    "reportedCurrency": "USD",
    "cik": "0001090727",
    "fillingDate": "2022-05-04",
    "acceptedDate": "2022-05-04 16:40:37",
    "calendarYear": "2022",
    "period": "Q1",
    "revenue": 24337000000,
    "costOfRevenue": 19284000000,
    "grossProfit": 5053000000,
    "grossProfitRatio": 0.2076262481,
    "researchAndDevelopmentExpenses": 0,
    "generalAndAdministrativeExpenses": 0,
    "sellingAndMarketingExpenses": 0,
    "sellingGeneralAndAdministrativeExpenses": 1788000000,
    "otherExpenses": 0,
    "operatingExpenses": 1788000000,
    "costAndExpenses": 21072000000,
    "interestIncome": 343000000,
    "interestExpense": 171000000,
    "depreciationAndAmortization": 764000000,
    "ebitda": 4327000000,
    "ebitdaratio": 0.1777951268,
    "operatingIncome": 3265000000,
    "operatingIncomeRatio": 0.1341578666,
    "totalOtherIncomeExpensesNet": 127000000,
    "incomeBeforeTax": 3392000000,
    "incomeBeforeTaxRatio": 0.1393762584,
    "incomeTaxExpense": 730000000,
    "netIncome": 2662000000,
    "netIncomeRatio": 0.1093807782,
    "eps": 3.0458,
    "epsdiluted": 3.0284,
    "weightedAverageShsOut": 874000000,
    "weightedAverageShsOutDil": 879000000,
    "link": "https://www.sec.gov/Archives/edgar/data/1090727/000109072722000022/0001090727-22-000022-index.htm",
    "finalLink": "https://www.sec.gov/Archives/edgar/data/1090727/000109072722000022/ups-20220331.htm"
  },
  {
    "date": "2021-12-31",
    "symbol": "UPS",
    "reportedCurrency": "USD",
    "cik": "0001090727",
    "fillingDate": "2022-02-22",
    "acceptedDate": "2022-02-22 06:14:14",
    "calendarYear": "2021",
    "period": "Q4",
    "revenue": 27732000000,
    "costOfRevenue": 21422000000,
    "grossProfit": 6310000000,
    "grossProfitRatio": 0.2275349776,
    "researchAndDevelopmentExpenses": 0,
    "generalAndAdministrativeExpenses": 0,
    "sellingAndMarketingExpenses": 0,
    "sellingGeneralAndAdministrativeExpenses": 2386000000,
    "otherExpenses": 0,
    "operatingExpenses": 2386000000,
    "costAndExpenses": 23808000000,
    "interestIncome": 247000000,
    "interestExpense": 170000000,
    "depreciationAndAmortization": 754000000,
    "ebitda": 4886000000,
    "ebitdaratio": 0.1761863551,
    "operatingIncome": 3924000000,
    "operatingIncomeRatio": 0.1414971874,
    "totalOtherIncomeExpensesNet": 38000000,
    "incomeBeforeTax": 3962000000,
    "incomeBeforeTaxRatio": 0.1428674456,
    "incomeTaxExpense": 869000000,
    "netIncome": 3093000000,
    "netIncomeRatio": 0.1115318044,
    "eps": 3.5552,
    "epsdiluted": 3.52,
    "weightedAverageShsOut": 875000000,
    "weightedAverageShsOutDil": 879000000,
    "link": "https://www.sec.gov/Archives/edgar/data/1090727/000109072722000007/0001090727-22-000007-index.htm",
    "finalLink": "https://www.sec.gov/Archives/edgar/data/1090727/000109072722000007/ups-20211231.htm"
  },
  {
    "date": "2021-09-30",
    "symbol": "UPS",
    "reportedCurrency": "USD",
    "cik": "0001090727",
    "fillingDate": "2021-11-04",
    "acceptedDate": "2021-11-04 16:42:22",
    "calendarYear": "2021",
    "period": "Q3",
    "revenue": 23162000000,
    "costOfRevenue": 18444000000,
    "grossProfit": 4718000000,
    "grossProfitRatio": 0.2036957085,
    "researchAndDevelopmentExpenses": 0,
    "generalAndAdministrativeExpenses": 0,
    "sellingAndMarketingExpenses": 0,
    "sellingGeneralAndAdministrativeExpenses": 1770000000,
    "otherExpenses": 0,
    "operatingExpenses": 1770000000,
    "costAndExpenses": 20214000000,
    "interestIncome": 295000000,
    "interestExpense": 174000000,
    "depreciationAndAmortization": 738000000,
    "ebitda": 3905000000,
    "ebitdaratio": 0.1685951127,
    "operatingIncome": 2948000000,
    "operatingIncomeRatio": 0.1272774372,
    "totalOtherIncomeExpensesNet": 45000000,
    "incomeBeforeTax": 2993000000,
    "incomeBeforeTaxRatio": 0.1292202746,
    "incomeTaxExpense": 664000000,
    "netIncome": 2329000000,
    "netIncomeRatio": 0.1005526293,
    "eps": 2.6617,
    "epsdiluted": 2.6496,
    "weightedAverageShsOut": 875000000,
    "weightedAverageShsOutDil": 879000000,
    "link": "https://www.sec.gov/Archives/edgar/data/1090727/000109072721000042/0001090727-21-000042-index.htm",
    "finalLink": "https://www.sec.gov/Archives/edgar/data/1090727/000109072721000042/ups-20210930.htm"
  },
  {
    "date": "2021-06-30",
    "symbol": "UPS",
    "reportedCurrency": "USD",
    "cik": "0001090727",
    "fillingDate": "2021-08-06",
    "acceptedDate": "2021-08-05 18:56:08",
    "calendarYear": "2021",
    "period": "Q2",
    "revenue": 23417000000,
    "costOfRevenue": 18371000000,
    "grossProfit": 5046000000,
    "grossProfitRatio": 0.2154844771,
    "researchAndDevelopmentExpenses": 0,
    "generalAndAdministrativeExpenses": 0,
    "sellingAndMarketingExpenses": 0,
    "sellingGeneralAndAdministrativeExpenses": 1679000000,
    "otherExpenses": 0,
    "operatingExpenses": 1679000000,
    "costAndExpenses": 20050000000,
    "interestIncome": 341000000,
    "interestExpense": 164000000,
    "depreciationAndAmortization": 739000000,
    "ebitda": 4339000000,
    "ebitdaratio": 0.185292736,
    "operatingIncome": 3367000000,
    "operatingIncomeRatio": 0.1437844301,
    "totalOtherIncomeExpensesNet": 69000000,
    "incomeBeforeTax": 3436000000,
    "incomeBeforeTaxRatio": 0.1467310074,
    "incomeTaxExpense": 760000000,
    "netIncome": 2676000000,
    "netIncomeRatio": 0.1142759534,
    "eps": 3.0583,
    "epsdiluted": 3.0478,
    "weightedAverageShsOut": 875000000,
    "weightedAverageShsOutDil": 878000000,
    "link": "https://www.sec.gov/Archives/edgar/data/1090727/000109072721000036/0001090727-21-000036-index.htm",
    "finalLink": "https://www.sec.gov/Archives/edgar/data/1090727/000109072721000036/ups-20210630.htm"
  },
  {
    "date": "2021-03-31",
    "symbol": "UPS",
    "reportedCurrency": "USD",
    "cik": "0001090727",
    "fillingDate": "2021-05-05",
    "acceptedDate": "2021-05-05 16:57:24",
    "calendarYear": "2021",
    "period": "Q1",
    "revenue": 22893000000,
    "costOfRevenue": 18263000000,
    "grossProfit": 4630000000,
    "grossProfitRatio": 0.2022452278,
    "researchAndDevelopmentExpenses": 0,
    "generalAndAdministrativeExpenses": 0,
    "sellingAndMarketingExpenses": 0,
    "sellingGeneralAndAdministrativeExpenses": 1762000000,
    "otherExpenses": 0,
    "operatingExpenses": 1762000000,
    "costAndExpenses": 20025000000,
    "interestIncome": 3619000000,
    "interestExpense": 175000000,
    "depreciationAndAmortization": 722000000,
    "ebitda": 7101000000,
    "ebitdaratio": 0.3101821517,
    "operatingIncome": 2868000000,
    "operatingIncomeRatio": 0.1252784694,
    "totalOtherIncomeExpensesNet": 3336000000,
    "incomeBeforeTax": 6204000000,
    "incomeBeforeTaxRatio": 0.270999869,
    "incomeTaxExpense": 1412000000,
    "netIncome": 4792000000,
    "netIncomeRatio": 0.2093216267,
    "eps": 5.4954,
    "epsdiluted": 5.4703,
    "weightedAverageShsOut": 872000000,
    "weightedAverageShsOutDil": 876000000,
    "link": "https://www.sec.gov/Archives/edgar/data/1090727/000109072721000019/0001090727-21-000019-index.htm",
    "finalLink": "https://www.sec.gov/Archives/edgar/data/1090727/000109072721000019/ups-20210331.htm"
  },
  {
    "date": "2020-12-31",
    "symbol": "UPS",
    "reportedCurrency": "USD",
    "cik": "0001090727",
    "fillingDate": "2021-02-22",
    "acceptedDate": "2021-02-22 17:27:26",
    "calendarYear": "2020",
    "period": "Q4",
    "revenue": 24873000000,
    "costOfRevenue": 19959000000,
    "grossProfit": 4914000000,
    "grossProfitRatio": 0.1975636232,
    "researchAndDevelopmentExpenses": 0,
    "generalAndAdministrativeExpenses": 0,
    "sellingAndMarketingExpenses": 0,
    "sellingGeneralAndAdministrativeExpenses": 2593000000,
    "otherExpenses": 0,
    "operatingExpenses": 2593000000,
    "costAndExpenses": 22552000000,
    "interestIncome": 7000000,
    "interestExpense": 175000000,
    "depreciationAndAmortization": 712000000,
    "ebitda": -3241000000,
    "ebitdaratio": -0.1303019338,
    "operatingIncome": 2321000000,
    "operatingIncomeRatio": 0.0933140353,
    "totalOtherIncomeExpensesNet": -6479000000,
    "incomeBeforeTax": -4158000000,
    "incomeBeforeTaxRatio": -0.1671692196,
    "incomeTaxExpense": -895000000,
    "netIncome": -3263000000,
    "netIncomeRatio": -0.131186427,
    "eps": -3.7463,
    "epsdiluted": -3.7463,
    "weightedAverageShsOut": 870750408,
    "weightedAverageShsOutDil": 871000000,
    "link": "https://www.sec.gov/Archives/edgar/data/1090727/000109072721000013/0001090727-21-000013-index.htm",
    "finalLink": "https://www.sec.gov/Archives/edgar/data/1090727/000109072721000013/ups-20201231.htm"
  },
  {
    "date": "2020-09-30",
    "symbol": "UPS",
    "reportedCurrency": "USD",
    "cik": "0001090727",
    "fillingDate": "2020-11-02",
    "acceptedDate": "2020-11-02 16:29:12",
    "calendarYear": "2020",
    "period": "Q3",
    "revenue": 21200000000,
    "costOfRevenue": 17241000000,
    "grossProfit": 3959000000,
    "grossProfitRatio": 0.186745283,
    "researchAndDevelopmentExpenses": 0,
    "generalAndAdministrativeExpenses": 0,
    "sellingAndMarketingExpenses": 0,
    "sellingGeneralAndAdministrativeExpenses": 1590000000,
    "otherExpenses": 0,
    "operatingExpenses": 1590000000,
    "costAndExpenses": 18831000000,
    "interestIncome": 304000000,
    "interestExpense": 171000000,
    "depreciationAndAmortization": 677000000,
    "ebitda": 3373000000,
    "ebitdaratio": 0.1591037736,
    "operatingIncome": 2369000000,
    "operatingIncomeRatio": 0.111745283,
    "totalOtherIncomeExpensesNet": 156000000,
    "incomeBeforeTax": 2525000000,
    "incomeBeforeTaxRatio": 0.1191037736,
    "incomeTaxExpense": 568000000,
    "netIncome": 1957000000,
    "netIncomeRatio": 0.0923113208,
    "eps": 2.2546,
    "epsdiluted": 2.2443,
    "weightedAverageShsOut": 868000000,
    "weightedAverageShsOutDil": 872000000,
    "link": "https://www.sec.gov/Archives/edgar/data/1090727/000109072720000047/0001090727-20-000047-index.htm",
    "finalLink": "https://www.sec.gov/Archives/edgar/data/1090727/000109072720000047/ups-20200930.htm"
  },
  {
    "date": "2020-06-30",
    "symbol": "UPS",
    "reportedCurrency": "USD",
    "cik": "0001090727",
    "fillingDate": "2020-08-04",
    "acceptedDate": "2020-08-04 07:33:03",
    "calendarYear": "2020",
    "period": "Q2",
    "revenue": 20388000000,
    "costOfRevenue": 16545000000,
    "grossProfit": 3843000000,
    "grossProfitRatio": 0.1884932313,
    "researchAndDevelopmentExpenses": 0,
    "generalAndAdministrativeExpenses": 0,
    "sellingAndMarketingExpenses": 0,
    "sellingGeneralAndAdministrativeExpenses": 1590000000,
    "otherExpenses": 0,
    "operatingExpenses": 1590000000,
    "costAndExpenses": 18135000000,
    "interestIncome": 326000000,
    "interestExpense": 178000000,
    "depreciationAndAmortization": 661000000,
    "ebitda": 3196000000,
    "ebitdaratio": 0.1567588778,
    "operatingIncome": 2253000000,
    "operatingIncomeRatio": 0.1105061801,
    "totalOtherIncomeExpensesNet": 104000000,
    "incomeBeforeTax": 2357000000,
    "incomeBeforeTaxRatio": 0.1156072199,
    "incomeTaxExpense": 589000000,
    "netIncome": 1768000000,
    "netIncomeRatio": 0.0867176771,
    "eps": 2.0416,
    "epsdiluted": 2.0345,
    "weightedAverageShsOut": 866000000,
    "weightedAverageShsOutDil": 869000000,
    "link": "https://www.sec.gov/Archives/edgar/data/1090727/000109072720000037/0001090727-20-000037-index.htm",
    "finalLink": "https://www.sec.gov/Archives/edgar/data/1090727/000109072720000037/ups-20200630.htm"
  },
  {
    "date": "2020-03-31",
    "symbol": "UPS",
    "reportedCurrency": "USD",
    "cik": "0001090727",
    "fillingDate": "2020-05-08",
    "acceptedDate": "2020-05-08 16:30:00",
    "calendarYear": "2020",
    "period": "Q1",
    "revenue": 17971000000,
    "costOfRevenue": 15358000000,
    "grossProfit": 2613000000,
    "grossProfitRatio": 0.1454009237,
    "researchAndDevelopmentExpenses": 0,
    "generalAndAdministrativeExpenses": 0,
    "sellingAndMarketingExpenses": 0,
    "sellingGeneralAndAdministrativeExpenses": 1560000000,
    "otherExpenses": 0,
    "operatingExpenses": 1560000000,
    "costAndExpenses": 16918000000,
    "interestIncome": 396000000,
    "interestExpense": 162000000,
    "depreciationAndAmortization": 648000000,
    "ebitda": 2060000000,
    "ebitdaratio": 0.1146291247,
    "operatingIncome": 1053000000,
    "operatingIncomeRatio": 0.0585944021,
    "totalOtherIncomeExpensesNet": 197000000,
    "incomeBeforeTax": 1250000000,
    "incomeBeforeTaxRatio": 0.0695565077,
    "incomeTaxExpense": 285000000,
    "netIncome": 965000000,
    "netIncomeRatio": 0.0536976239,
    "eps": 1.1169,
    "epsdiluted": 1.1105,
    "weightedAverageShsOut": 864000000,
    "weightedAverageShsOutDil": 869000000,
    "link": "https://www.sec.gov/Archives/edgar/data/1090727/000109072720000023/0001090727-20-000023-index.htm",
    "finalLink": "https://www.sec.gov/Archives/edgar/data/1090727/000109072720000023/ups-20200331.htm"
  },
  {
    "date": "2019-12-31",
    "symbol": "UPS",
    "reportedCurrency": "USD",
    "cik": "0001090727",
    "fillingDate": "2020-02-20",
    "acceptedDate": "2020-02-20 17:05:25",
    "calendarYear": "2019",
    "period": "Q4",
    "revenue": 20515000000,
    "costOfRevenue": 16592000000,
    "grossProfit": 3923000000,
    "grossProfitRatio": 0.1912259322,
    "researchAndDevelopmentExpenses": 0,
    "generalAndAdministrativeExpenses": 0,
    "sellingAndMarketingExpenses": 0,
    "sellingGeneralAndAdministrativeExpenses": 1795000000,
    "otherExpenses": 0,
    "operatingExpenses": 1795000000,
    "costAndExpenses": 18387000000,
    "interestIncome": 0,
    "interestExpense": 142000000,
    "depreciationAndAmortization": 630000000,
    "ebitda": 574000000,
    "ebitdaratio": 0.0279795272,
    "operatingIncome": 2128000000,
    "operatingIncomeRatio": 0.1037289788,
    "totalOtherIncomeExpensesNet": -2326000000,
    "incomeBeforeTax": -198000000,
    "incomeBeforeTaxRatio": -0.0096514745,
    "incomeTaxExpense": -92000000,
    "netIncome": -106000000,
    "netIncomeRatio": -0.005166951,
    "eps": -0.12,
    "epsdiluted": -0.12,
    "weightedAverageShsOut": 863000000,
    "weightedAverageShsOutDil": 863000000,
    "link": "https://www.sec.gov/Archives/edgar/data/1090727/000109072720000005/0001090727-20-000005-index.htm",
    "finalLink": "https://www.sec.gov/Archives/edgar/data/1090727/000109072720000005/ups-12312019x10k.htm"
  },
  {
    "date": "2019-09-30",
    "symbol": "UPS",
    "reportedCurrency": "USD",
    "cik": "0001090727",
    "fillingDate": "2019-10-29",
    "acceptedDate": "2019-10-29 17:11:22",
    "calendarYear": "2019",
    "period": "Q3",
    "revenue": 18256000000,
    "costOfRevenue": 14775000000,
    "grossProfit": 3481000000,
    "grossProfitRatio": 0.1906770377,
    "researchAndDevelopmentExpenses": 0,
    "generalAndAdministrativeExpenses": 0,
    "sellingAndMarketingExpenses": 0,
    "sellingGeneralAndAdministrativeExpenses": 1352000000,
    "otherExpenses": 0,
    "operatingExpenses": 1352000000,
    "costAndExpenses": 16127000000,
    "interestIncome": 270000000,
    "interestExpense": 154000000,
    "depreciationAndAmortization": 587000000,
    "ebitda": 2947000000,
    "ebitdaratio": 0.1614263804,
    "operatingIncome": 2129000000,
    "operatingIncomeRatio": 0.1166191937,
    "totalOtherIncomeExpensesNet": 77000000,
    "incomeBeforeTax": 2206000000,
    "incomeBeforeTaxRatio": 0.1208369851,
    "incomeTaxExpense": 456000000,
    "netIncome": 1750000000,
    "netIncomeRatio": 0.0958588957,
    "eps": 2.03,
    "epsdiluted": 2.01,
    "weightedAverageShsOut": 864000000,
    "weightedAverageShsOutDil": 870000000,
    "link": "https://www.sec.gov/Archives/edgar/data/1090727/000109072719000060/0001090727-19-000060-index.htm",
    "finalLink": "https://www.sec.gov/Archives/edgar/data/1090727/000109072719000060/ups-09302019x10q.htm"
  },
  {
    "date": "2019-06-30",
    "symbol": "UPS",
    "reportedCurrency": "USD",
    "cik": "0001090727",
    "fillingDate": "2019-07-30",
    "acceptedDate": "2019-07-30 17:06:02",
    "calendarYear": "2019",
    "period": "Q2",
    "revenue": 18009000000,
    "costOfRevenue": 14526000000,
    "grossProfit": 3483000000,
    "grossProfitRatio": 0.1934032984,
    "researchAndDevelopmentExpenses": 0,
    "generalAndAdministrativeExpenses": 0,
    "sellingAndMarketingExpenses": 0,
    "sellingGeneralAndAdministrativeExpenses": 1379000000,
    "otherExpenses": 0,
    "operatingExpenses": 1379000000,
    "costAndExpenses": 15905000000,
    "interestIncome": 239000000,
    "interestExpense": 154000000,
    "depreciationAndAmortization": 575000000,
    "ebitda": 2933000000,
    "ebitdaratio": 0.1628630129,
    "operatingIncome": 2104000000,
    "operatingIncomeRatio": 0.1168304737,
    "totalOtherIncomeExpensesNet": 100000000,
    "incomeBeforeTax": 2204000000,
    "incomeBeforeTaxRatio": 0.1223832528,
    "incomeTaxExpense": 519000000,
    "netIncome": 1685000000,
    "netIncomeRatio": 0.0935643289,
    "eps": 1.95,
    "epsdiluted": 1.94,
    "weightedAverageShsOut": 865000000,
    "weightedAverageShsOutDil": 869000000,
    "link": "https://www.sec.gov/Archives/edgar/data/1090727/000109072719000045/0001090727-19-000045-index.htm",
    "finalLink": "https://www.sec.gov/Archives/edgar/data/1090727/000109072719000045/ups-06302019x10q.htm"
  },
  {
    "date": "2019-03-31",
    "symbol": "UPS",
    "reportedCurrency": "USD",
    "cik": "0001090727",
    "fillingDate": "2019-04-30",
    "acceptedDate": "2019-04-30 17:00:24",
    "calendarYear": "2019",
    "period": "Q1",
    "revenue": 17137000000,
    "costOfRevenue": 14426000000,
    "grossProfit": 2711000000,
    "grossProfitRatio": 0.1581957169,
    "researchAndDevelopmentExpenses": 0,
    "generalAndAdministrativeExpenses": 0,
    "sellingAndMarketingExpenses": 0,
    "sellingGeneralAndAdministrativeExpenses": 1340000000,
    "otherExpenses": 0,
    "operatingExpenses": 1340000000,
    "costAndExpenses": 15766000000,
    "interestIncome": 216000000,
    "interestExpense": 161000000,
    "depreciationAndAmortization": 568000000,
    "ebitda": 2169000000,
    "ebitdaratio": 0.1265682442,
    "operatingIncome": 1371000000,
    "operatingIncomeRatio": 0.0800023341,
    "totalOtherIncomeExpensesNet": 69000000,
    "incomeBeforeTax": 1440000000,
    "incomeBeforeTaxRatio": 0.0840287098,
    "incomeTaxExpense": 329000000,
    "netIncome": 1111000000,
    "netIncomeRatio": 0.0648304837,
    "eps": 1.28,
    "epsdiluted": 1.28,
    "weightedAverageShsOut": 866000000,
    "weightedAverageShsOutDil": 869000000,
    "link": "https://www.sec.gov/Archives/edgar/data/1090727/000109072719000011/0001090727-19-000011-index.htm",
    "finalLink": "https://www.sec.gov/Archives/edgar/data/1090727/000109072719000011/ups-03312019x10q.htm"
  },
  {
    "date": "2018-12-31",
    "symbol": "UPS",
    "reportedCurrency": "USD",
    "cik": "0001090727",
    "fillingDate": "2019-02-21",
    "acceptedDate": "2019-02-21 17:02:11",
    "calendarYear": "2018",
    "period": "Q4",
    "revenue": 19836000000,
    "costOfRevenue": 16290000000,
    "grossProfit": 3546000000,
    "grossProfitRatio": 0.1787658802,
    "researchAndDevelopmentExpenses": 0,
    "generalAndAdministrativeExpenses": 0,
    "sellingAndMarketingExpenses": 0,
    "sellingGeneralAndAdministrativeExpenses": 1554000000,
    "otherExpenses": 0,
    "operatingExpenses": 1554000000,
    "costAndExpenses": 17844000000,
    "interestIncome": 0,
    "interestExpense": 140000000,
    "depreciationAndAmortization": 545000000,
    "ebitda": 1228000000,
    "ebitdaratio": 0.0619076427,
    "operatingIncome": 1992000000,
    "operatingIncomeRatio": 0.1004234725,
    "totalOtherIncomeExpensesNet": -1449000000,
    "incomeBeforeTax": 543000000,
    "incomeBeforeTaxRatio": 0.0273744707,
    "incomeTaxExpense": 90000000,
    "netIncome": 453000000,
    "netIncomeRatio": 0.0228372656,
    "eps": 0.52,
    "epsdiluted": 0.52,
    "weightedAverageShsOut": 865000000,
    "weightedAverageShsOutDil": 869000000,
    "link": "https://www.sec.gov/Archives/edgar/data/1090727/000109072719000006/0001090727-19-000006-index.htm",
    "finalLink": "https://www.sec.gov/Archives/edgar/data/1090727/000109072719000006/ups-12312018x10k.htm"
  },
  {
    "date": "2018-09-30",
    "symbol": "UPS",
    "reportedCurrency": "USD",
    "cik": "0001090727",
    "fillingDate": "2018-10-30",
    "acceptedDate": "2018-10-30 17:04:31",
    "calendarYear": "2018",
    "period": "Q3",
    "revenue": 17444000000,
    "costOfRevenue": 14380000000,
    "grossProfit": 3064000000,
    "grossProfitRatio": 0.1756477872,
    "researchAndDevelopmentExpenses": 0,
    "generalAndAdministrativeExpenses": 0,
    "sellingAndMarketingExpenses": 0,
    "sellingGeneralAndAdministrativeExpenses": 1337000000,
    "otherExpenses": 0,
    "operatingExpenses": 1337000000,
    "costAndExpenses": 15717000000,
    "interestIncome": 332000000,
    "interestExpense": 146000000,
    "depreciationAndAmortization": 524000000,
    "ebitda": 2559000000,
    "ebitdaratio": 0.146698005,
    "operatingIncome": 1727000000,
    "operatingIncomeRatio": 0.0990025224,
    "totalOtherIncomeExpensesNet": 162000000,
    "incomeBeforeTax": 1889000000,
    "incomeBeforeTaxRatio": 0.1082893832,
    "incomeTaxExpense": 381000000,
    "netIncome": 1508000000,
    "netIncomeRatio": 0.0864480624,
    "eps": 1.74,
    "epsdiluted": 1.73,
    "weightedAverageShsOut": 865000000,
    "weightedAverageShsOutDil": 870000000,
    "link": "https://www.sec.gov/Archives/edgar/data/1090727/000109072718000039/0001090727-18-000039-index.htm",
    "finalLink": "https://www.sec.gov/Archives/edgar/data/1090727/000109072718000039/ups-09302018x10q.htm"
  },
  {
    "date": "2018-06-30",
    "symbol": "UPS",
    "reportedCurrency": "USD",
    "cik": "0001090727",
    "fillingDate": "2018-08-02",
    "acceptedDate": "2018-08-02 17:29:52",
    "calendarYear": "2018",
    "period": "Q2",
    "revenue": 17476000000,
    "costOfRevenue": 14371000000,
    "grossProfit": 3105000000,
    "grossProfitRatio": 0.1776722362,
    "researchAndDevelopmentExpenses": 0,
    "generalAndAdministrativeExpenses": 0,
    "sellingAndMarketingExpenses": 0,
    "sellingGeneralAndAdministrativeExpenses": 1312000000,
    "otherExpenses": 0,
    "operatingExpenses": 1312000000,
    "costAndExpenses": 15683000000,
    "interestIncome": 369000000,
    "interestExpense": 141000000,
    "depreciationAndAmortization": 542000000,
    "ebitda": 2609000000,
    "ebitdaratio": 0.1492904555,
    "operatingIncome": 1793000000,
    "operatingIncomeRatio": 0.1025978485,
    "totalOtherIncomeExpensesNet": 133000000,
    "incomeBeforeTax": 1926000000,
    "incomeBeforeTaxRatio": 0.1102082856,
    "incomeTaxExpense": 441000000,
    "netIncome": 1485000000,
    "netIncomeRatio": 0.0849736782,
    "eps": 1.71,
    "epsdiluted": 1.71,
    "weightedAverageShsOut": 866000000,
    "weightedAverageShsOutDil": 870000000,
    "link": "https://www.sec.gov/Archives/edgar/data/1090727/000109072718000032/0001090727-18-000032-index.htm",
    "finalLink": "https://www.sec.gov/Archives/edgar/data/1090727/000109072718000032/ups-06302018x10q.htm"
  },
  {
    "date": "2018-03-31",
    "symbol": "UPS",
    "reportedCurrency": "USD",
    "cik": "0001090727",
    "fillingDate": "2018-05-03",
    "acceptedDate": "2018-05-03 16:35:22",
    "calendarYear": "2018",
    "period": "Q1",
    "revenue": 17155000000,
    "costOfRevenue": 14331000000,
    "grossProfit": 2824000000,
    "grossProfitRatio": 0.1646167298,
    "researchAndDevelopmentExpenses": 0,
    "generalAndAdministrativeExpenses": 0,
    "sellingAndMarketingExpenses": 0,
    "sellingGeneralAndAdministrativeExpenses": 1262000000,
    "otherExpenses": 0,
    "operatingExpenses": 1262000000,
    "costAndExpenses": 15593000000,
    "interestIncome": 273000000,
    "interestExpense": 145000000,
    "depreciationAndAmortization": 596000000,
    "ebitda": 2402000000,
    "ebitdaratio": 0.1400174876,
    "operatingIncome": 1562000000,
    "operatingIncomeRatio": 0.0910521714,
    "totalOtherIncomeExpensesNet": 99000000,
    "incomeBeforeTax": 1661000000,
    "incomeBeforeTaxRatio": 0.0968230836,
    "incomeTaxExpense": 316000000,
    "netIncome": 1345000000,
    "netIncomeRatio": 0.078402798,
    "eps": 1.55,
    "epsdiluted": 1.55,
    "weightedAverageShsOut": 866000000,
    "weightedAverageShsOutDil": 870000000,
    "link": "https://www.sec.gov/Archives/edgar/data/1090727/000109072718000020/0001090727-18-000020-index.htm",
    "finalLink": "https://www.sec.gov/Archives/edgar/data/1090727/000109072718000020/ups-03312018x10q.htm"
  },
  {
    "date": "2017-12-31",
    "symbol": "UPS",
    "reportedCurrency": "USD",
    "cik": "0001090727",
    "fillingDate": "2018-02-21",
    "acceptedDate": "2018-02-21 17:23:42",
    "calendarYear": "2017",
    "period": "Q4",
    "revenue": 18975000000,
    "costOfRevenue": 15391000000,
    "grossProfit": 3584000000,
    "grossProfitRatio": 0.1888801054,
    "researchAndDevelopmentExpenses": 0,
    "generalAndAdministrativeExpenses": 0,
    "sellingAndMarketingExpenses": 0,
    "sellingGeneralAndAdministrativeExpenses": 1521000000,
    "otherExpenses": 0,
    "operatingExpenses": 1521000000,
    "costAndExpenses": 16912000000,
    "interestIncome": 0,
    "interestExpense": 119000000,
    "depreciationAndAmortization": 594000000,
    "ebitda": 2084000000,
    "ebitdaratio": 0.109828722,
    "operatingIncome": 2063000000,
    "operatingIncomeRatio": 0.1087220026,
    "totalOtherIncomeExpensesNet": -692000000,
    "incomeBeforeTax": 1371000000,
    "incomeBeforeTaxRatio": 0.0722529644,
    "incomeTaxExpense": 275000000,
    "netIncome": 1096000000,
    "netIncomeRatio": 0.0577602108,
    "eps": 1.26,
    "epsdiluted": 1.26,
    "weightedAverageShsOut": 867000000,
    "weightedAverageShsOutDil": 872000000,
    "link": "https://www.sec.gov/Archives/edgar/data/1090727/000109072718000009/0001090727-18-000009-index.htm",
    "finalLink": "https://www.sec.gov/Archives/edgar/data/1090727/000109072718000009/ups-12312017x10k.htm"
  },
  {
    "date": "2017-09-30",
    "symbol": "UPS",
    "reportedCurrency": "USD",
    "cik": "0001090727",
    "fillingDate": "2017-11-02",
    "acceptedDate": "2017-11-02 11:00:18",
    "calendarYear": "2017",
    "period": "Q3",
    "revenue": 16170000000,
    "costOfRevenue": 13158000000,
    "grossProfit": 3012000000,
    "grossProfitRatio": 0.186270872,
    "researchAndDevelopmentExpenses": 0,
    "generalAndAdministrativeExpenses": 0,
    "sellingAndMarketingExpenses": 0,
    "sellingGeneralAndAdministrativeExpenses": 1203000000,
    "otherExpenses": 0,
    "operatingExpenses": 1203000000,
    "costAndExpenses": 14361000000,
    "interestIncome": 267000000,
    "interestExpense": 103000000,
    "depreciationAndAmortization": 572000000,
    "ebitda": 2612000000,
    "ebitdaratio": 0.1615337044,
    "operatingIncome": 1809000000,
    "operatingIncomeRatio": 0.1118738404,
    "totalOtherIncomeExpensesNet": 128000000,
    "incomeBeforeTax": 1937000000,
    "incomeBeforeTaxRatio": 0.1197897341,
    "incomeTaxExpense": 678000000,
    "netIncome": 1259000000,
    "netIncomeRatio": 0.077860235,
    "eps": 1.45,
    "epsdiluted": 1.44,
    "weightedAverageShsOut": 869000000,
    "weightedAverageShsOutDil": 874000000,
    "link": "https://www.sec.gov/Archives/edgar/data/1090727/000109072717000035/0001090727-17-000035-index.htm",
    "finalLink": "https://www.sec.gov/Archives/edgar/data/1090727/000109072717000035/ups-09302017x10q.htm"
  },
  {
    "date": "2017-06-30",
    "symbol": "UPS",
    "reportedCurrency": "USD",
    "cik": "0001090727",
    "fillingDate": "2017-08-03",
    "acceptedDate": "2017-08-03 11:51:50",
    "calendarYear": "2017",
    "period": "Q2",
    "revenue": 15920000000,
    "costOfRevenue": 12732000000,
    "grossProfit": 3188000000,
    "grossProfitRatio": 0.2002512563,
    "researchAndDevelopmentExpenses": 0,
    "generalAndAdministrativeExpenses": 0,
    "sellingAndMarketingExpenses": 0,
    "sellingGeneralAndAdministrativeExpenses": 1158000000,
    "otherExpenses": 0,
    "operatingExpenses": 1158000000,
    "costAndExpenses": 13890000000,
    "interestIncome": 197000000,
    "interestExpense": 102000000,
    "depreciationAndAmortization": 562000000,
    "ebitda": 2783000000,
    "ebitdaratio": 0.1748115578,
    "operatingIncome": 2030000000,
    "operatingIncomeRatio": 0.1275125628,
    "totalOtherIncomeExpensesNet": 89000000,
    "incomeBeforeTax": 2119000000,
    "incomeBeforeTaxRatio": 0.1331030151,
    "incomeTaxExpense": 735000000,
    "netIncome": 1384000000,
    "netIncomeRatio": 0.0869346734,
    "eps": 1.59,
    "epsdiluted": 1.58,
    "weightedAverageShsOut": 872000000,
    "weightedAverageShsOutDil": 876000000,
    "link": "https://www.sec.gov/Archives/edgar/data/1090727/000109072717000029/0001090727-17-000029-index.htm",
    "finalLink": "https://www.sec.gov/Archives/edgar/data/1090727/000109072717000029/ups-06302017x10q.htm"
  },
  {
    "date": "2017-03-31",
    "symbol": "UPS",
    "reportedCurrency": "USD",
    "cik": "0001090727",
    "fillingDate": "2017-05-04",
    "acceptedDate": "2017-05-04 10:41:35",
    "calendarYear": "2017",
    "period": "Q1",
    "revenue": 15290000000,
    "costOfRevenue": 12361000000,
    "grossProfit": 2929000000,
    "grossProfitRatio": 0.1915631131,
    "researchAndDevelopmentExpenses": 0,
    "generalAndAdministrativeExpenses": 0,
    "sellingAndMarketingExpenses": 0,
    "sellingGeneralAndAdministrativeExpenses": 1170000000,
    "otherExpenses": 0,
    "operatingExpenses": 1170000000,
    "costAndExpenses": 13531000000,
    "interestIncome": 0,
    "interestExpense": 93000000,
    "depreciationAndAmortization": 554000000,
    "ebitda": 2344000000,
    "ebitdaratio": 0.1533028123,
    "operatingIncome": 1759000000,
    "operatingIncomeRatio": 0.1150425114,
    "totalOtherIncomeExpensesNet": -62000000,
    "incomeBeforeTax": 1697000000,
    "incomeBeforeTaxRatio": 0.1109875736,
    "incomeTaxExpense": 539000000,
    "netIncome": 1158000000,
    "netIncomeRatio": 0.075735775,
    "eps": 1.32,
    "epsdiluted": 1.32,
    "weightedAverageShsOut": 874000000,
    "weightedAverageShsOutDil": 879000000,
    "link": "https://www.sec.gov/Archives/edgar/data/1090727/000109072717000020/0001090727-17-000020-index.htm",
    "finalLink": "https://www.sec.gov/Archives/edgar/data/1090727/000109072717000020/ups-03312017x10q.htm"
  },
  {
    "date": "2016-12-31",
    "symbol": "UPS",
    "reportedCurrency": "USD",
    "cik": "0001090727",
    "fillingDate": "2017-02-21",
    "acceptedDate": "2017-02-21 06:47:45",
    "calendarYear": "2016",
    "period": "Q4",
    "revenue": 16801000000,
    "costOfRevenue": 13358000000,
    "grossProfit": 3443000000,
    "grossProfitRatio": 0.2049282781,
    "researchAndDevelopmentExpenses": 0,
    "generalAndAdministrativeExpenses": 0,
    "sellingAndMarketingExpenses": 0,
    "sellingGeneralAndAdministrativeExpenses": 4001000000,
    "otherExpenses": 0,
    "operatingExpenses": 4001000000,
    "costAndExpenses": 17359000000,
    "interestIncome": 202000000,
    "interestExpense": 187000000,
    "depreciationAndAmortization": 563000000,
    "ebitda": 234000000,
    "ebitdaratio": 0.0139277424,
    "operatingIncome": -558000000,
    "operatingIncomeRatio": -0.0332123088,
    "totalOtherIncomeExpensesNet": 42000000,
    "incomeBeforeTax": -516000000,
    "incomeBeforeTaxRatio": -0.0307124576,
    "incomeTaxExpense": -277000000,
    "netIncome": -239000000,
    "netIncomeRatio": -0.0142253437,
    "eps": -0.27,
    "epsdiluted": -0.27,
    "weightedAverageShsOut": 876000000,
    "weightedAverageShsOutDil": 876000000,
    "link": "https://www.sec.gov/Archives/edgar/data/1090727/000109072717000011/0001090727-17-000011-index.htm",
    "finalLink": "https://www.sec.gov/Archives/edgar/data/1090727/000109072717000011/ups-12312016x10k.htm"
  },
  {
    "date": "2016-09-30",
    "symbol": "UPS",
    "reportedCurrency": "USD",
    "cik": "0001090727",
    "fillingDate": "2016-11-03",
    "acceptedDate": "2016-11-03 17:09:53",
    "calendarYear": "2016",
    "period": "Q3",
    "revenue": 14845000000,
    "costOfRevenue": 11798000000,
    "grossProfit": 3047000000,
    "grossProfitRatio": 0.2052542944,
    "researchAndDevelopmentExpenses": 0,
    "generalAndAdministrativeExpenses": 0,
    "sellingAndMarketingExpenses": 0,
    "sellingGeneralAndAdministrativeExpenses": 1096000000,
    "otherExpenses": 0,
    "operatingExpenses": 1096000000,
    "costAndExpenses": 12894000000,
    "interestIncome": 56000000,
    "interestExpense": 56000000,
    "depreciationAndAmortization": 554000000,
    "ebitda": 2563000000,
    "ebitdaratio": 0.1726507241,
    "operatingIncome": 1951000000,
    "operatingIncomeRatio": 0.1314247221,
    "totalOtherIncomeExpensesNet": 2000000,
    "incomeBeforeTax": 1953000000,
    "incomeBeforeTaxRatio": 0.1315594476,
    "incomeTaxExpense": 683000000,
    "netIncome": 1270000000,
    "netIncomeRatio": 0.0855506905,
    "eps": 1.44,
    "epsdiluted": 1.44,
    "weightedAverageShsOut": 880000000,
    "weightedAverageShsOutDil": 885000000,
    "link": "https://www.sec.gov/Archives/edgar/data/1090727/000109072716000086/0001090727-16-000086-index.htm",
    "finalLink": "https://www.sec.gov/Archives/edgar/data/1090727/000109072716000086/ups-9302016x10q.htm"
  },
  {
    "date": "2016-06-30",
    "symbol": "UPS",
    "reportedCurrency": "USD",
    "cik": "0001090727",
    "fillingDate": "2016-08-05",
    "acceptedDate": "2016-08-05 09:27:01",
    "calendarYear": "2016",
    "period": "Q2",
    "revenue": 14629000000,
    "costOfRevenue": 11496000000,
    "grossProfit": 3133000000,
    "grossProfitRatio": 0.2141636475,
    "researchAndDevelopmentExpenses": 0,
    "generalAndAdministrativeExpenses": 0,
    "sellingAndMarketingExpenses": 0,
    "sellingGeneralAndAdministrativeExpenses": 0,
    "otherExpenses": 1095000000,
    "operatingExpenses": 1095000000,
    "costAndExpenses": 12591000000,
    "interestIncome": 0,
    "interestExpense": 94000000,
    "depreciationAndAmortization": 555000000,
    "ebitda": 2593000000,
    "ebitdaratio": 0.1772506665,
    "operatingIncome": 2038000000,
    "operatingIncomeRatio": 0.1393123248,
    "totalOtherIncomeExpensesNet": -86000000,
    "incomeBeforeTax": 1952000000,
    "incomeBeforeTaxRatio": 0.1334335908,
    "incomeTaxExpense": 683000000,
    "netIncome": 1269000000,
    "netIncomeRatio": 0.0867455055,
    "eps": 1.43,
    "epsdiluted": 1.43,
    "weightedAverageShsOut": 886000000,
    "weightedAverageShsOutDil": 890000000,
    "link": "https://www.sec.gov/Archives/edgar/data/1090727/000109072716000074/0001090727-16-000074-index.htm",
    "finalLink": "https://www.sec.gov/Archives/edgar/data/1090727/000109072716000074/ups-6302016x10q.htm"
  },
  {
    "date": "2016-03-31",
    "symbol": "UPS",
    "reportedCurrency": "USD",
    "cik": "0001090727",
    "fillingDate": "2016-05-10",
    "acceptedDate": "2016-05-10 12:19:11",
    "calendarYear": "2016",
    "period": "Q1",
    "revenue": 14418000000,
    "costOfRevenue": 7853000000,
    "grossProfit": 6565000000,
    "grossProfitRatio": 0.4553336108,
    "researchAndDevelopmentExpenses": 0,
    "generalAndAdministrativeExpenses": 0,
    "sellingAndMarketingExpenses": 0,
    "sellingGeneralAndAdministrativeExpenses": 0,
    "otherExpenses": 4742000000,
    "operatingExpenses": 4742000000,
    "costAndExpenses": 12595000000,
    "interestIncome": 0,
    "interestExpense": 93000000,
    "depreciationAndAmortization": 552000000,
    "ebitda": 2375000000,
    "ebitdaratio": 0.1647246497,
    "operatingIncome": 1823000000,
    "operatingIncomeRatio": 0.1264391733,
    "totalOtherIncomeExpensesNet": -76000000,
    "incomeBeforeTax": 1747000000,
    "incomeBeforeTaxRatio": 0.1211679845,
    "incomeTaxExpense": 616000000,
    "netIncome": 1131000000,
    "netIncomeRatio": 0.0784436122,
    "eps": 1.27,
    "epsdiluted": 1.27,
    "weightedAverageShsOut": 889000000,
    "weightedAverageShsOutDil": 894000000,
    "link": "https://www.sec.gov/Archives/edgar/data/1090727/000109072716000063/0001090727-16-000063-index.htm",
    "finalLink": "https://www.sec.gov/Archives/edgar/data/1090727/000109072716000063/ups-3312016x10q.htm"
  },
  {
    "date": "2015-12-31",
    "symbol": "UPS",
    "reportedCurrency": "USD",
    "cik": "0001090727",
    "fillingDate": "2016-02-25",
    "acceptedDate": "2016-02-24 17:39:52",
    "calendarYear": "2015",
    "period": "Q4",
    "revenue": 16054000000,
    "costOfRevenue": 8504000000,
    "grossProfit": 7550000000,
    "grossProfitRatio": 0.4702877787,
    "researchAndDevelopmentExpenses": 0,
    "generalAndAdministrativeExpenses": 0,
    "sellingAndMarketingExpenses": 0,
    "sellingGeneralAndAdministrativeExpenses": 0,
    "otherExpenses": 5499000000,
    "operatingExpenses": 5499000000,
    "costAndExpenses": 14003000000,
    "interestIncome": 0,
    "interestExpense": 85000000,
    "depreciationAndAmortization": 541000000,
    "ebitda": 2723000000,
    "ebitdaratio": 0.1696150492,
    "operatingIncome": 2051000000,
    "operatingIncomeRatio": 0.1277563224,
    "totalOtherIncomeExpensesNet": -82000000,
    "incomeBeforeTax": 1969000000,
    "incomeBeforeTaxRatio": 0.1226485611,
    "incomeTaxExpense": 638000000,
    "netIncome": 1331000000,
    "netIncomeRatio": 0.0829076866,
    "eps": 1.49,
    "epsdiluted": 1.48,
    "weightedAverageShsOut": 893000000,
    "weightedAverageShsOutDil": 898000000,
    "link": "https://www.sec.gov/Archives/edgar/data/1090727/000109072716000053/0001090727-16-000053-index.htm",
    "finalLink": "https://www.sec.gov/Archives/edgar/data/1090727/000109072716000053/ups-12312015x10k.htm"
  },
  {
    "date": "2015-09-30",
    "symbol": "UPS",
    "reportedCurrency": "USD",
    "cik": "0001090727",
    "fillingDate": "2015-11-05",
    "acceptedDate": "2015-11-05 16:45:40",
    "calendarYear": "2015",
    "period": "Q3",
    "revenue": 14237000000,
    "costOfRevenue": 7458000000,
    "grossProfit": 6779000000,
    "grossProfitRatio": 0.4761536841,
    "researchAndDevelopmentExpenses": 0,
    "generalAndAdministrativeExpenses": 0,
    "sellingAndMarketingExpenses": 0,
    "sellingGeneralAndAdministrativeExpenses": 0,
    "otherExpenses": 4795000000,
    "operatingExpenses": 4795000000,
    "costAndExpenses": 12253000000,
    "interestIncome": 0,
    "interestExpense": 83000000,
    "depreciationAndAmortization": 527000000,
    "ebitda": 2509000000,
    "ebitdaratio": 0.1762309475,
    "operatingIncome": 1984000000,
    "operatingIncomeRatio": 0.1393552012,
    "totalOtherIncomeExpensesNet": -79000000,
    "incomeBeforeTax": 1905000000,
    "incomeBeforeTaxRatio": 0.1338062794,
    "incomeTaxExpense": 648000000,
    "netIncome": 1257000000,
    "netIncomeRatio": 0.0882910726,
    "eps": 1.4,
    "epsdiluted": 1.39,
    "weightedAverageShsOut": 895000000,
    "weightedAverageShsOutDil": 903000000,
    "link": "https://www.sec.gov/Archives/edgar/data/1090727/000109072715000043/0001090727-15-000043-index.htm",
    "finalLink": "https://www.sec.gov/Archives/edgar/data/1090727/000109072715000043/ups-9302015x10q.htm"
  },
  {
    "date": "2015-06-30",
    "symbol": "UPS",
    "reportedCurrency": "USD",
    "cik": "0001090727",
    "fillingDate": "2015-08-07",
    "acceptedDate": "2015-08-07 16:17:56",
    "calendarYear": "2015",
    "period": "Q2",
    "revenue": 14095000000,
    "costOfRevenue": 7502000000,
    "grossProfit": 6593000000,
    "grossProfitRatio": 0.4677545229,
    "researchAndDevelopmentExpenses": 0,
    "generalAndAdministrativeExpenses": 0,
    "sellingAndMarketingExpenses": 0,
    "sellingGeneralAndAdministrativeExpenses": 0,
    "otherExpenses": 4633000000,
    "operatingExpenses": 4633000000,
    "costAndExpenses": 12135000000,
    "interestIncome": 0,
    "interestExpense": 86000000,
    "depreciationAndAmortization": 510000000,
    "ebitda": 2475000000,
    "ebitdaratio": 0.1755941823,
    "operatingIncome": 1960000000,
    "operatingIncomeRatio": 0.139056403,
    "totalOtherIncomeExpensesNet": -82000000,
    "incomeBeforeTax": 1878000000,
    "incomeBeforeTaxRatio": 0.1332387371,
    "incomeTaxExpense": 648000000,
    "netIncome": 1230000000,
    "netIncomeRatio": 0.0872649876,
    "eps": 1.37,
    "epsdiluted": 1.35,
    "weightedAverageShsOut": 901000000,
    "weightedAverageShsOutDil": 908000000,
    "link": "https://www.sec.gov/Archives/edgar/data/1090727/000109072715000035/0001090727-15-000035-index.htm",
    "finalLink": "https://www.sec.gov/Archives/edgar/data/1090727/000109072715000035/ups-6302015x10q.htm"
  },
  {
    "date": "2015-03-31",
    "symbol": "UPS",
    "reportedCurrency": "USD",
    "cik": "0001090727",
    "fillingDate": "2015-05-07",
    "acceptedDate": "2015-05-07 16:48:48",
    "calendarYear": "2015",
    "period": "Q1",
    "revenue": 13977000000,
    "costOfRevenue": 7564000000,
    "grossProfit": 6413000000,
    "grossProfitRatio": 0.4588252128,
    "researchAndDevelopmentExpenses": 0,
    "generalAndAdministrativeExpenses": 0,
    "sellingAndMarketingExpenses": 0,
    "sellingGeneralAndAdministrativeExpenses": 0,
    "otherExpenses": 4740000000,
    "operatingExpenses": 4740000000,
    "costAndExpenses": 12304000000,
    "interestIncome": 0,
    "interestExpense": 87000000,
    "depreciationAndAmortization": 506000000,
    "ebitda": 2158000000,
    "ebitdaratio": 0.1543965085,
    "operatingIncome": 1673000000,
    "operatingIncomeRatio": 0.1196966445,
    "totalOtherIncomeExpensesNet": -83000000,
    "incomeBeforeTax": 1590000000,
    "incomeBeforeTaxRatio": 0.1137583172,
    "incomeTaxExpense": 564000000,
    "netIncome": 1026000000,
    "netIncomeRatio": 0.0734063104,
    "eps": 1.13,
    "epsdiluted": 1.12,
    "weightedAverageShsOut": 906000000,
    "weightedAverageShsOutDil": 913000000,
    "link": "https://www.sec.gov/Archives/edgar/data/1090727/000109072715000019/0001090727-15-000019-index.htm",
    "finalLink": "https://www.sec.gov/Archives/edgar/data/1090727/000109072715000019/ups-3312015x10q.htm"
  },
  {
    "date": "2014-12-31",
    "symbol": "UPS",
    "reportedCurrency": "USD",
    "cik": "0001090727",
    "fillingDate": "2015-02-27",
    "acceptedDate": "2015-02-27 16:52:14",
    "calendarYear": "2014",
    "period": "Q4",
    "revenue": 15895000000,
    "costOfRevenue": 9188000000,
    "grossProfit": 6707000000,
    "grossProfitRatio": 0.4219565901,
    "researchAndDevelopmentExpenses": 0,
    "generalAndAdministrativeExpenses": 0,
    "sellingAndMarketingExpenses": 0,
    "sellingGeneralAndAdministrativeExpenses": 0,
    "otherExpenses": 5953000000,
    "operatingExpenses": 5953000000,
    "costAndExpenses": 15141000000,
    "interestIncome": 0,
    "interestExpense": 87000000,
    "depreciationAndAmortization": 497000000,
    "ebitda": 2342000000,
    "ebitdaratio": 0.1473419314,
    "operatingIncome": 754000000,
    "operatingIncomeRatio": 0.0474363007,
    "totalOtherIncomeExpensesNet": -92000000,
    "incomeBeforeTax": 662000000,
    "incomeBeforeTaxRatio": 0.0416483171,
    "incomeTaxExpense": 209000000,
    "netIncome": 453000000,
    "netIncomeRatio": 0.0284995282,
    "eps": 0.5,
    "epsdiluted": 0.49,
    "weightedAverageShsOut": 908000000,
    "weightedAverageShsOutDil": 917000000,
    "link": "https://www.sec.gov/Archives/edgar/data/1090727/000109072715000008/0001090727-15-000008-index.htm",
    "finalLink": "https://www.sec.gov/Archives/edgar/data/1090727/000109072715000008/ups-12312014x10k.htm"
  },
  {
    "date": "2014-09-30",
    "symbol": "UPS",
    "reportedCurrency": "USD",
    "cik": "0001090727",
    "fillingDate": "2014-11-06",
    "acceptedDate": "2014-11-06 16:34:56",
    "calendarYear": "2014",
    "period": "Q3",
    "revenue": 14290000000,
    "costOfRevenue": 7217000000,
    "grossProfit": 7073000000,
    "grossProfitRatio": 0.4949615115,
    "researchAndDevelopmentExpenses": 0,
    "generalAndAdministrativeExpenses": 0,
    "sellingAndMarketingExpenses": 0,
    "sellingGeneralAndAdministrativeExpenses": 0,
    "otherExpenses": 5119000000,
    "operatingExpenses": 5119000000,
    "costAndExpenses": 12336000000,
    "interestIncome": 0,
    "interestExpense": 87000000,
    "depreciationAndAmortization": 485000000,
    "ebitda": 2415000000,
    "ebitdaratio": 0.1689993002,
    "operatingIncome": 1954000000,
    "operatingIncomeRatio": 0.1367389783,
    "totalOtherIncomeExpensesNet": -85000000,
    "incomeBeforeTax": 1869000000,
    "incomeBeforeTaxRatio": 0.1307907628,
    "incomeTaxExpense": 655000000,
    "netIncome": 1214000000,
    "netIncomeRatio": 0.0849545136,
    "eps": 1.33,
    "epsdiluted": 1.32,
    "weightedAverageShsOut": 913000000,
    "weightedAverageShsOutDil": 922000000,
    "link": "https://www.sec.gov/Archives/edgar/data/1090727/000109072714000036/0001090727-14-000036-index.htm",
    "finalLink": "https://www.sec.gov/Archives/edgar/data/1090727/000109072714000036/ups-9302014x10q.htm"
  },
  {
    "date": "2014-06-30",
    "symbol": "UPS",
    "reportedCurrency": "USD",
    "cik": "0001090727",
    "fillingDate": "2014-08-06",
    "acceptedDate": "2014-08-06 17:14:09",
    "calendarYear": "2014",
    "period": "Q2",
    "revenue": 14268000000,
    "costOfRevenue": 8375000000,
    "grossProfit": 5893000000,
    "grossProfitRatio": 0.4130221475,
    "researchAndDevelopmentExpenses": 0,
    "generalAndAdministrativeExpenses": 0,
    "sellingAndMarketingExpenses": 0,
    "sellingGeneralAndAdministrativeExpenses": 0,
    "otherExpenses": 5146000000,
    "operatingExpenses": 5146000000,
    "costAndExpenses": 13521000000,
    "interestIncome": 0,
    "interestExpense": 89000000,
    "depreciationAndAmortization": 473000000,
    "ebitda": 2288000000,
    "ebitdaratio": 0.160358845,
    "operatingIncome": 747000000,
    "operatingIncomeRatio": 0.0523549201,
    "totalOtherIncomeExpensesNet": -64000000,
    "incomeBeforeTax": 683000000,
    "incomeBeforeTaxRatio": 0.047869358,
    "incomeTaxExpense": 229000000,
    "netIncome": 454000000,
    "netIncomeRatio": 0.0318194561,
    "eps": 0.49,
    "epsdiluted": 0.49,
    "weightedAverageShsOut": 918000000,
    "weightedAverageShsOutDil": 927000000,
    "link": "https://www.sec.gov/Archives/edgar/data/1090727/000109072714000028/0001090727-14-000028-index.htm",
    "finalLink": "https://www.sec.gov/Archives/edgar/data/1090727/000109072714000028/ups-6302014x10q.htm"
  },
  {
    "date": "2014-03-31",
    "symbol": "UPS",
    "reportedCurrency": "USD",
    "cik": "0001090727",
    "fillingDate": "2014-05-08",
    "acceptedDate": "2014-05-08 14:20:38",
    "calendarYear": "2014",
    "period": "Q1",
    "revenue": 13779000000,
    "costOfRevenue": 7265000000,
    "grossProfit": 6514000000,
    "grossProfitRatio": 0.4727483852,
    "researchAndDevelopmentExpenses": 0,
    "generalAndAdministrativeExpenses": 0,
    "sellingAndMarketingExpenses": 0,
    "sellingGeneralAndAdministrativeExpenses": 0,
    "otherExpenses": 5001000000,
    "operatingExpenses": 5001000000,
    "costAndExpenses": 12266000000,
    "interestIncome": 0,
    "interestExpense": 90000000,
    "depreciationAndAmortization": 468000000,
    "ebitda": 1981000000,
    "ebitdaratio": 0.1437695043,
    "operatingIncome": 1513000000,
    "operatingIncomeRatio": 0.1098047754,
    "totalOtherIncomeExpensesNet": -90000000,
    "incomeBeforeTax": 1423000000,
    "incomeBeforeTaxRatio": 0.1032730967,
    "incomeTaxExpense": 512000000,
    "netIncome": 911000000,
    "netIncomeRatio": 0.0661151027,
    "eps": 0.99,
    "epsdiluted": 0.98,
    "weightedAverageShsOut": 923000000,
    "weightedAverageShsOutDil": 931000000,
    "link": "https://www.sec.gov/Archives/edgar/data/1090727/000109072714000017/0001090727-14-000017-index.htm",
    "finalLink": "https://www.sec.gov/Archives/edgar/data/1090727/000109072714000017/ups-3312014x10q.htm"
  },
  {
    "date": "2013-12-31",
    "symbol": "UPS",
    "reportedCurrency": "USD",
    "cik": "0001090727",
    "fillingDate": "2014-02-28",
    "acceptedDate": "2014-02-28 17:25:08",
    "calendarYear": "2013",
    "period": "Q4",
    "revenue": 14976000000,
    "costOfRevenue": 7647000000,
    "grossProfit": 7329000000,
    "grossProfitRatio": 0.4893830128,
    "researchAndDevelopmentExpenses": 0,
    "generalAndAdministrativeExpenses": 0,
    "sellingAndMarketingExpenses": 0,
    "sellingGeneralAndAdministrativeExpenses": 0,
    "otherExpenses": 5421000000,
    "operatingExpenses": 5421000000,
    "costAndExpenses": 13068000000,
    "interestIncome": 0,
    "interestExpense": 94000000,
    "depreciationAndAmortization": 467000000,
    "ebitda": 2379000000,
    "ebitdaratio": 0.1588541667,
    "operatingIncome": 1908000000,
    "operatingIncomeRatio": 0.1274038462,
    "totalOtherIncomeExpensesNet": -84000000,
    "incomeBeforeTax": 1824000000,
    "incomeBeforeTaxRatio": 0.1217948718,
    "incomeTaxExpense": 657000000,
    "netIncome": 1167000000,
    "netIncomeRatio": 0.0779246795,
    "eps": 1.26,
    "epsdiluted": 1.25,
    "weightedAverageShsOut": 928000000,
    "weightedAverageShsOutDil": 937000000,
    "link": "https://www.sec.gov/Archives/edgar/data/1090727/000109072714000009/0001090727-14-000009-index.htm",
    "finalLink": "https://www.sec.gov/Archives/edgar/data/1090727/000109072714000009/ups-12312013x10k.htm"
  },
  {
    "date": "2013-09-30",
    "symbol": "UPS",
    "reportedCurrency": "USD",
    "cik": "0001090727",
    "fillingDate": "2013-11-05",
    "acceptedDate": "2013-11-05 17:12:58",
    "calendarYear": "2013",
    "period": "Q3",
    "revenue": 13521000000,
    "costOfRevenue": 6961000000,
    "grossProfit": 6560000000,
    "grossProfitRatio": 0.4851712151,
    "researchAndDevelopmentExpenses": 0,
    "generalAndAdministrativeExpenses": 0,
    "sellingAndMarketingExpenses": 0,
    "sellingGeneralAndAdministrativeExpenses": 0,
    "otherExpenses": 4756000000,
    "operatingExpenses": 4756000000,
    "costAndExpenses": 11717000000,
    "interestIncome": 0,
    "interestExpense": 92000000,
    "depreciationAndAmortization": 460000000,
    "ebitda": 2272000000,
    "ebitdaratio": 0.1680349087,
    "operatingIncome": 1804000000,
    "operatingIncomeRatio": 0.1334220842,
    "totalOtherIncomeExpensesNet": -90000000,
    "incomeBeforeTax": 1714000000,
    "incomeBeforeTaxRatio": 0.1267657718,
    "incomeTaxExpense": 617000000,
    "netIncome": 1097000000,
    "netIncomeRatio": 0.0811330523,
    "eps": 1.17,
    "epsdiluted": 1.16,
    "weightedAverageShsOut": 935000000,
    "weightedAverageShsOutDil": 944000000,
    "link": "https://www.sec.gov/Archives/edgar/data/1090727/000109072713000033/0001090727-13-000033-index.htm",
    "finalLink": "https://www.sec.gov/Archives/edgar/data/1090727/000109072713000033/ups-9302013x10q.htm"
  },
  {
    "date": "2013-06-30",
    "symbol": "UPS",
    "reportedCurrency": "USD",
    "cik": "0001090727",
    "fillingDate": "2013-08-02",
    "acceptedDate": "2013-08-02 15:24:49",
    "calendarYear": "2013",
    "period": "Q2",
    "revenue": 13507000000,
    "costOfRevenue": 6981000000,
    "grossProfit": 6526000000,
    "grossProfitRatio": 0.4831568816,
    "researchAndDevelopmentExpenses": 0,
    "generalAndAdministrativeExpenses": 0,
    "sellingAndMarketingExpenses": 0,
    "sellingGeneralAndAdministrativeExpenses": 0,
    "otherExpenses": 4784000000,
    "operatingExpenses": 4784000000,
    "costAndExpenses": 11765000000,
    "interestIncome": 0,
    "interestExpense": 98000000,
    "depreciationAndAmortization": 466000000,
    "ebitda": 2211000000,
    "ebitdaratio": 0.1636929,
    "operatingIncome": 1742000000,
    "operatingIncomeRatio": 0.1289701636,
    "totalOtherIncomeExpensesNet": -95000000,
    "incomeBeforeTax": 1647000000,
    "incomeBeforeTaxRatio": 0.1219367735,
    "incomeTaxExpense": 576000000,
    "netIncome": 1071000000,
    "netIncomeRatio": 0.0792922188,
    "eps": 1.14,
    "epsdiluted": 1.13,
    "weightedAverageShsOut": 943000000,
    "weightedAverageShsOutDil": 952000000,
    "link": "https://www.sec.gov/Archives/edgar/data/1090727/000109072713000028/0001090727-13-000028-index.htm",
    "finalLink": "https://www.sec.gov/Archives/edgar/data/1090727/000109072713000028/ups-6302013x10q.htm"
  },
  {
    "date": "2013-03-31",
    "symbol": "UPS",
    "reportedCurrency": "USD",
    "cik": "0001090727",
    "fillingDate": "2013-05-03",
    "acceptedDate": "2013-05-03 16:34:13",
    "calendarYear": "2013",
    "period": "Q1",
    "revenue": 13434000000,
    "costOfRevenue": 6968000000,
    "grossProfit": 6466000000,
    "grossProfitRatio": 0.4813160637,
    "researchAndDevelopmentExpenses": 0,
    "generalAndAdministrativeExpenses": 0,
    "sellingAndMarketingExpenses": 0,
    "sellingGeneralAndAdministrativeExpenses": 0,
    "otherExpenses": 4886000000,
    "operatingExpenses": 4886000000,
    "costAndExpenses": 11854000000,
    "interestIncome": 0,
    "interestExpense": 96000000,
    "depreciationAndAmortization": 474000000,
    "ebitda": 2059000000,
    "ebitdaratio": 0.1532678279,
    "operatingIncome": 1580000000,
    "operatingIncomeRatio": 0.1176120292,
    "totalOtherIncomeExpensesNet": -91000000,
    "incomeBeforeTax": 1489000000,
    "incomeBeforeTaxRatio": 0.1108381718,
    "incomeTaxExpense": 452000000,
    "netIncome": 1037000000,
    "netIncomeRatio": 0.0771921989,
    "eps": 1.09,
    "epsdiluted": 1.08,
    "weightedAverageShsOut": 952000000,
    "weightedAverageShsOutDil": 960000000,
    "link": "https://www.sec.gov/Archives/edgar/data/1090727/000109072713000012/0001090727-13-000012-index.htm",
    "finalLink": "https://www.sec.gov/Archives/edgar/data/1090727/000109072713000012/ups-3312013x10q.htm"
  },
  {
    "date": "2012-12-31",
    "symbol": "UPS",
    "reportedCurrency": "USD",
    "cik": "0001090727",
    "fillingDate": "2013-02-28",
    "acceptedDate": "2013-02-28 11:08:41",
    "calendarYear": "2012",
    "period": "Q4",
    "revenue": 14571000000,
    "costOfRevenue": 11943000000,
    "grossProfit": 2628000000,
    "grossProfitRatio": 0.1803582458,
    "researchAndDevelopmentExpenses": 0,
    "generalAndAdministrativeExpenses": 23911000000,
    "sellingAndMarketingExpenses": 0,
    "sellingGeneralAndAdministrativeExpenses": -23911000000,
    "otherExpenses": 17459000000,
    "operatingExpenses": 5410000000,
    "costAndExpenses": 17353000000,
    "interestIncome": 0,
    "interestExpense": 109000000,
    "depreciationAndAmortization": 476000000,
    "ebitda": -2300000000,
    "ebitdaratio": -0.1578477798,
    "operatingIncome": -2782000000,
    "operatingIncomeRatio": -0.1909271841,
    "totalOtherIncomeExpensesNet": -103000000,
    "incomeBeforeTax": -2885000000,
    "incomeBeforeTaxRatio": -0.1979960195,
    "incomeTaxExpense": -1137000000,
    "netIncome": -1748000000,
    "netIncomeRatio": -0.1199643127,
    "eps": -1.83,
    "epsdiluted": -1.83,
    "weightedAverageShsOut": 955202218,
    "weightedAverageShsOutDil": 956000000,
    "link": "https://www.sec.gov/Archives/edgar/data/1090727/000109072713000005/0001090727-13-000005-index.htm",
    "finalLink": "https://www.sec.gov/Archives/edgar/data/1090727/000109072713000005/ups-12312012x10k.htm"
  },
  {
    "date": "2012-09-30",
    "symbol": "UPS",
    "reportedCurrency": "USD",
    "cik": "0001090727",
    "fillingDate": "2012-11-02",
    "acceptedDate": "2012-11-02 16:35:35",
    "calendarYear": "2012",
    "period": "Q3",
    "revenue": 13071000000,
    "costOfRevenue": 3018000000,
    "grossProfit": 10053000000,
    "grossProfitRatio": 0.7691071838,
    "researchAndDevelopmentExpenses": 0,
    "generalAndAdministrativeExpenses": 7577000000,
    "sellingAndMarketingExpenses": 0,
    "sellingGeneralAndAdministrativeExpenses": 7577000000,
    "otherExpenses": -6551000000,
    "operatingExpenses": 12305000000,
    "costAndExpenses": 12305000000,
    "interestIncome": 0,
    "interestExpense": 98000000,
    "depreciationAndAmortization": 464000000,
    "ebitda": 1236000000,
    "ebitdaratio": 0.0945604774,
    "operatingIncome": 766000000,
    "operatingIncomeRatio": 0.0586030143,
    "totalOtherIncomeExpensesNet": -92000000,
    "incomeBeforeTax": 674000000,
    "incomeBeforeTaxRatio": 0.0515645322,
    "incomeTaxExpense": 205000000,
    "netIncome": 469000000,
    "netIncomeRatio": 0.0358809578,
    "eps": 0.49,
    "epsdiluted": 0.48,
    "weightedAverageShsOut": 961000000,
    "weightedAverageShsOutDil": 970000000,
    "link": "https://www.sec.gov/Archives/edgar/data/1090727/000109072712000026/0001090727-12-000026-index.htm",
    "finalLink": "https://www.sec.gov/Archives/edgar/data/1090727/000109072712000026/ups-9302012x10q.htm"
  },
  {
    "date": "2012-06-30",
    "symbol": "UPS",
    "reportedCurrency": "USD",
    "cik": "0001090727",
    "fillingDate": "2012-08-03",
    "acceptedDate": "2012-08-03 16:49:35",
    "calendarYear": "2012",
    "period": "Q2",
    "revenue": 13349000000,
    "costOfRevenue": 3050000000,
    "grossProfit": 10299000000,
    "grossProfitRatio": 0.7715184658,
    "researchAndDevelopmentExpenses": 0,
    "generalAndAdministrativeExpenses": 6747000000,
    "sellingAndMarketingExpenses": 0,
    "sellingGeneralAndAdministrativeExpenses": 6747000000,
    "otherExpenses": -5657000000,
    "operatingExpenses": 11559000000,
    "costAndExpenses": 11559000000,
    "interestIncome": 0,
    "interestExpense": 92000000,
    "depreciationAndAmortization": 459000000,
    "ebitda": 2255000000,
    "ebitdaratio": 0.1689265113,
    "operatingIncome": 1790000000,
    "operatingIncomeRatio": 0.1340924414,
    "totalOtherIncomeExpensesNet": -86000000,
    "incomeBeforeTax": 1704000000,
    "incomeBeforeTaxRatio": 0.1276500112,
    "incomeTaxExpense": 588000000,
    "netIncome": 1116000000,
    "netIncomeRatio": 0.0836017679,
    "eps": 1.16,
    "epsdiluted": 1.15,
    "weightedAverageShsOut": 962000000,
    "weightedAverageShsOutDil": 971000000,
    "link": "https://www.sec.gov/Archives/edgar/data/1090727/000109072712000015/0001090727-12-000015-index.htm",
    "finalLink": "https://www.sec.gov/Archives/edgar/data/1090727/000109072712000015/ups-6302012x10q.htm"
  },
  {
    "date": "2012-03-31",
    "symbol": "UPS",
    "reportedCurrency": "USD",
    "cik": "0001090727",
    "fillingDate": "2012-05-07",
    "acceptedDate": "2012-05-07 10:40:55",
    "calendarYear": "2012",
    "period": "Q1",
    "revenue": 13136000000,
    "costOfRevenue": 3044000000,
    "grossProfit": 10092000000,
    "grossProfitRatio": 0.7682704019,
    "researchAndDevelopmentExpenses": 0,
    "generalAndAdministrativeExpenses": 6835000000,
    "sellingAndMarketingExpenses": 0,
    "sellingGeneralAndAdministrativeExpenses": 6835000000,
    "otherExpenses": -5843000000,
    "operatingExpenses": 11567000000,
    "costAndExpenses": 11567000000,
    "interestIncome": 0,
    "interestExpense": 94000000,
    "depreciationAndAmortization": 459000000,
    "ebitda": 2034000000,
    "ebitdaratio": 0.1548416565,
    "operatingIncome": 1569000000,
    "operatingIncomeRatio": 0.1194427527,
    "totalOtherIncomeExpensesNet": -88000000,
    "incomeBeforeTax": 1481000000,
    "incomeBeforeTaxRatio": 0.1127436054,
    "incomeTaxExpense": 511000000,
    "netIncome": 970000000,
    "netIncomeRatio": 0.0738428745,
    "eps": 1.01,
    "epsdiluted": 1,
    "weightedAverageShsOut": 962000000,
    "weightedAverageShsOutDil": 972000000,
    "link": "https://www.sec.gov/Archives/edgar/data/1090727/000109072712000004/0001090727-12-000004-index.htm",
    "finalLink": "https://www.sec.gov/Archives/edgar/data/1090727/000109072712000004/ups-3312012x10q.htm"
  },
  {
    "date": "2011-12-31",
    "symbol": "UPS",
    "reportedCurrency": "USD",
    "cik": "0001090727",
    "fillingDate": "2012-02-27",
    "acceptedDate": "2012-02-27 14:19:33",
    "calendarYear": "2011",
    "period": "Q4",
    "revenue": 14166000000,
    "costOfRevenue": 4365000000,
    "grossProfit": 9801000000,
    "grossProfitRatio": 0.6918678526,
    "researchAndDevelopmentExpenses": 0,
    "generalAndAdministrativeExpenses": 3852000000,
    "sellingAndMarketingExpenses": 0,
    "sellingGeneralAndAdministrativeExpenses": 3852000000,
    "otherExpenses": 4612000000,
    "operatingExpenses": 8464000000,
    "costAndExpenses": 12829000000,
    "interestIncome": 0,
    "interestExpense": 96000000,
    "depreciationAndAmortization": 451000000,
    "ebitda": 1796000000,
    "ebitdaratio": 0.1267824368,
    "operatingIncome": 1337000000,
    "operatingIncomeRatio": 0.094380912,
    "totalOtherIncomeExpensesNet": -88000000,
    "incomeBeforeTax": 1249000000,
    "incomeBeforeTaxRatio": 0.088168855,
    "incomeTaxExpense": 435000000,
    "netIncome": 814000000,
    "netIncomeRatio": 0.0574615276,
    "eps": 0.85,
    "epsdiluted": 0.84,
    "weightedAverageShsOut": 962000000,
    "weightedAverageShsOutDil": 972000000,
    "link": "https://www.sec.gov/Archives/edgar/data/1090727/000119312512081067/0001193125-12-081067-index.htm",
    "finalLink": "https://www.sec.gov/Archives/edgar/data/1090727/000119312512081067/d274494d10k.htm"
  },
  {
    "date": "2011-09-30",
    "symbol": "UPS",
    "reportedCurrency": "USD",
    "cik": "0001090727",
    "fillingDate": "2011-11-04",
    "acceptedDate": "2011-11-04 15:24:38",
    "calendarYear": "2011",
    "period": "Q3",
    "revenue": 13166000000,
    "costOfRevenue": 3135000000,
    "grossProfit": 10031000000,
    "grossProfitRatio": 0.7618866778,
    "researchAndDevelopmentExpenses": 0,
    "generalAndAdministrativeExpenses": 6647000000,
    "sellingAndMarketingExpenses": 0,
    "sellingGeneralAndAdministrativeExpenses": 6647000000,
    "otherExpenses": 1718000000,
    "operatingExpenses": 11500000000,
    "costAndExpenses": 11500000000,
    "interestIncome": 0,
    "interestExpense": 84000000,
    "depreciationAndAmortization": 447000000,
    "ebitda": 2129000000,
    "ebitdaratio": 0.1617043901,
    "operatingIncome": 1666000000,
    "operatingIncomeRatio": 0.1265380526,
    "totalOtherIncomeExpensesNet": -68000000,
    "incomeBeforeTax": 1598000000,
    "incomeBeforeTaxRatio": 0.1213732341,
    "incomeTaxExpense": 526000000,
    "netIncome": 1072000000,
    "netIncomeRatio": 0.0814218441,
    "eps": 1.1,
    "epsdiluted": 1.09,
    "weightedAverageShsOut": 977000000,
    "weightedAverageShsOutDil": 987000000,
    "link": "https://www.sec.gov/Archives/edgar/data/1090727/000119312511297241/0001193125-11-297241-index.htm",
    "finalLink": "https://www.sec.gov/Archives/edgar/data/1090727/000119312511297241/d238112d10q.htm"
  },
  {
    "date": "2011-06-30",
    "symbol": "UPS",
    "reportedCurrency": "USD",
    "cik": "0001090727",
    "fillingDate": "2011-08-05",
    "acceptedDate": "2011-08-05 11:04:58",
    "calendarYear": "2011",
    "period": "Q2",
    "revenue": 13191000000,
    "costOfRevenue": 3136000000,
    "grossProfit": 10055000000,
    "grossProfitRatio": 0.7622621484,
    "researchAndDevelopmentExpenses": 0,
    "generalAndAdministrativeExpenses": 6683000000,
    "sellingAndMarketingExpenses": 0,
    "sellingGeneralAndAdministrativeExpenses": 6683000000,
    "otherExpenses": 4810000000,
    "operatingExpenses": 11493000000,
    "costAndExpenses": 11493000000,
    "interestIncome": 0,
    "interestExpense": 83000000,
    "depreciationAndAmortization": 443000000,
    "ebitda": 2197000000,
    "ebitdaratio": 0.1665529528,
    "operatingIncome": 1698000000,
    "operatingIncomeRatio": 0.1287241301,
    "totalOtherIncomeExpensesNet": -74000000,
    "incomeBeforeTax": 1624000000,
    "incomeBeforeTaxRatio": 0.1231142446,
    "incomeTaxExpense": 561000000,
    "netIncome": 1063000000,
    "netIncomeRatio": 0.0805852475,
    "eps": 1.08,
    "epsdiluted": 1.07,
    "weightedAverageShsOut": 988000000,
    "weightedAverageShsOutDil": 998000000,
    "link": "https://www.sec.gov/Archives/edgar/data/1090727/000119312511211659/0001193125-11-211659-index.htm",
    "finalLink": "https://www.sec.gov/Archives/edgar/data/1090727/000119312511211659/d10q.htm"
  },
  {
    "date": "2011-03-31",
    "symbol": "UPS",
    "reportedCurrency": "USD",
    "cik": "0001090727",
    "fillingDate": "2011-05-05",
    "acceptedDate": "2011-05-05 15:28:06",
    "calendarYear": "2011",
    "period": "Q1",
    "revenue": 12582000000,
    "costOfRevenue": 2871000000,
    "grossProfit": 9711000000,
    "grossProfitRatio": 0.7718168813,
    "researchAndDevelopmentExpenses": 0,
    "generalAndAdministrativeExpenses": 7844000000,
    "sellingAndMarketingExpenses": 0,
    "sellingGeneralAndAdministrativeExpenses": 7844000000,
    "otherExpenses": 441000000,
    "operatingExpenses": 8285000000,
    "costAndExpenses": 11156000000,
    "interestIncome": 0,
    "interestExpense": 85000000,
    "depreciationAndAmortization": 441000000,
    "ebitda": 1867000000,
    "ebitdaratio": 0.148386584,
    "operatingIncome": 1426000000,
    "operatingIncomeRatio": 0.1133365125,
    "totalOtherIncomeExpensesNet": -28000000,
    "incomeBeforeTax": 1352000000,
    "incomeBeforeTaxRatio": 0.1074550946,
    "incomeTaxExpense": 467000000,
    "netIncome": 885000000,
    "netIncomeRatio": 0.0703385789,
    "eps": 0.92,
    "epsdiluted": 0.91,
    "weightedAverageShsOut": 992000000,
    "weightedAverageShsOutDil": 1002000000,
    "link": "https://www.sec.gov/Archives/edgar/data/1090727/000119312511128327/0001193125-11-128327-index.htm",
    "finalLink": "https://www.sec.gov/Archives/edgar/data/1090727/000119312511128327/d10q.htm"
  },
  {
    "date": "2010-12-31",
    "symbol": "UPS",
    "reportedCurrency": "USD",
    "cik": "0001090727",
    "fillingDate": "2011-02-28",
    "acceptedDate": "2011-02-28 13:54:49",
    "calendarYear": "2010",
    "period": "Q4",
    "revenue": 13421000000,
    "costOfRevenue": 3017000000,
    "grossProfit": 10404000000,
    "grossProfitRatio": 0.77520304,
    "researchAndDevelopmentExpenses": 0,
    "generalAndAdministrativeExpenses": 8146000000,
    "sellingAndMarketingExpenses": 0,
    "sellingGeneralAndAdministrativeExpenses": 8146000000,
    "otherExpenses": 444000000,
    "operatingExpenses": 8590000000,
    "costAndExpenses": 11607000000,
    "interestIncome": 0,
    "interestExpense": 94000000,
    "depreciationAndAmortization": 444000000,
    "ebitda": 2268000000,
    "ebitdaratio": 0.168988898,
    "operatingIncome": 1814000000,
    "operatingIncomeRatio": 0.1351613144,
    "totalOtherIncomeExpensesNet": -84000000,
    "incomeBeforeTax": 1730000000,
    "incomeBeforeTaxRatio": 0.1289024663,
    "incomeTaxExpense": 611000000,
    "netIncome": 1119000000,
    "netIncomeRatio": 0.0833767976,
    "eps": 1.13,
    "epsdiluted": 1.12,
    "weightedAverageShsOut": 992000000,
    "weightedAverageShsOutDil": 1002000000,
    "link": "https://www.sec.gov/Archives/edgar/data/1090727/000119312511049356/0001193125-11-049356-index.htm",
    "finalLink": "https://www.sec.gov/Archives/edgar/data/1090727/000119312511049356/d10k.htm"
  },
  {
    "date": "2010-09-30",
    "symbol": "UPS",
    "reportedCurrency": "USD",
    "cik": "0001090727",
    "fillingDate": "2010-11-05",
    "acceptedDate": "2010-11-05 16:32:37",
    "calendarYear": "2010",
    "period": "Q3",
    "revenue": 12192000000,
    "costOfRevenue": 2662000000,
    "grossProfit": 9530000000,
    "grossProfitRatio": 0.781660105,
    "researchAndDevelopmentExpenses": 0,
    "generalAndAdministrativeExpenses": 6411000000,
    "sellingAndMarketingExpenses": 0,
    "sellingGeneralAndAdministrativeExpenses": 6411000000,
    "otherExpenses": 1503000000,
    "operatingExpenses": 10576000000,
    "costAndExpenses": 10576000000,
    "interestIncome": 0,
    "interestExpense": 91000000,
    "depreciationAndAmortization": 448000000,
    "ebitda": 2079000000,
    "ebitdaratio": 0.1705216535,
    "operatingIncome": 1616000000,
    "operatingIncomeRatio": 0.1325459318,
    "totalOtherIncomeExpensesNet": -76000000,
    "incomeBeforeTax": 1540000000,
    "incomeBeforeTaxRatio": 0.126312336,
    "incomeTaxExpense": 549000000,
    "netIncome": 991000000,
    "netIncomeRatio": 0.0812828084,
    "eps": 1,
    "epsdiluted": 0.99,
    "weightedAverageShsOut": 994000000,
    "weightedAverageShsOutDil": 1004000000,
    "link": "https://www.sec.gov/Archives/edgar/data/1090727/000119312510250170/0001193125-10-250170-index.htm",
    "finalLink": "https://www.sec.gov/Archives/edgar/data/1090727/000119312510250170/d10q.htm"
  },
  {
    "date": "2010-06-30",
    "symbol": "UPS",
    "reportedCurrency": "USD",
    "cik": "0001090727",
    "fillingDate": "2010-08-09",
    "acceptedDate": "2010-08-09 09:24:56",
    "calendarYear": "2010",
    "period": "Q2",
    "revenue": 12204000000,
    "costOfRevenue": 2330000000,
    "grossProfit": 9874000000,
    "grossProfitRatio": 0.8090789905,
    "researchAndDevelopmentExpenses": 0,
    "generalAndAdministrativeExpenses": 6515000000,
    "sellingAndMarketingExpenses": 0,
    "sellingGeneralAndAdministrativeExpenses": 6515000000,
    "otherExpenses": 1676000000,
    "operatingExpenses": 10802000000,
    "costAndExpenses": 10802000000,
    "interestIncome": 0,
    "interestExpense": 84000000,
    "depreciationAndAmortization": 449000000,
    "ebitda": 1833000000,
    "ebitdaratio": 0.1501966568,
    "operatingIncome": 1402000000,
    "operatingIncomeRatio": 0.1148803671,
    "totalOtherIncomeExpensesNet": -102000000,
    "incomeBeforeTax": 1300000000,
    "incomeBeforeTaxRatio": 0.1065224517,
    "incomeTaxExpense": 455000000,
    "netIncome": 845000000,
    "netIncomeRatio": 0.0692395936,
    "eps": 0.85,
    "epsdiluted": 0.84,
    "weightedAverageShsOut": 994000000,
    "weightedAverageShsOutDil": 1003000000,
    "link": "https://www.sec.gov/Archives/edgar/data/1090727/000119312510182606/0001193125-10-182606-index.htm",
    "finalLink": "https://www.sec.gov/Archives/edgar/data/1090727/000119312510182606/d10q.htm"
  },
  {
    "date": "2010-03-31",
    "symbol": "UPS",
    "reportedCurrency": "USD",
    "cik": "0001090727",
    "fillingDate": "2010-05-07",
    "acceptedDate": "2010-05-07 16:19:03",
    "calendarYear": "2010",
    "period": "Q1",
    "revenue": 11728000000,
    "costOfRevenue": 2453000000,
    "grossProfit": 9275000000,
    "grossProfitRatio": 0.7908424284,
    "researchAndDevelopmentExpenses": 0,
    "generalAndAdministrativeExpenses": 6539000000,
    "sellingAndMarketingExpenses": 0,
    "sellingGeneralAndAdministrativeExpenses": 6539000000,
    "otherExpenses": 1694000000,
    "operatingExpenses": 10686000000,
    "costAndExpenses": 10686000000,
    "interestIncome": 0,
    "interestExpense": 85000000,
    "depreciationAndAmortization": 451000000,
    "ebitda": 1489000000,
    "ebitdaratio": 0.1269611187,
    "operatingIncome": 1042000000,
    "operatingIncomeRatio": 0.0888472033,
    "totalOtherIncomeExpensesNet": -89000000,
    "incomeBeforeTax": 953000000,
    "incomeBeforeTaxRatio": 0.0812585266,
    "incomeTaxExpense": 420000000,
    "netIncome": 533000000,
    "netIncomeRatio": 0.045446794,
    "eps": 0.54,
    "epsdiluted": 0.53,
    "weightedAverageShsOut": 995000000,
    "weightedAverageShsOutDil": 1004000000,
    "link": "https://www.sec.gov/Archives/edgar/data/1090727/000119312510112914/0001193125-10-112914-index.htm",
    "finalLink": "https://www.sec.gov/Archives/edgar/data/1090727/000119312510112914/d10q.htm"
  },
  {
    "date": "2009-12-31",
    "symbol": "UPS",
    "reportedCurrency": "USD",
    "cik": "0001090727",
    "fillingDate": "2010-02-26",
    "acceptedDate": "2010-02-26 16:12:48",
    "calendarYear": "2009",
    "period": "Q4",
    "revenue": 12377000000,
    "costOfRevenue": 2637000000,
    "grossProfit": 9740000000,
    "grossProfitRatio": 0.7869435243,
    "researchAndDevelopmentExpenses": 0,
    "generalAndAdministrativeExpenses": 8031000000,
    "sellingAndMarketingExpenses": 0,
    "sellingGeneralAndAdministrativeExpenses": 8031000000,
    "otherExpenses": 450000000,
    "operatingExpenses": 8481000000,
    "costAndExpenses": 11118000000,
    "interestIncome": 0,
    "interestExpense": 89000000,
    "depreciationAndAmortization": 450000000,
    "ebitda": 1722000000,
    "ebitdaratio": 0.1391290297,
    "operatingIncome": 1259000000,
    "operatingIncomeRatio": 0.101720934,
    "totalOtherIncomeExpensesNet": -76000000,
    "incomeBeforeTax": 1183000000,
    "incomeBeforeTaxRatio": 0.0955805122,
    "incomeTaxExpense": 426000000,
    "netIncome": 757000000,
    "netIncomeRatio": 0.0611618324,
    "eps": 0.76,
    "epsdiluted": 0.75,
    "weightedAverageShsOut": 995000000,
    "weightedAverageShsOutDil": 1004000000,
    "link": "https://www.sec.gov/Archives/edgar/data/1090727/000119312510042908/0001193125-10-042908-index.htm",
    "finalLink": "https://www.sec.gov/Archives/edgar/data/1090727/000119312510042908/d10k.htm"
  },
  {
    "date": "2009-09-30",
    "symbol": "UPS",
    "reportedCurrency": "USD",
    "cik": "0001090727",
    "fillingDate": "2009-11-06",
    "acceptedDate": "2009-11-06 16:17:47",
    "calendarYear": "2009",
    "period": "Q3",
    "revenue": 11153000000,
    "costOfRevenue": 2198000000,
    "grossProfit": 8955000000,
    "grossProfitRatio": 0.8029229804,
    "researchAndDevelopmentExpenses": 0,
    "generalAndAdministrativeExpenses": 6341000000,
    "sellingAndMarketingExpenses": 0,
    "sellingGeneralAndAdministrativeExpenses": 6341000000,
    "otherExpenses": -4632000000,
    "operatingExpenses": 10224000000,
    "costAndExpenses": 10224000000,
    "interestIncome": 0,
    "interestExpense": 93000000,
    "depreciationAndAmortization": 441000000,
    "ebitda": 1376000000,
    "ebitdaratio": 0.1233748767,
    "operatingIncome": 929000000,
    "operatingIncomeRatio": 0.0832959742,
    "totalOtherIncomeExpensesNet": -87000000,
    "incomeBeforeTax": 842000000,
    "incomeBeforeTaxRatio": 0.0754953824,
    "incomeTaxExpense": 293000000,
    "netIncome": 549000000,
    "netIncomeRatio": 0.0492244239,
    "eps": 0.55,
    "epsdiluted": 0.55,
    "weightedAverageShsOut": 997000000,
    "weightedAverageShsOutDil": 1004000000,
    "link": "https://www.sec.gov/Archives/edgar/data/1090727/000119312509227554/0001193125-09-227554-index.htm",
    "finalLink": "https://www.sec.gov/Archives/edgar/data/1090727/000119312509227554/d10q.htm"
  },
  {
    "date": "2009-06-30",
    "symbol": "UPS",
    "reportedCurrency": "USD",
    "cik": "0001090727",
    "fillingDate": "2009-08-07",
    "acceptedDate": "2009-08-07 16:06:06",
    "calendarYear": "2009",
    "period": "Q2",
    "revenue": 10829000000,
    "costOfRevenue": 2000000000,
    "grossProfit": 8829000000,
    "grossProfitRatio": 0.8153107397,
    "researchAndDevelopmentExpenses": 0,
    "generalAndAdministrativeExpenses": 6330000000,
    "sellingAndMarketingExpenses": 0,
    "sellingGeneralAndAdministrativeExpenses": 6330000000,
    "otherExpenses": -4678000000,
    "operatingExpenses": 9934000000,
    "costAndExpenses": 9934000000,
    "interestIncome": 0,
    "interestExpense": 181000000,
    "depreciationAndAmortization": 426000000,
    "ebitda": 1299000000,
    "ebitdaratio": 0.1199556746,
    "operatingIncome": 895000000,
    "operatingIncomeRatio": 0.082648444,
    "totalOtherIncomeExpensesNet": -203000000,
    "incomeBeforeTax": 692000000,
    "incomeBeforeTaxRatio": 0.0639024841,
    "incomeTaxExpense": 247000000,
    "netIncome": 445000000,
    "netIncomeRatio": 0.0410933604,
    "eps": 0.45,
    "epsdiluted": 0.44,
    "weightedAverageShsOut": 998000000,
    "weightedAverageShsOutDil": 1004000000,
    "link": "https://www.sec.gov/Archives/edgar/data/1090727/000119312509169068/0001193125-09-169068-index.htm",
    "finalLink": "https://www.sec.gov/Archives/edgar/data/1090727/000119312509169068/d10q.htm"
  },
  {
    "date": "2009-03-31",
    "symbol": "UPS",
    "reportedCurrency": "USD",
    "cik": "0001090727",
    "fillingDate": "2009-05-07",
    "acceptedDate": "2009-05-07 17:03:47",
    "calendarYear": "2009",
    "period": "Q1",
    "revenue": 10938000000,
    "costOfRevenue": 1984000000,
    "grossProfit": 8954000000,
    "grossProfitRatio": 0.8186140062,
    "researchAndDevelopmentExpenses": 0,
    "generalAndAdministrativeExpenses": 7806000000,
    "sellingAndMarketingExpenses": 0,
    "sellingGeneralAndAdministrativeExpenses": 7806000000,
    "otherExpenses": 430000000,
    "operatingExpenses": 8236000000,
    "costAndExpenses": 10220000000,
    "interestIncome": 0,
    "interestExpense": 82000000,
    "depreciationAndAmortization": 430000000,
    "ebitda": 1161000000,
    "ebitdaratio": 0.1061437191,
    "operatingIncome": 718000000,
    "operatingIncomeRatio": 0.0656427135,
    "totalOtherIncomeExpensesNet": -69000000,
    "incomeBeforeTax": 649000000,
    "incomeBeforeTaxRatio": 0.0593344304,
    "incomeTaxExpense": 248000000,
    "netIncome": 401000000,
    "netIncomeRatio": 0.0366611812,
    "eps": 0.4,
    "epsdiluted": 0.4,
    "weightedAverageShsOut": 997000000,
    "weightedAverageShsOutDil": 1003000000,
    "link": "https://www.sec.gov/Archives/edgar/data/1090727/000119312509103543/0001193125-09-103543-index.htm",
    "finalLink": "https://www.sec.gov/Archives/edgar/data/1090727/000119312509103543/d10q.htm"
  },
  {
    "date": "2008-12-31",
    "symbol": "UPS",
    "reportedCurrency": "USD",
    "cik": "0001090727",
    "fillingDate": "2009-02-27",
    "acceptedDate": "2009-02-27 16:19:19",
    "calendarYear": "2008",
    "period": "Q4",
    "revenue": 12697000000,
    "costOfRevenue": 2708000000,
    "grossProfit": 9989000000,
    "grossProfitRatio": 0.7867212727,
    "researchAndDevelopmentExpenses": 0,
    "generalAndAdministrativeExpenses": 8732000000,
    "sellingAndMarketingExpenses": 0,
    "sellingGeneralAndAdministrativeExpenses": 8732000000,
    "otherExpenses": 454000000,
    "operatingExpenses": 9186000000,
    "costAndExpenses": 11894000000,
    "interestIncome": 0,
    "interestExpense": 100000000,
    "depreciationAndAmortization": 454000000,
    "ebitda": 1274000000,
    "ebitdaratio": 0.1003386627,
    "operatingIncome": 803000000,
    "operatingIncomeRatio": 0.0632432858,
    "totalOtherIncomeExpensesNet": -83000000,
    "incomeBeforeTax": 720000000,
    "incomeBeforeTaxRatio": 0.0567063086,
    "incomeTaxExpense": 466000000,
    "netIncome": 254000000,
    "netIncomeRatio": 0.0200047255,
    "eps": 0.25,
    "epsdiluted": 0.25,
    "weightedAverageShsOut": 997000000,
    "weightedAverageShsOutDil": 1003000000,
    "link": "https://www.sec.gov/Archives/edgar/data/1090727/000119312509040973/0001193125-09-040973-index.htm",
    "finalLink": "https://www.sec.gov/Archives/edgar/data/1090727/000119312509040973/d10k.htm"
  },
  {
    "date": "2008-09-30",
    "symbol": "UPS",
    "reportedCurrency": "USD",
    "cik": "0001090727",
    "fillingDate": "2008-11-07",
    "acceptedDate": "2008-11-07 16:18:13",
    "calendarYear": "2008",
    "period": "Q3",
    "revenue": 13113000000,
    "costOfRevenue": 3178000000,
    "grossProfit": 9935000000,
    "grossProfitRatio": 0.757645085,
    "researchAndDevelopmentExpenses": 0,
    "generalAndAdministrativeExpenses": 7847000000,
    "sellingAndMarketingExpenses": 0,
    "sellingGeneralAndAdministrativeExpenses": 7847000000,
    "otherExpenses": 456000000,
    "operatingExpenses": 8303000000,
    "costAndExpenses": 11481000000,
    "interestIncome": 0,
    "interestExpense": 104000000,
    "depreciationAndAmortization": 456000000,
    "ebitda": 2075000000,
    "ebitdaratio": 0.1582399146,
    "operatingIncome": 1632000000,
    "operatingIncomeRatio": 0.1244566461,
    "totalOtherIncomeExpensesNet": -117000000,
    "incomeBeforeTax": 1515000000,
    "incomeBeforeTaxRatio": 0.1155342027,
    "incomeTaxExpense": 545000000,
    "netIncome": 970000000,
    "netIncomeRatio": 0.0739723938,
    "eps": 0.96,
    "epsdiluted": 0.96,
    "weightedAverageShsOut": 1006000000,
    "weightedAverageShsOutDil": 1013000000,
    "link": "https://www.sec.gov/Archives/edgar/data/1090727/000119312508230029/0001193125-08-230029-index.htm",
    "finalLink": "https://www.sec.gov/Archives/edgar/data/1090727/000119312508230029/d10q.htm"
  },
  {
    "date": "2008-06-30",
    "symbol": "UPS",
    "reportedCurrency": "USD",
    "cik": "0001090727",
    "fillingDate": "2008-08-08",
    "acceptedDate": "2008-08-08 16:06:49",
    "calendarYear": "2008",
    "period": "Q2",
    "revenue": 13001000000,
    "costOfRevenue": 3149000000,
    "grossProfit": 9852000000,
    "grossProfitRatio": 0.7577878625,
    "researchAndDevelopmentExpenses": 0,
    "generalAndAdministrativeExpenses": 7946000000,
    "sellingAndMarketingExpenses": 0,
    "sellingGeneralAndAdministrativeExpenses": 7946000000,
    "otherExpenses": 452000000,
    "operatingExpenses": 8398000000,
    "costAndExpenses": 11547000000,
    "interestIncome": 0,
    "interestExpense": 104000000,
    "depreciationAndAmortization": 452000000,
    "ebitda": 1920000000,
    "ebitdaratio": 0.1476809476,
    "operatingIncome": 1454000000,
    "operatingIncomeRatio": 0.111837551,
    "totalOtherIncomeExpensesNet": -90000000,
    "incomeBeforeTax": 1364000000,
    "incomeBeforeTaxRatio": 0.1049150065,
    "incomeTaxExpense": 491000000,
    "netIncome": 873000000,
    "netIncomeRatio": 0.0671486809,
    "eps": 0.86,
    "epsdiluted": 0.85,
    "weightedAverageShsOut": 1021000000,
    "weightedAverageShsOutDil": 1029000000,
    "link": "https://www.sec.gov/Archives/edgar/data/1090727/000119312508171912/0001193125-08-171912-index.htm",
    "finalLink": "https://www.sec.gov/Archives/edgar/data/1090727/000119312508171912/d10q.htm"
  },
  {
    "date": "2008-03-31",
    "symbol": "UPS",
    "reportedCurrency": "USD",
    "cik": "0001090727",
    "fillingDate": "2008-05-09",
    "acceptedDate": "2008-05-09 16:16:23",
    "calendarYear": "2008",
    "period": "Q1",
    "revenue": 12675000000,
    "costOfRevenue": 2545000000,
    "grossProfit": 10130000000,
    "grossProfitRatio": 0.7992110454,
    "researchAndDevelopmentExpenses": 0,
    "generalAndAdministrativeExpenses": 7887000000,
    "sellingAndMarketingExpenses": 0,
    "sellingGeneralAndAdministrativeExpenses": 7887000000,
    "otherExpenses": 750000000,
    "operatingExpenses": 8637000000,
    "costAndExpenses": 11182000000,
    "interestIncome": 0,
    "interestExpense": 134000000,
    "depreciationAndAmortization": 452000000,
    "ebitda": 1888000000,
    "ebitdaratio": 0.1489546351,
    "operatingIncome": 1493000000,
    "operatingIncomeRatio": 0.117790927,
    "totalOtherIncomeExpensesNet": -77000000,
    "incomeBeforeTax": 1416000000,
    "incomeBeforeTaxRatio": 0.1117159763,
    "incomeTaxExpense": 510000000,
    "netIncome": 906000000,
    "netIncomeRatio": 0.0714792899,
    "eps": 0.87,
    "epsdiluted": 0.87,
    "weightedAverageShsOut": 1037000000,
    "weightedAverageShsOutDil": 1044000000,
    "link": "https://www.sec.gov/Archives/edgar/data/1090727/000119312508109787/0001193125-08-109787-index.htm",
    "finalLink": "https://www.sec.gov/Archives/edgar/data/1090727/000119312508109787/d10q.htm"
  },
  {
    "date": "2007-12-31",
    "symbol": "UPS",
    "reportedCurrency": "USD",
    "cik": "0001090727",
    "fillingDate": "2008-02-29",
    "acceptedDate": "2008-02-29 17:12:05",
    "calendarYear": "2007",
    "period": "Q4",
    "revenue": 13392000000,
    "costOfRevenue": 2918000000,
    "grossProfit": 10474000000,
    "grossProfitRatio": 0.7821087216,
    "researchAndDevelopmentExpenses": 0,
    "generalAndAdministrativeExpenses": 14284000000,
    "sellingAndMarketingExpenses": 0,
    "sellingGeneralAndAdministrativeExpenses": 14284000000,
    "otherExpenses": 443000000,
    "operatingExpenses": 7612000000,
    "costAndExpenses": 10530000000,
    "interestIncome": 0,
    "interestExpense": 0,
    "depreciationAndAmortization": 443000000,
    "ebitda": 3404000000,
    "ebitdaratio": 0.254181601,
    "operatingIncome": -4253000000,
    "operatingIncomeRatio": -0.3175776583,
    "totalOtherIncomeExpensesNet": -40000000,
    "incomeBeforeTax": -4293000000,
    "incomeBeforeTaxRatio": -0.3205645161,
    "incomeTaxExpense": -1652000000,
    "netIncome": -2641000000,
    "netIncomeRatio": -0.1972072879,
    "eps": -2.54,
    "epsdiluted": -2.54,
    "weightedAverageShsOut": 1041379310,
    "weightedAverageShsOutDil": 1041379310,
    "link": "https://www.sec.gov/Archives/edgar/data/1090727/000119312508043891/0001193125-08-043891-index.htm",
    "finalLink": "https://www.sec.gov/Archives/edgar/data/1090727/000119312508043891/d10k.htm"
  },
  {
    "date": "2007-09-30",
    "symbol": "UPS",
    "reportedCurrency": "USD",
    "cik": "0001090727",
    "fillingDate": "2007-11-09",
    "acceptedDate": "2007-11-09 12:08:48",
    "calendarYear": "2007",
    "period": "Q3",
    "revenue": 12205000000,
    "costOfRevenue": 2480000000,
    "grossProfit": 9725000000,
    "grossProfitRatio": 0.7968045883,
    "researchAndDevelopmentExpenses": 0,
    "generalAndAdministrativeExpenses": 7582000000,
    "sellingAndMarketingExpenses": 0,
    "sellingGeneralAndAdministrativeExpenses": 7582000000,
    "otherExpenses": 435000000,
    "operatingExpenses": 10497000000,
    "costAndExpenses": 12977000000,
    "interestIncome": 0,
    "interestExpense": 53000000,
    "depreciationAndAmortization": 435000000,
    "ebitda": 2157000000,
    "ebitdaratio": 0.176730848,
    "operatingIncome": 1708000000,
    "operatingIncomeRatio": 0.1399426465,
    "totalOtherIncomeExpensesNet": -39000000,
    "incomeBeforeTax": 1669000000,
    "incomeBeforeTaxRatio": 0.1367472347,
    "incomeTaxExpense": 593000000,
    "netIncome": 1076000000,
    "netIncomeRatio": 0.0881605899,
    "eps": 1.02,
    "epsdiluted": 1.02,
    "weightedAverageShsOut": 1051000000,
    "weightedAverageShsOutDil": 1058000000,
    "link": "https://www.sec.gov/Archives/edgar/data/1090727/000119312507241822/0001193125-07-241822-index.htm",
    "finalLink": "https://www.sec.gov/Archives/edgar/data/1090727/000119312507241822/d10q.htm"
  },
  {
    "date": "2007-06-30",
    "symbol": "UPS",
    "reportedCurrency": "USD",
    "cik": "0001090727",
    "fillingDate": "2007-08-08",
    "acceptedDate": "2007-08-08 16:53:19",
    "calendarYear": "2007",
    "period": "Q2",
    "revenue": 12189000000,
    "costOfRevenue": 2383000000,
    "grossProfit": 9806000000,
    "grossProfitRatio": 0.8044958569,
    "researchAndDevelopmentExpenses": 0,
    "generalAndAdministrativeExpenses": 7610000000,
    "sellingAndMarketingExpenses": 0,
    "sellingGeneralAndAdministrativeExpenses": 7610000000,
    "otherExpenses": 431000000,
    "operatingExpenses": 10424000000,
    "costAndExpenses": 12807000000,
    "interestIncome": 0,
    "interestExpense": 61000000,
    "depreciationAndAmortization": 431000000,
    "ebitda": 2224000000,
    "ebitdaratio": 0.1824595947,
    "operatingIncome": 1765000000,
    "operatingIncomeRatio": 0.144802691,
    "totalOtherIncomeExpensesNet": -33000000,
    "incomeBeforeTax": 1732000000,
    "incomeBeforeTaxRatio": 0.1420953319,
    "incomeTaxExpense": 628000000,
    "netIncome": 1104000000,
    "netIncomeRatio": 0.0905734679,
    "eps": 1.04,
    "epsdiluted": 1.04,
    "weightedAverageShsOut": 1058000000,
    "weightedAverageShsOutDil": 1066000000,
    "link": "https://www.sec.gov/Archives/edgar/data/1090727/000119312507175710/0001193125-07-175710-index.htm",
    "finalLink": "https://www.sec.gov/Archives/edgar/data/1090727/000119312507175710/d10q.htm"
  },
  {
    "date": "2007-03-31",
    "symbol": "UPS",
    "reportedCurrency": "USD",
    "cik": "0001090727",
    "fillingDate": "2007-05-10",
    "acceptedDate": "2007-05-10 14:09:25",
    "calendarYear": "2007",
    "period": "Q1",
    "revenue": 11906000000,
    "costOfRevenue": 2252000000,
    "grossProfit": 9654000000,
    "grossProfitRatio": 0.8108516714,
    "researchAndDevelopmentExpenses": 0,
    "generalAndAdministrativeExpenses": 7860000000,
    "sellingAndMarketingExpenses": 0,
    "sellingGeneralAndAdministrativeExpenses": 7860000000,
    "otherExpenses": 742000000,
    "operatingExpenses": 10548000000,
    "costAndExpenses": 12800000000,
    "interestIncome": 0,
    "interestExpense": 0,
    "depreciationAndAmortization": 436000000,
    "ebitda": 1794000000,
    "ebitdaratio": 0.1506803292,
    "operatingIncome": 1358000000,
    "operatingIncomeRatio": 0.1140601377,
    "totalOtherIncomeExpensesNet": -35000000,
    "incomeBeforeTax": 1323000000,
    "incomeBeforeTaxRatio": 0.1111204435,
    "incomeTaxExpense": 480000000,
    "netIncome": 843000000,
    "netIncomeRatio": 0.0708046363,
    "eps": 0.79,
    "epsdiluted": 0.78,
    "weightedAverageShsOut": 1067088608,
    "weightedAverageShsOutDil": 1080769231,
    "link": "https://www.sec.gov/Archives/edgar/data/1090727/000119312507109927/0001193125-07-109927-index.htm",
    "finalLink": "https://www.sec.gov/Archives/edgar/data/1090727/000119312507109927/d10q.htm"
  },
  {
    "date": "2006-12-31",
    "symbol": "UPS",
    "reportedCurrency": "USD",
    "cik": "0001090727",
    "fillingDate": "2007-03-01",
    "acceptedDate": "2007-03-01 13:50:04",
    "calendarYear": "2006",
    "period": "Q4",
    "revenue": 12628000000,
    "costOfRevenue": 8138000000,
    "grossProfit": 4490000000,
    "grossProfitRatio": 0.3555590751,
    "researchAndDevelopmentExpenses": 0,
    "generalAndAdministrativeExpenses": 2249000000,
    "sellingAndMarketingExpenses": 0,
    "sellingGeneralAndAdministrativeExpenses": 2249000000,
    "otherExpenses": 432000000,
    "operatingExpenses": 10819000000,
    "costAndExpenses": 18957000000,
    "interestIncome": 0,
    "interestExpense": 0,
    "depreciationAndAmortization": 432000000,
    "ebitda": 242000000,
    "ebitdaratio": 0.0191637631,
    "operatingIncome": 1809000000,
    "operatingIncomeRatio": 0.1432530884,
    "totalOtherIncomeExpensesNet": -40000000,
    "incomeBeforeTax": 1769000000,
    "incomeBeforeTaxRatio": 0.1400855242,
    "incomeTaxExpense": 641000000,
    "netIncome": 1128000000,
    "netIncomeRatio": 0.0893253088,
    "eps": 1.06,
    "epsdiluted": 1.04,
    "weightedAverageShsOut": 1067088608,
    "weightedAverageShsOutDil": 1080769231,
    "link": "https://www.sec.gov/Archives/edgar/data/1090727/000119312507044043/0001193125-07-044043-index.htm",
    "finalLink": "https://www.sec.gov/Archives/edgar/data/1090727/000119312507044043/d10k.htm"
  },
  {
    "date": "2006-09-30",
    "symbol": "UPS",
    "reportedCurrency": "USD",
    "cik": "0001090727",
    "fillingDate": "2006-11-06",
    "acceptedDate": "2006-11-06 16:43:30",
    "calendarYear": "2006",
    "period": "Q3",
    "revenue": 11662000000,
    "costOfRevenue": 2256000000,
    "grossProfit": 9406000000,
    "grossProfitRatio": 0.8065511919,
    "researchAndDevelopmentExpenses": 0,
    "generalAndAdministrativeExpenses": 7389000000,
    "sellingAndMarketingExpenses": 0,
    "sellingGeneralAndAdministrativeExpenses": 7389000000,
    "otherExpenses": 441000000,
    "operatingExpenses": 10086000000,
    "costAndExpenses": 12342000000,
    "interestIncome": 0,
    "interestExpense": 0,
    "depreciationAndAmortization": 441000000,
    "ebitda": 1576000000,
    "ebitdaratio": 0.1351397702,
    "operatingIncome": 1576000000,
    "operatingIncomeRatio": 0.1351397702,
    "totalOtherIncomeExpensesNet": -29000000,
    "incomeBeforeTax": 1547000000,
    "incomeBeforeTaxRatio": 0.1326530612,
    "incomeTaxExpense": 509000000,
    "netIncome": 1038000000,
    "netIncomeRatio": 0.0890070314,
    "eps": 0.96,
    "epsdiluted": 0.96,
    "weightedAverageShsOut": 1081250000,
    "weightedAverageShsOutDil": 1081250000,
    "link": "https://www.sec.gov/Archives/edgar/data/1090727/000119312506225211/0001193125-06-225211-index.htm",
    "finalLink": "https://www.sec.gov/Archives/edgar/data/1090727/000119312506225211/d10q.htm"
  },
  {
    "date": "2006-06-30",
    "symbol": "UPS",
    "reportedCurrency": "USD",
    "cik": "0001090727",
    "fillingDate": "2006-08-04",
    "acceptedDate": "2006-08-04 16:34:20",
    "calendarYear": "2006",
    "period": "Q2",
    "revenue": 11736000000,
    "costOfRevenue": 2248000000,
    "grossProfit": 9488000000,
    "grossProfitRatio": 0.8084526244,
    "researchAndDevelopmentExpenses": 0,
    "generalAndAdministrativeExpenses": 7357000000,
    "sellingAndMarketingExpenses": 0,
    "sellingGeneralAndAdministrativeExpenses": 7357000000,
    "otherExpenses": 436000000,
    "operatingExpenses": 10041000000,
    "costAndExpenses": 12289000000,
    "interestIncome": 0,
    "interestExpense": 0,
    "depreciationAndAmortization": 436000000,
    "ebitda": 1695000000,
    "ebitdaratio": 0.1444274029,
    "operatingIncome": 1695000000,
    "operatingIncomeRatio": 0.1444274029,
    "totalOtherIncomeExpensesNet": -31000000,
    "incomeBeforeTax": 1664000000,
    "incomeBeforeTaxRatio": 0.1417859577,
    "incomeTaxExpense": 603000000,
    "netIncome": 1061000000,
    "netIncomeRatio": 0.0904055896,
    "eps": 0.98,
    "epsdiluted": 0.97,
    "weightedAverageShsOut": 1082653061,
    "weightedAverageShsOutDil": 1093814433,
    "link": "https://www.sec.gov/Archives/edgar/data/1090727/000119312506162446/0001193125-06-162446-index.htm",
    "finalLink": "https://www.sec.gov/Archives/edgar/data/1090727/000119312506162446/d10q.htm"
  },
  {
    "date": "2006-03-31",
    "symbol": "UPS",
    "reportedCurrency": "USD",
    "cik": "0001090727",
    "fillingDate": "2006-05-10",
    "acceptedDate": "2006-05-10 15:18:35",
    "calendarYear": "2006",
    "period": "Q1",
    "revenue": 11521000000,
    "costOfRevenue": 0,
    "grossProfit": 11521000000,
    "grossProfitRatio": 1,
    "researchAndDevelopmentExpenses": 0,
    "generalAndAdministrativeExpenses": 9966000000,
    "sellingAndMarketingExpenses": 0,
    "sellingGeneralAndAdministrativeExpenses": 9966000000,
    "otherExpenses": 0,
    "operatingExpenses": 9966000000,
    "costAndExpenses": 9966000000,
    "interestIncome": 0,
    "interestExpense": 0,
    "depreciationAndAmortization": 439000000,
    "ebitda": 1555000000,
    "ebitdaratio": 0.1349709227,
    "operatingIncome": 1555000000,
    "operatingIncomeRatio": 0.1349709227,
    "totalOtherIncomeExpensesNet": -25000000,
    "incomeBeforeTax": 1530000000,
    "incomeBeforeTaxRatio": 0.1328009721,
    "incomeTaxExpense": 555000000,
    "netIncome": 975000000,
    "netIncomeRatio": 0.0846280705,
    "eps": 0.89,
    "epsdiluted": 0.89,
    "weightedAverageShsOut": 1095505618,
    "weightedAverageShsOutDil": 1095505618,
    "link": "https://www.sec.gov/Archives/edgar/data/1090727/000119312506107455/0001193125-06-107455-index.htm",
    "finalLink": "https://www.sec.gov/Archives/edgar/data/1090727/000119312506107455/d10q.htm"
  },
  {
    "date": "2005-12-31",
    "symbol": "UPS",
    "reportedCurrency": "USD",
    "cik": "0001090727",
    "fillingDate": "2006-03-14",
    "acceptedDate": "2006-03-14 16:07:49",
    "calendarYear": "2005",
    "period": "Q4",
    "revenue": 11954000000,
    "costOfRevenue": 5200000000,
    "grossProfit": 6754000000,
    "grossProfitRatio": 0.5649991635,
    "researchAndDevelopmentExpenses": 0,
    "generalAndAdministrativeExpenses": 4612000000,
    "sellingAndMarketingExpenses": 0,
    "sellingGeneralAndAdministrativeExpenses": 4612000000,
    "otherExpenses": 431000000,
    "operatingExpenses": 10243000000,
    "costAndExpenses": 15443000000,
    "interestIncome": 0,
    "interestExpense": 0,
    "depreciationAndAmortization": 431000000,
    "ebitda": 282000000,
    "ebitdaratio": 0.02359043,
    "operatingIncome": 1711000000,
    "operatingIncomeRatio": 0.143132006,
    "totalOtherIncomeExpensesNet": -44000000,
    "incomeBeforeTax": 1667000000,
    "incomeBeforeTaxRatio": 0.1394512297,
    "incomeTaxExpense": 618000000,
    "netIncome": 1049000000,
    "netIncomeRatio": 0.0877530534,
    "eps": 0.96,
    "epsdiluted": 0.96,
    "weightedAverageShsOut": 1095505618,
    "weightedAverageShsOutDil": 1095505618,
    "link": "https://www.sec.gov/Archives/edgar/data/1090727/000119312506053695/0001193125-06-053695-index.htm",
    "finalLink": "https://www.sec.gov/Archives/edgar/data/1090727/000119312506053695/d10k.htm"
  },
  {
    "date": "2005-09-30",
    "symbol": "UPS",
    "reportedCurrency": "USD",
    "cik": "0001090727",
    "fillingDate": "2005-11-09",
    "acceptedDate": "2005-11-09 14:36:03",
    "calendarYear": "2005",
    "period": "Q3",
    "revenue": 10550000000,
    "costOfRevenue": 2528000000,
    "grossProfit": 8022000000,
    "grossProfitRatio": 0.7603791469,
    "researchAndDevelopmentExpenses": 0,
    "generalAndAdministrativeExpenses": 6112000000,
    "sellingAndMarketingExpenses": 0,
    "sellingGeneralAndAdministrativeExpenses": 6112000000,
    "otherExpenses": 412000000,
    "operatingExpenses": 9052000000,
    "costAndExpenses": 11580000000,
    "interestIncome": 0,
    "interestExpense": 0,
    "depreciationAndAmortization": 412000000,
    "ebitda": 1498000000,
    "ebitdaratio": 0.1419905213,
    "operatingIncome": 1498000000,
    "operatingIncomeRatio": 0.1419905213,
    "totalOtherIncomeExpensesNet": -9000000,
    "incomeBeforeTax": 1489000000,
    "incomeBeforeTaxRatio": 0.1411374408,
    "incomeTaxExpense": 536000000,
    "netIncome": 953000000,
    "netIncomeRatio": 0.0903317536,
    "eps": 0.86,
    "epsdiluted": 0.86,
    "weightedAverageShsOut": 1108139535,
    "weightedAverageShsOutDil": 1108139535,
    "link": "https://www.sec.gov/Archives/edgar/data/1090727/000119312505221335/0001193125-05-221335-index.htm",
    "finalLink": "https://www.sec.gov/Archives/edgar/data/1090727/000119312505221335/d10q.htm"
  },
  {
    "date": "2005-06-30",
    "symbol": "UPS",
    "reportedCurrency": "USD",
    "cik": "0001090727",
    "fillingDate": "2005-08-09",
    "acceptedDate": "2005-08-09 14:13:06",
    "calendarYear": "2005",
    "period": "Q2",
    "revenue": 10191000000,
    "costOfRevenue": 3226000000,
    "grossProfit": 6965000000,
    "grossProfitRatio": 0.683446178,
    "researchAndDevelopmentExpenses": 0,
    "generalAndAdministrativeExpenses": 5416000000,
    "sellingAndMarketingExpenses": 0,
    "sellingGeneralAndAdministrativeExpenses": 5416000000,
    "otherExpenses": 0,
    "operatingExpenses": 8642000000,
    "costAndExpenses": 11868000000,
    "interestIncome": 0,
    "interestExpense": 0,
    "depreciationAndAmortization": 403000000,
    "ebitda": 1952000000,
    "ebitdaratio": 0.1915415563,
    "operatingIncome": 1549000000,
    "operatingIncomeRatio": 0.15199686,
    "totalOtherIncomeExpensesNet": -8000000,
    "incomeBeforeTax": 1541000000,
    "incomeBeforeTaxRatio": 0.1512118536,
    "incomeTaxExpense": 555000000,
    "netIncome": 986000000,
    "netIncomeRatio": 0.0967520361,
    "eps": 0.88,
    "epsdiluted": 0.88,
    "weightedAverageShsOut": 1120454545,
    "weightedAverageShsOutDil": 1120454545,
    "link": "https://www.sec.gov/Archives/edgar/data/1090727/000119312505162327/0001193125-05-162327-index.htm",
    "finalLink": "https://www.sec.gov/Archives/edgar/data/1090727/000119312505162327/d10q.htm"
  },
  {
    "date": "2005-03-31",
    "symbol": "UPS",
    "reportedCurrency": "USD",
    "cik": "0001090727",
    "fillingDate": "2005-05-10",
    "acceptedDate": "2005-05-10 16:10:28",
    "calendarYear": "2005",
    "period": "Q1",
    "revenue": 9886000000,
    "costOfRevenue": 3081000000,
    "grossProfit": 6805000000,
    "grossProfitRatio": 0.6883471576,
    "researchAndDevelopmentExpenses": 0,
    "generalAndAdministrativeExpenses": 5420000000,
    "sellingAndMarketingExpenses": 0,
    "sellingGeneralAndAdministrativeExpenses": 5420000000,
    "otherExpenses": 0,
    "operatingExpenses": 8501000000,
    "costAndExpenses": 11582000000,
    "interestIncome": 0,
    "interestExpense": 0,
    "depreciationAndAmortization": 398000000,
    "ebitda": 1783000000,
    "ebitdaratio": 0.1803560591,
    "operatingIncome": 1385000000,
    "operatingIncomeRatio": 0.140097107,
    "totalOtherIncomeExpensesNet": -7000000,
    "incomeBeforeTax": 1378000000,
    "incomeBeforeTaxRatio": 0.139389035,
    "incomeTaxExpense": 496000000,
    "netIncome": 882000000,
    "netIncomeRatio": 0.0892170747,
    "eps": 0.78,
    "epsdiluted": 0.78,
    "weightedAverageShsOut": 1130769231,
    "weightedAverageShsOutDil": 1130769231,
    "link": "https://www.sec.gov/Archives/edgar/data/1090727/000119312505102758/0001193125-05-102758-index.htm",
    "finalLink": "https://www.sec.gov/Archives/edgar/data/1090727/000119312505102758/d10q.htm"
  },
  {
    "date": "2004-12-31",
    "symbol": "UPS",
    "reportedCurrency": "USD",
    "cik": "0001090727",
    "fillingDate": "2005-03-14",
    "acceptedDate": "2005-03-14 17:22:16",
    "calendarYear": "2004",
    "period": "Q4",
    "revenue": 9840000000,
    "costOfRevenue": 4260000000,
    "grossProfit": 5580000000,
    "grossProfitRatio": 0.5670731707,
    "researchAndDevelopmentExpenses": 0,
    "generalAndAdministrativeExpenses": 5530000000,
    "sellingAndMarketingExpenses": 0,
    "sellingGeneralAndAdministrativeExpenses": 5530000000,
    "otherExpenses": -1154000000,
    "operatingExpenses": 8636000000,
    "costAndExpenses": 12896000000,
    "interestIncome": 0,
    "interestExpense": 0,
    "depreciationAndAmortization": 389000000,
    "ebitda": -111000000,
    "ebitdaratio": -0.0112804878,
    "operatingIncome": 1204000000,
    "operatingIncomeRatio": 0.1223577236,
    "totalOtherIncomeExpensesNet": -12000000,
    "incomeBeforeTax": 1192000000,
    "incomeBeforeTaxRatio": 0.1211382114,
    "incomeTaxExpense": 326000000,
    "netIncome": 866000000,
    "netIncomeRatio": 0.0880081301,
    "eps": 0.77,
    "epsdiluted": 0.77,
    "weightedAverageShsOut": 1130769231,
    "weightedAverageShsOutDil": 1130769231,
    "link": "https://www.sec.gov/Archives/edgar/data/1090727/000119312505049642/0001193125-05-049642-index.htm",
    "finalLink": "https://www.sec.gov/Archives/edgar/data/1090727/000119312505049642/d10k.htm"
  },
  {
    "date": "2004-09-30",
    "symbol": "UPS",
    "reportedCurrency": "USD",
    "cik": "0001090727",
    "fillingDate": "2004-11-05",
    "acceptedDate": "2004-11-05 16:47:57",
    "calendarYear": "2004",
    "period": "Q3",
    "revenue": 8952000000,
    "costOfRevenue": 2172000000,
    "grossProfit": 6780000000,
    "grossProfitRatio": 0.7573726542,
    "researchAndDevelopmentExpenses": 0,
    "generalAndAdministrativeExpenses": 5139000000,
    "sellingAndMarketingExpenses": 0,
    "sellingGeneralAndAdministrativeExpenses": 5139000000,
    "otherExpenses": -2584000000,
    "operatingExpenses": 7694000000,
    "costAndExpenses": 9866000000,
    "interestIncome": 0,
    "interestExpense": 0,
    "depreciationAndAmortization": 383000000,
    "ebitda": 1258000000,
    "ebitdaratio": 0.1405272565,
    "operatingIncome": 1258000000,
    "operatingIncomeRatio": 0.1405272565,
    "totalOtherIncomeExpensesNet": -12000000,
    "incomeBeforeTax": 1246000000,
    "incomeBeforeTaxRatio": 0.1391867739,
    "incomeTaxExpense": 356000000,
    "netIncome": 890000000,
    "netIncomeRatio": 0.0994191242,
    "eps": 0.79,
    "epsdiluted": 0.78,
    "weightedAverageShsOut": 1126582278,
    "weightedAverageShsOutDil": 1141025641,
    "link": "https://www.sec.gov/Archives/edgar/data/1090727/000110465904033946/0001104659-04-033946-index.htm",
    "finalLink": "https://www.sec.gov/Archives/edgar/data/1090727/000110465904033946/a04-12163_110q.htm"
  },
  {
    "date": "2004-06-30",
    "symbol": "UPS",
    "reportedCurrency": "USD",
    "cik": "0001090727",
    "fillingDate": "2004-08-05",
    "acceptedDate": "2004-08-05 16:06:53",
    "calendarYear": "2004",
    "period": "Q2",
    "revenue": 8871000000,
    "costOfRevenue": 2482000000,
    "grossProfit": 6389000000,
    "grossProfitRatio": 0.7202119265,
    "researchAndDevelopmentExpenses": 0,
    "generalAndAdministrativeExpenses": 5079000000,
    "sellingAndMarketingExpenses": 0,
    "sellingGeneralAndAdministrativeExpenses": 5079000000,
    "otherExpenses": 0,
    "operatingExpenses": 7561000000,
    "costAndExpenses": 10043000000,
    "interestIncome": 0,
    "interestExpense": 0,
    "depreciationAndAmortization": 385000000,
    "ebitda": -787000000,
    "ebitdaratio": -0.088716041,
    "operatingIncome": 1310000000,
    "operatingIncomeRatio": 0.1476721903,
    "totalOtherIncomeExpensesNet": -21000000,
    "incomeBeforeTax": 1289000000,
    "incomeBeforeTaxRatio": 0.1453049262,
    "incomeTaxExpense": 471000000,
    "netIncome": 818000000,
    "netIncomeRatio": 0.0922105738,
    "eps": 0.73,
    "epsdiluted": 0.72,
    "weightedAverageShsOut": 1120547945,
    "weightedAverageShsOutDil": 1136111111,
    "link": "https://www.sec.gov/Archives/edgar/data/1090727/000110465904022675/0001104659-04-022675-index.htm",
    "finalLink": "https://www.sec.gov/Archives/edgar/data/1090727/000110465904022675/a04-8421_110q.htm"
  },
  {
    "date": "2004-03-31",
    "symbol": "UPS",
    "reportedCurrency": "USD",
    "cik": "0001090727",
    "fillingDate": "2004-05-10",
    "acceptedDate": "2004-05-10 15:45:50",
    "calendarYear": "2004",
    "period": "Q1",
    "revenue": 8919000000,
    "costOfRevenue": 2534000000,
    "grossProfit": 6385000000,
    "grossProfitRatio": 0.7158874313,
    "researchAndDevelopmentExpenses": 0,
    "generalAndAdministrativeExpenses": 5168000000,
    "sellingAndMarketingExpenses": 0,
    "sellingGeneralAndAdministrativeExpenses": 5168000000,
    "otherExpenses": 0,
    "operatingExpenses": 7702000000,
    "costAndExpenses": 10236000000,
    "interestIncome": 0,
    "interestExpense": 0,
    "depreciationAndAmortization": 386000000,
    "ebitda": -931000000,
    "ebitdaratio": -0.1043838995,
    "operatingIncome": 1217000000,
    "operatingIncomeRatio": 0.1364502747,
    "totalOtherIncomeExpensesNet": -22000000,
    "incomeBeforeTax": 1195000000,
    "incomeBeforeTaxRatio": 0.1339836305,
    "incomeTaxExpense": 436000000,
    "netIncome": 759000000,
    "netIncomeRatio": 0.0850992264,
    "eps": 0.67,
    "epsdiluted": 0.67,
    "weightedAverageShsOut": 1132835821,
    "weightedAverageShsOutDil": 1132835821,
    "link": "https://www.sec.gov/Archives/edgar/data/1090727/000110465904013540/0001104659-04-013540-index.htm",
    "finalLink": "https://www.sec.gov/Archives/edgar/data/1090727/000110465904013540/a04-5241_110q.htm"
  },
  {
    "date": "2003-12-31",
    "symbol": "UPS",
    "reportedCurrency": "USD",
    "cik": "0001090727",
    "fillingDate": "2004-03-05",
    "acceptedDate": "2004-03-05 17:14:17",
    "calendarYear": "2003",
    "period": "Q4",
    "revenue": 8932000000,
    "costOfRevenue": 2227000000,
    "grossProfit": 6705000000,
    "grossProfitRatio": 0.7506717421,
    "researchAndDevelopmentExpenses": 0,
    "generalAndAdministrativeExpenses": 5036000000,
    "sellingAndMarketingExpenses": 0,
    "sellingGeneralAndAdministrativeExpenses": 5036000000,
    "otherExpenses": 2614000000,
    "operatingExpenses": 7650000000,
    "costAndExpenses": 9877000000,
    "interestIncome": 0,
    "interestExpense": 0,
    "depreciationAndAmortization": 387000000,
    "ebitda": 14000000,
    "ebitdaratio": 0.0015673981,
    "operatingIncome": 1273000000,
    "operatingIncomeRatio": 0.1425212718,
    "totalOtherIncomeExpensesNet": 24000000,
    "incomeBeforeTax": 1297000000,
    "incomeBeforeTaxRatio": 0.14520824,
    "incomeTaxExpense": 441000000,
    "netIncome": 856000000,
    "netIncomeRatio": 0.0958351993,
    "eps": 0.76,
    "epsdiluted": 0.76,
    "weightedAverageShsOut": 1125975450,
    "weightedAverageShsOutDil": 1132835821,
    "link": "https://www.sec.gov/Archives/edgar/data/1090727/000095014404002063/0000950144-04-002063-index.htm",
    "finalLink": "https://www.sec.gov/Archives/edgar/data/1090727/000095014404002063/g86647e10vk.htm"
  },
  {
    "date": "2003-09-30",
    "symbol": "UPS",
    "reportedCurrency": "USD",
    "cik": "0001090727",
    "fillingDate": "2003-11-14",
    "acceptedDate": "2003-11-14 11:59:42",
    "calendarYear": "2003",
    "period": "Q3",
    "revenue": 8312000000,
    "costOfRevenue": 1951000000,
    "grossProfit": 6361000000,
    "grossProfitRatio": 0.7652791145,
    "researchAndDevelopmentExpenses": 0,
    "generalAndAdministrativeExpenses": 4830000000,
    "sellingAndMarketingExpenses": 0,
    "sellingGeneralAndAdministrativeExpenses": 4830000000,
    "otherExpenses": 2335000000,
    "operatingExpenses": 7165000000,
    "costAndExpenses": 9116000000,
    "interestIncome": 0,
    "interestExpense": 0,
    "depreciationAndAmortization": 384000000,
    "ebitda": 1147000000,
    "ebitdaratio": 0.1379932628,
    "operatingIncome": 1147000000,
    "operatingIncomeRatio": 0.1379932628,
    "totalOtherIncomeExpensesNet": -8000000,
    "incomeBeforeTax": 1139000000,
    "incomeBeforeTaxRatio": 0.1370307988,
    "incomeTaxExpense": 400000000,
    "netIncome": 739000000,
    "netIncomeRatio": 0.0889076035,
    "eps": 0.66,
    "epsdiluted": 0.65,
    "weightedAverageShsOut": 1119696970,
    "weightedAverageShsOutDil": 1136923077,
    "link": "https://www.sec.gov/Archives/edgar/data/1090727/000110465903026495/0001104659-03-026495-index.htm",
    "finalLink": "https://www.sec.gov/Archives/edgar/data/1090727/000110465903026495/a03-5001_110q.htm"
  },
  {
    "date": "2003-06-30",
    "symbol": "UPS",
    "reportedCurrency": "USD",
    "cik": "0001090727",
    "fillingDate": "2003-08-14",
    "acceptedDate": "2003-08-14 13:23:46",
    "calendarYear": "2003",
    "period": "Q2",
    "revenue": 8226000000,
    "costOfRevenue": 2001000000,
    "grossProfit": 6225000000,
    "grossProfitRatio": 0.7567469001,
    "researchAndDevelopmentExpenses": 0,
    "generalAndAdministrativeExpenses": 4754000000,
    "sellingAndMarketingExpenses": 0,
    "sellingGeneralAndAdministrativeExpenses": 4754000000,
    "otherExpenses": 2392000000,
    "operatingExpenses": 7146000000,
    "costAndExpenses": 9147000000,
    "interestIncome": 0,
    "interestExpense": 0,
    "depreciationAndAmortization": 391000000,
    "ebitda": 1080000000,
    "ebitdaratio": 0.1312910284,
    "operatingIncome": 1080000000,
    "operatingIncomeRatio": 0.1312910284,
    "totalOtherIncomeExpensesNet": -28000000,
    "incomeBeforeTax": 1052000000,
    "incomeBeforeTaxRatio": 0.127887187,
    "incomeTaxExpense": 360000000,
    "netIncome": 692000000,
    "netIncomeRatio": 0.0841235108,
    "eps": 0.61,
    "epsdiluted": 0.61,
    "weightedAverageShsOut": 1134426230,
    "weightedAverageShsOutDil": 1134426230,
    "link": "https://www.sec.gov/Archives/edgar/data/1090727/000110465903018561/0001104659-03-018561-index.htm",
    "finalLink": "https://www.sec.gov/Archives/edgar/data/1090727/000110465903018561/a03-1803_110q.htm"
  },
  {
    "date": "2003-03-31",
    "symbol": "UPS",
    "reportedCurrency": "USD",
    "cik": "0001090727",
    "fillingDate": "2003-05-15",
    "acceptedDate": "2003-05-15 14:50:54",
    "calendarYear": "2003",
    "period": "Q1",
    "revenue": 8015000000,
    "costOfRevenue": 1975000000,
    "grossProfit": 6040000000,
    "grossProfitRatio": 0.7535870243,
    "researchAndDevelopmentExpenses": 0,
    "generalAndAdministrativeExpenses": 4708000000,
    "sellingAndMarketingExpenses": 0,
    "sellingGeneralAndAdministrativeExpenses": 4708000000,
    "otherExpenses": 2362000000,
    "operatingExpenses": 7070000000,
    "costAndExpenses": 9045000000,
    "interestIncome": 0,
    "interestExpense": 0,
    "depreciationAndAmortization": 387000000,
    "ebitda": 945000000,
    "ebitdaratio": 0.1179039301,
    "operatingIncome": 945000000,
    "operatingIncomeRatio": 0.1179039301,
    "totalOtherIncomeExpensesNet": -63000000,
    "incomeBeforeTax": 882000000,
    "incomeBeforeTaxRatio": 0.1100436681,
    "incomeTaxExpense": 271000000,
    "netIncome": 611000000,
    "netIncomeRatio": 0.0762320649,
    "eps": 0.54,
    "epsdiluted": 0.54,
    "weightedAverageShsOut": 1131481481,
    "weightedAverageShsOutDil": 1131481481,
    "link": "https://www.sec.gov/Archives/edgar/data/1090727/000110465903010296/0001104659-03-010296-index.htm",
    "finalLink": "https://www.sec.gov/Archives/edgar/data/1090727/000110465903010296/j1062_10q.htm"
  },
  {
    "date": "2002-12-31",
    "symbol": "UPS",
    "reportedCurrency": "USD",
    "cik": "0001090727",
    "fillingDate": "2003-03-06",
    "acceptedDate": "2003-03-06 15:09:36",
    "calendarYear": "2002",
    "period": "Q4",
    "revenue": 8257000000,
    "costOfRevenue": 2168000000,
    "grossProfit": 6089000000,
    "grossProfitRatio": 0.7374349037,
    "researchAndDevelopmentExpenses": 0,
    "generalAndAdministrativeExpenses": 4540000000,
    "sellingAndMarketingExpenses": 0,
    "sellingGeneralAndAdministrativeExpenses": 4540000000,
    "otherExpenses": 3569000000,
    "operatingExpenses": 8109000000,
    "costAndExpenses": 10277000000,
    "interestIncome": 0,
    "interestExpense": 0,
    "depreciationAndAmortization": 378000000,
    "ebitda": 902000000,
    "ebitdaratio": 0.1092406443,
    "operatingIncome": 1171000000,
    "operatingIncomeRatio": 0.1418190626,
    "totalOtherIncomeExpensesNet": 990000000,
    "incomeBeforeTax": 2161000000,
    "incomeBeforeTaxRatio": 0.2617173307,
    "incomeTaxExpense": 659000000,
    "netIncome": 1430000000,
    "netIncomeRatio": 0.1731863873,
    "eps": 1.26,
    "epsdiluted": 1.26,
    "weightedAverageShsOut": 1127690141,
    "weightedAverageShsOutDil": 1131481481,
    "link": "https://www.sec.gov/Archives/edgar/data/1090727/000095014403002770/0000950144-03-002770-index.htm",
    "finalLink": "https://www.sec.gov/Archives/edgar/data/1090727/000095014403002770/g80387e10vk.htm"
  },
  {
    "date": "2002-09-30",
    "symbol": "UPS",
    "reportedCurrency": "USD",
    "cik": "0001090727",
    "fillingDate": "2002-11-14",
    "acceptedDate": "2002-11-14 12:05:17",
    "calendarYear": "2002",
    "period": "Q3",
    "revenue": 7754000000,
    "costOfRevenue": 1911000000,
    "grossProfit": 5843000000,
    "grossProfitRatio": 0.7535465566,
    "researchAndDevelopmentExpenses": 0,
    "generalAndAdministrativeExpenses": 4520000000,
    "sellingAndMarketingExpenses": 0,
    "sellingGeneralAndAdministrativeExpenses": 4520000000,
    "otherExpenses": 2284000000,
    "operatingExpenses": 6804000000,
    "costAndExpenses": 8715000000,
    "interestIncome": 0,
    "interestExpense": 0,
    "depreciationAndAmortization": 373000000,
    "ebitda": 950000000,
    "ebitdaratio": 0.1225174104,
    "operatingIncome": 950000000,
    "operatingIncomeRatio": 0.1225174104,
    "totalOtherIncomeExpensesNet": -10000000,
    "incomeBeforeTax": 940000000,
    "incomeBeforeTaxRatio": 0.1212277534,
    "incomeTaxExpense": 362000000,
    "netIncome": 578000000,
    "netIncomeRatio": 0.0745421718,
    "eps": 0.52,
    "epsdiluted": 0.51,
    "weightedAverageShsOut": 1118000000,
    "weightedAverageShsOutDil": 1134000000,
    "link": "https://www.sec.gov/Archives/edgar/data/1090727/000091205702042293/0000912057-02-042293-index.htm",
    "finalLink": "https://www.sec.gov/Archives/edgar/data/1090727/000091205702042293/a2093253z10-q.htm"
  },
  {
    "date": "2002-06-30",
    "symbol": "UPS",
    "reportedCurrency": "USD",
    "cik": "0001090727",
    "fillingDate": "2002-08-14",
    "acceptedDate": "2002-08-14 14:51:21",
    "calendarYear": "2002",
    "period": "Q2",
    "revenue": 7682000000,
    "costOfRevenue": 1857000000,
    "grossProfit": 5825000000,
    "grossProfitRatio": 0.7582660765,
    "researchAndDevelopmentExpenses": 0,
    "generalAndAdministrativeExpenses": 4435000000,
    "sellingAndMarketingExpenses": 0,
    "sellingGeneralAndAdministrativeExpenses": 4435000000,
    "otherExpenses": 2219000000,
    "operatingExpenses": 6654000000,
    "costAndExpenses": 8511000000,
    "interestIncome": 0,
    "interestExpense": 0,
    "depreciationAndAmortization": 362000000,
    "ebitda": 1028000000,
    "ebitdaratio": 0.1338193179,
    "operatingIncome": 1028000000,
    "operatingIncomeRatio": 0.1338193179,
    "totalOtherIncomeExpensesNet": -36000000,
    "incomeBeforeTax": 992000000,
    "incomeBeforeTaxRatio": 0.1291330383,
    "incomeTaxExpense": 381000000,
    "netIncome": 611000000,
    "netIncomeRatio": 0.079536579,
    "eps": 0.55,
    "epsdiluted": 0.54,
    "weightedAverageShsOut": 1110909091,
    "weightedAverageShsOutDil": 1131481481,
    "link": "https://www.sec.gov/Archives/edgar/data/1090727/000091205702032015/0000912057-02-032015-index.htm",
    "finalLink": "https://www.sec.gov/Archives/edgar/data/1090727/000091205702032015/a2086896z10-q.htm"
  },
  {
    "date": "2002-03-31",
    "symbol": "UPS",
    "reportedCurrency": "USD",
    "cik": "0001090727",
    "fillingDate": "2002-05-15",
    "acceptedDate": "2002-05-15 15:06:11",
    "calendarYear": "2002",
    "period": "Q1",
    "revenue": 7579000000,
    "costOfRevenue": 1832000000,
    "grossProfit": 5747000000,
    "grossProfitRatio": 0.7582794564,
    "researchAndDevelopmentExpenses": 0,
    "generalAndAdministrativeExpenses": 4449000000,
    "sellingAndMarketingExpenses": 0,
    "sellingGeneralAndAdministrativeExpenses": 4449000000,
    "otherExpenses": 2183000000,
    "operatingExpenses": 6632000000,
    "costAndExpenses": 8464000000,
    "interestIncome": 0,
    "interestExpense": 0,
    "depreciationAndAmortization": 351000000,
    "ebitda": 947000000,
    "ebitdaratio": 0.1249505212,
    "operatingIncome": 947000000,
    "operatingIncomeRatio": 0.1249505212,
    "totalOtherIncomeExpensesNet": -31000000,
    "incomeBeforeTax": 916000000,
    "incomeBeforeTaxRatio": 0.1208602718,
    "incomeTaxExpense": 353000000,
    "netIncome": 563000000,
    "netIncomeRatio": 0.0742842064,
    "eps": 0.44,
    "epsdiluted": 0.43,
    "weightedAverageShsOut": 1118000000,
    "weightedAverageShsOutDil": 1134000000,
    "link": "https://www.sec.gov/Archives/edgar/data/1090727/000091205702020712/0000912057-02-020712-index.htm",
    "finalLink": "https://www.sec.gov/Archives/edgar/data/1090727/000091205702020712/a2080029z10-q.htm"
  },
  {
    "date": "2001-12-31",
    "symbol": "UPS",
    "reportedCurrency": "USD",
    "cik": "0001090727",
    "fillingDate": "2002-03-29",
    "acceptedDate": "2002-03-29 00:00:00",
    "calendarYear": "2001",
    "period": "Q4",
    "revenue": 8089000000,
    "costOfRevenue": 2105000000,
    "grossProfit": 5984000000,
    "grossProfitRatio": 0.7397700581,
    "researchAndDevelopmentExpenses": 0,
    "generalAndAdministrativeExpenses": 4571000000,
    "sellingAndMarketingExpenses": 0,
    "sellingGeneralAndAdministrativeExpenses": 4571000000,
    "otherExpenses": 2484000000,
    "operatingExpenses": 7055000000,
    "costAndExpenses": 9160000000,
    "interestIncome": 0,
    "interestExpense": 0,
    "depreciationAndAmortization": 379000000,
    "ebitda": -156000000,
    "ebitdaratio": -0.0192854494,
    "operatingIncome": 1034000000,
    "operatingIncomeRatio": 0.1278279145,
    "totalOtherIncomeExpensesNet": -15000000,
    "incomeBeforeTax": 1019000000,
    "incomeBeforeTaxRatio": 0.1259735443,
    "incomeTaxExpense": 374000000,
    "netIncome": 645000000,
    "netIncomeRatio": 0.0797379157,
    "eps": 0.57,
    "epsdiluted": 0.57,
    "weightedAverageShsOut": 1124164319,
    "weightedAverageShsOutDil": 1126000000,
    "link": "https://www.sec.gov/Archives/edgar/data/1090727/000095014402003133/0000950144-02-003133-index.htm",
    "finalLink": "https://www.sec.gov/Archives/edgar/data/1090727/000095014402003133/g74662e10-k405.htm"
  },
  {
    "date": "2001-09-30",
    "symbol": "UPS",
    "reportedCurrency": "USD",
    "cik": "0001090727",
    "fillingDate": "2001-11-14",
    "acceptedDate": "2001-11-14 00:00:00",
    "calendarYear": "2001",
    "period": "Q3",
    "revenue": 7481000000,
    "costOfRevenue": 1871000000,
    "grossProfit": 5610000000,
    "grossProfitRatio": 0.749899746,
    "researchAndDevelopmentExpenses": 0,
    "generalAndAdministrativeExpenses": 4306000000,
    "sellingAndMarketingExpenses": 0,
    "sellingGeneralAndAdministrativeExpenses": 4306000000,
    "otherExpenses": 2232000000,
    "operatingExpenses": 6538000000,
    "costAndExpenses": 8409000000,
    "interestIncome": 0,
    "interestExpense": 0,
    "depreciationAndAmortization": 361000000,
    "ebitda": 1304000000,
    "ebitdaratio": 0.1743082476,
    "operatingIncome": 943000000,
    "operatingIncomeRatio": 0.1260526668,
    "totalOtherIncomeExpensesNet": -11000000,
    "incomeBeforeTax": 932000000,
    "incomeBeforeTaxRatio": 0.1245822751,
    "incomeTaxExpense": 364000000,
    "netIncome": 568000000,
    "netIncomeRatio": 0.0759256784,
    "eps": 0.5,
    "epsdiluted": 0.5,
    "weightedAverageShsOut": 1126000000,
    "weightedAverageShsOutDil": 1146000000,
    "link": "https://www.sec.gov/Archives/edgar/data/1090727/000109072701500013/0001090727-01-500013-index.htm",
    "finalLink": "https://www.sec.gov/Archives/edgar/data/1090727/000109072701500013/q32001.txt"
  },
  {
    "date": "2001-06-30",
    "symbol": "UPS",
    "reportedCurrency": "USD",
    "cik": "0001090727",
    "fillingDate": "2001-08-14",
    "acceptedDate": "2001-08-14 00:00:00",
    "calendarYear": "2001",
    "period": "Q2",
    "revenue": 7566000000,
    "costOfRevenue": 1918000000,
    "grossProfit": 5648000000,
    "grossProfitRatio": 0.7464974888,
    "researchAndDevelopmentExpenses": 0,
    "generalAndAdministrativeExpenses": 4269000000,
    "sellingAndMarketingExpenses": 0,
    "sellingGeneralAndAdministrativeExpenses": 4269000000,
    "otherExpenses": 2256000000,
    "operatingExpenses": 6525000000,
    "costAndExpenses": 8443000000,
    "interestIncome": 0,
    "interestExpense": 0,
    "depreciationAndAmortization": 338000000,
    "ebitda": 3222000000,
    "ebitdaratio": 0.425852498,
    "operatingIncome": 1041000000,
    "operatingIncomeRatio": 0.1375892149,
    "totalOtherIncomeExpensesNet": -8000000,
    "incomeBeforeTax": 1033000000,
    "incomeBeforeTaxRatio": 0.136531853,
    "incomeTaxExpense": 403000000,
    "netIncome": 630000000,
    "netIncomeRatio": 0.0832672482,
    "eps": 0.56,
    "epsdiluted": 0.55,
    "weightedAverageShsOut": 1127000000,
    "weightedAverageShsOutDil": 1145000000,
    "link": "https://www.sec.gov/Archives/edgar/data/1090727/000109072701500009/0001090727-01-500009-index.htm",
    "finalLink": "https://www.sec.gov/Archives/edgar/data/1090727/000109072701500009/q22001.txt"
  },
  {
    "date": "2001-03-31",
    "symbol": "UPS",
    "reportedCurrency": "USD",
    "cik": "0001090727",
    "fillingDate": "2001-05-15",
    "acceptedDate": "2001-05-15 00:00:00",
    "calendarYear": "2001",
    "period": "Q1",
    "revenue": 7510000000,
    "costOfRevenue": 1997000000,
    "grossProfit": 5513000000,
    "grossProfitRatio": 0.7340878828,
    "researchAndDevelopmentExpenses": 0,
    "generalAndAdministrativeExpenses": 4251000000,
    "sellingAndMarketingExpenses": 0,
    "sellingGeneralAndAdministrativeExpenses": 4251000000,
    "otherExpenses": 2315000000,
    "operatingExpenses": 6566000000,
    "costAndExpenses": 8563000000,
    "interestIncome": 0,
    "interestExpense": 0,
    "depreciationAndAmortization": 318000000,
    "ebitda": 1262000000,
    "ebitdaratio": 0.1680426099,
    "operatingIncome": 944000000,
    "operatingIncomeRatio": 0.1256990679,
    "totalOtherIncomeExpensesNet": 9000000,
    "incomeBeforeTax": 953000000,
    "incomeBeforeTaxRatio": 0.12689747,
    "incomeTaxExpense": 371000000,
    "netIncome": 556000000,
    "netIncomeRatio": 0.0740346205,
    "eps": 0.51,
    "epsdiluted": 0.48,
    "weightedAverageShsOut": 1129000000,
    "weightedAverageShsOutDil": 1148000000,
    "link": "https://www.sec.gov/Archives/edgar/data/1090727/000109072701500005/0001090727-01-500005-index.htm",
    "finalLink": "https://www.sec.gov/Archives/edgar/data/1090727/000109072701500005/q12001.txt"
  },
  {
    "date": "2000-12-31",
    "symbol": "UPS",
    "reportedCurrency": "USD",
    "cik": "0001090727",
    "fillingDate": "2001-04-02",
    "acceptedDate": "2001-04-02 00:00:00",
    "calendarYear": "2000",
    "period": "Q4",
    "revenue": 7900000000,
    "costOfRevenue": 2130000000,
    "grossProfit": 5770000000,
    "grossProfitRatio": 0.7303797468,
    "researchAndDevelopmentExpenses": 0,
    "generalAndAdministrativeExpenses": 4357000000,
    "sellingAndMarketingExpenses": 0,
    "sellingGeneralAndAdministrativeExpenses": 4357000000,
    "otherExpenses": 2439000000,
    "operatingExpenses": 6796000000,
    "costAndExpenses": 8926000000,
    "interestIncome": 0,
    "interestExpense": 0,
    "depreciationAndAmortization": 309000000,
    "ebitda": -717000000,
    "ebitdaratio": -0.0907594937,
    "operatingIncome": 1104000000,
    "operatingIncomeRatio": 0.1397468354,
    "totalOtherIncomeExpensesNet": 4558000000,
    "incomeBeforeTax": 1150000000,
    "incomeBeforeTaxRatio": 0.1455696203,
    "incomeTaxExpense": 426000000,
    "netIncome": 724000000,
    "netIncomeRatio": 0.0916455696,
    "eps": 0.64,
    "epsdiluted": 0.63,
    "weightedAverageShsOut": 1134693878,
    "weightedAverageShsOutDil": 1158333333,
    "link": "https://www.sec.gov/Archives/edgar/data/1090727/000095014401004629/0000950144-01-004629-index.htm",
    "finalLink": "https://www.sec.gov/Archives/edgar/data/1090727/000095014401004629/g68035e10-k.htm"
  },
  {
    "date": "2000-09-30",
    "symbol": "UPS",
    "reportedCurrency": "USD",
    "cik": "0001090727",
    "fillingDate": "2000-11-14",
    "acceptedDate": "2000-11-14 00:00:00",
    "calendarYear": "2000",
    "period": "Q3",
    "revenue": 7367000000,
    "costOfRevenue": 1840000000,
    "grossProfit": 5527000000,
    "grossProfitRatio": 0.7502375458,
    "researchAndDevelopmentExpenses": 0,
    "generalAndAdministrativeExpenses": 4072000000,
    "sellingAndMarketingExpenses": 0,
    "sellingGeneralAndAdministrativeExpenses": 4072000000,
    "otherExpenses": 2134000000,
    "operatingExpenses": 6206000000,
    "costAndExpenses": 8046000000,
    "interestIncome": 0,
    "interestExpense": 0,
    "depreciationAndAmortization": 294000000,
    "ebitda": -385000000,
    "ebitdaratio": -0.0522600787,
    "operatingIncome": 1161000000,
    "operatingIncomeRatio": 0.157594679,
    "totalOtherIncomeExpensesNet": 10000000,
    "incomeBeforeTax": 1171000000,
    "incomeBeforeTaxRatio": 0.1589520836,
    "incomeTaxExpense": 469000000,
    "netIncome": 702000000,
    "netIncomeRatio": 0.0952898059,
    "eps": 0.62,
    "epsdiluted": 0.6,
    "weightedAverageShsOut": 1132258065,
    "weightedAverageShsOutDil": 1170000000,
    "link": "https://www.sec.gov/Archives/edgar/data/1090727/000109072700000010/0001090727-00-000010-index.htm",
    "finalLink": "https://www.sec.gov/Archives/edgar/data/1090727/000109072700000010/0001090727-00-000010-0001.txt"
  },
  {
    "date": "2000-06-30",
    "symbol": "UPS",
    "reportedCurrency": "USD",
    "cik": "0001090727",
    "fillingDate": "2000-08-14",
    "acceptedDate": "2000-08-14 00:00:00",
    "calendarYear": "2000",
    "period": "Q2",
    "revenue": 7284000000,
    "costOfRevenue": 1791000000,
    "grossProfit": 5493000000,
    "grossProfitRatio": 0.7541186161,
    "researchAndDevelopmentExpenses": 0,
    "generalAndAdministrativeExpenses": 4042000000,
    "sellingAndMarketingExpenses": 0,
    "sellingGeneralAndAdministrativeExpenses": 4042000000,
    "otherExpenses": 2078000000,
    "operatingExpenses": 6120000000,
    "costAndExpenses": 7911000000,
    "interestIncome": 0,
    "interestExpense": 0,
    "depreciationAndAmortization": 287000000,
    "ebitda": -340000000,
    "ebitdaratio": -0.0466776496,
    "operatingIncome": 1164000000,
    "operatingIncomeRatio": 0.1598023064,
    "totalOtherIncomeExpensesNet": -5000000,
    "incomeBeforeTax": 1159000000,
    "incomeBeforeTaxRatio": 0.1591158704,
    "incomeTaxExpense": 464000000,
    "netIncome": 695000000,
    "netIncomeRatio": 0.0954146074,
    "eps": 0.61,
    "epsdiluted": 0.6,
    "weightedAverageShsOut": 1139344262,
    "weightedAverageShsOutDil": 1158333333,
    "link": "https://www.sec.gov/Archives/edgar/data/1090727/000109072700000008/0001090727-00-000008-index.htm",
    "finalLink": "https://www.sec.gov/Archives/edgar/data/1090727/000109072700000008/0001090727-00-000008-0001.txt"
  },
  {
    "date": "2000-03-31",
    "symbol": "UPS",
    "reportedCurrency": "USD",
    "cik": "0001090727",
    "fillingDate": "2000-05-15",
    "acceptedDate": "2000-05-15 00:00:00",
    "calendarYear": "2000",
    "period": "Q1",
    "revenue": 7220000000,
    "costOfRevenue": 1779000000,
    "grossProfit": 5441000000,
    "grossProfitRatio": 0.753601108,
    "researchAndDevelopmentExpenses": 0,
    "generalAndAdministrativeExpenses": 4075000000,
    "sellingAndMarketingExpenses": 0,
    "sellingGeneralAndAdministrativeExpenses": 4075000000,
    "otherExpenses": 2062000000,
    "operatingExpenses": 6137000000,
    "costAndExpenses": 7916000000,
    "interestIncome": 0,
    "interestExpense": 0,
    "depreciationAndAmortization": 283000000,
    "ebitda": -413000000,
    "ebitdaratio": -0.0572022161,
    "operatingIncome": 1083000000,
    "operatingIncomeRatio": 0.15,
    "totalOtherIncomeExpensesNet": 271000000,
    "incomeBeforeTax": 1354000000,
    "incomeBeforeTaxRatio": 0.187534626,
    "incomeTaxExpense": 541000000,
    "netIncome": 813000000,
    "netIncomeRatio": 0.1126038781,
    "eps": 0.68,
    "epsdiluted": 0.67,
    "weightedAverageShsOut": 1195588235,
    "weightedAverageShsOutDil": 1213432836,
    "link": "https://www.sec.gov/Archives/edgar/data/1090727/000109072700000004/0001090727-00-000004-index.html",
    "finalLink": "https://www.sec.gov/Archives/edgar/data/1090727/000109072700000004/"
  },
  {
    "date": "1999-12-31",
    "symbol": "UPS",
    "reportedCurrency": "USD",
    "cik": "0001090727",
    "fillingDate": "2000-03-30",
    "acceptedDate": "2000-03-30 00:00:00",
    "calendarYear": "1999",
    "period": "Q4",
    "revenue": 7446000000,
    "costOfRevenue": 0,
    "grossProfit": 7446000000,
    "grossProfitRatio": 1,
    "researchAndDevelopmentExpenses": 0,
    "generalAndAdministrativeExpenses": 0,
    "sellingAndMarketingExpenses": 0,
    "sellingGeneralAndAdministrativeExpenses": 0,
    "otherExpenses": 27918000000,
    "operatingExpenses": -27918000000,
    "costAndExpenses": -27918000000,
    "interestIncome": 0,
    "interestExpense": 0,
    "depreciationAndAmortization": 0,
    "ebitda": -20472000000,
    "ebitdaratio": -2.7493956487,
    "operatingIncome": -20472000000,
    "operatingIncomeRatio": -2.7493956487,
    "totalOtherIncomeExpensesNet": 20472000000,
    "incomeBeforeTax": 0,
    "incomeBeforeTaxRatio": 0,
    "incomeTaxExpense": -661000000,
    "netIncome": 661000000,
    "netIncomeRatio": 0.0887724953,
    "eps": 0.55,
    "epsdiluted": 0.54,
    "weightedAverageShsOut": 1195588235,
    "weightedAverageShsOutDil": 1213432836,
    "link": "https://www.sec.gov/Archives/edgar/data/1090727/000093176300000749/0000931763-00-000749-index.html",
    "finalLink": "https://www.sec.gov/Archives/edgar/data/1090727/000093176300000749/"
  },
  {
    "date": "1999-09-30",
    "symbol": "UPS",
    "reportedCurrency": "USD",
    "cik": "0001090727",
    "fillingDate": "1999-09-30",
    "acceptedDate": "1999-09-29 20:00:00",
    "calendarYear": "1999",
    "period": "Q3",
    "revenue": 6715000000,
    "costOfRevenue": 0,
    "grossProfit": 6715000000,
    "grossProfitRatio": 1,
    "researchAndDevelopmentExpenses": 0,
    "generalAndAdministrativeExpenses": 0,
    "sellingAndMarketingExpenses": 0,
    "sellingGeneralAndAdministrativeExpenses": 0,
    "otherExpenses": 0,
    "operatingExpenses": 0,
    "costAndExpenses": 0,
    "interestIncome": 0,
    "interestExpense": 0,
    "depreciationAndAmortization": 0,
    "ebitda": 6715000000,
    "ebitdaratio": 1,
    "operatingIncome": 6715000000,
    "operatingIncomeRatio": 1,
    "totalOtherIncomeExpensesNet": -6715000000,
    "incomeBeforeTax": 0,
    "incomeBeforeTaxRatio": 0,
    "incomeTaxExpense": -577000000,
    "netIncome": 577000000,
    "netIncomeRatio": 0.085927029,
    "eps": 0.53,
    "epsdiluted": 0.53,
    "weightedAverageShsOut": 1088679245,
    "weightedAverageShsOutDil": 1088679245,
    "link": "",
    "finalLink": ""
  },
  {
    "date": "1999-06-30",
    "symbol": "UPS",
    "reportedCurrency": "USD",
    "cik": "0001090727",
    "fillingDate": "1999-06-30",
    "acceptedDate": "1999-06-29 20:00:00",
    "calendarYear": "1999",
    "period": "Q2",
    "revenue": 6560000000,
    "costOfRevenue": 0,
    "grossProfit": 6560000000,
    "grossProfitRatio": 1,
    "researchAndDevelopmentExpenses": 0,
    "generalAndAdministrativeExpenses": 0,
    "sellingAndMarketingExpenses": 0,
    "sellingGeneralAndAdministrativeExpenses": 0,
    "otherExpenses": 0,
    "operatingExpenses": 0,
    "costAndExpenses": 0,
    "interestIncome": 0,
    "interestExpense": 0,
    "depreciationAndAmortization": 0,
    "ebitda": 6560000000,
    "ebitdaratio": 1,
    "operatingIncome": 6560000000,
    "operatingIncomeRatio": 1,
    "totalOtherIncomeExpensesNet": -6560000000,
    "incomeBeforeTax": 0,
    "incomeBeforeTaxRatio": 0,
    "incomeTaxExpense": -588000000,
    "netIncome": 588000000,
    "netIncomeRatio": 0.0896341463,
    "eps": 0.52,
    "epsdiluted": 0.52,
    "weightedAverageShsOut": 1130769231,
    "weightedAverageShsOutDil": 1130769231,
    "link": "",
    "finalLink": ""
  },
  {
    "date": "1999-03-31",
    "symbol": "UPS",
    "reportedCurrency": "USD",
    "cik": "0001090727",
    "fillingDate": "1999-03-31",
    "acceptedDate": "1999-03-30 19:00:00",
    "calendarYear": "1999",
    "period": "Q1",
    "revenue": 6331000000,
    "costOfRevenue": 0,
    "grossProfit": 6331000000,
    "grossProfitRatio": 1,
    "researchAndDevelopmentExpenses": 0,
    "generalAndAdministrativeExpenses": 0,
    "sellingAndMarketingExpenses": 0,
    "sellingGeneralAndAdministrativeExpenses": 0,
    "otherExpenses": 0,
    "operatingExpenses": 0,
    "costAndExpenses": 0,
    "interestIncome": 0,
    "interestExpense": 0,
    "depreciationAndAmortization": 0,
    "ebitda": 6331000000,
    "ebitdaratio": 1,
    "operatingIncome": 6331000000,
    "operatingIncomeRatio": 1,
    "totalOtherIncomeExpensesNet": -6331000000,
    "incomeBeforeTax": 0,
    "incomeBeforeTaxRatio": 0,
    "incomeTaxExpense": -499000000,
    "netIncome": 499000000,
    "netIncomeRatio": 0.0788185121,
    "eps": 0.46,
    "epsdiluted": 0.46,
    "weightedAverageShsOut": 1084782609,
    "weightedAverageShsOutDil": 1084782609,
    "link": "",
    "finalLink": ""
  }
]