[
  {
    "date": "2024-12-31",
    "symbol": "UPS",
    "reportedCurrency": "USD",
    "cik": "0001090727",
    "fillingDate": "2025-02-18",
    "acceptedDate": "2025-02-18 16:24:23",
    "calendarYear": "2024",
    "period": "FY",
    "revenue": 90894000000,
    "costOfRevenue": 73836000000,
    "grossProfit": 17058000000,
    "grossProfitRatio": 0.1876691531,
    "researchAndDevelopmentExpenses": 0,
    "generalAndAdministrativeExpenses": 0,
    "sellingAndMarketingExpenses": 0,
    "sellingGeneralAndAdministrativeExpenses": 8684000000,
    "otherExpenses": -311000000,
    "operatingExpenses": 8373000000,
    "costAndExpenses": 82209000000,
    "interestIncome": 0,
    "interestExpense": 861000000,
    "depreciationAndAmortization": 3609000000,
    "ebitda": 11912000000,
    "ebitdaratio": 0.1310537549,
    "operatingIncome": 8685000000,
    "operatingIncomeRatio": 0.0955508614,
    "totalOtherIncomeExpensesNet": -1243000000,
    "incomeBeforeTax": 7442000000,
    "incomeBeforeTaxRatio": 0.0818755913,
    "incomeTaxExpense": 1660000000,
    "netIncome": 5782000000,
    "netIncomeRatio": 0.0636125597,
    "eps": 6.7626,
    "epsdiluted": 6.7626,
    "weightedAverageShsOut": 855000000,
    "weightedAverageShsOutDil": 856000000,
    "link": "https://www.sec.gov/Archives/edgar/data/1090727/000109072725000019/0001090727-25-000019-index.htm",
    "finalLink": "https://www.sec.gov/Archives/edgar/data/1090727/000109072725000019/ups-20241231.htm"
  },
  {
    "date": "2023-12-31",
    "symbol": "UPS",
    "reportedCurrency": "USD",
    "cik": "0001090727",
    "fillingDate": "2024-02-20",
    "acceptedDate": "2024-02-20 16:18:27",
    "calendarYear": "2023",
    "period": "FY",
    "revenue": 90745000000,
    "costOfRevenue": 73039000000,
    "grossProfit": 17706000000,
    "grossProfitRatio": 0.1951181883,
    "researchAndDevelopmentExpenses": 0,
    "generalAndAdministrativeExpenses": 0,
    "sellingAndMarketingExpenses": 0,
    "sellingGeneralAndAdministrativeExpenses": 8335000000,
    "otherExpenses": 0,
    "operatingExpenses": 8335000000,
    "costAndExpenses": 81374000000,
    "interestIncome": 0,
    "interestExpense": 775000000,
    "depreciationAndAmortization": 3366000000,
    "ebitda": 12714000000,
    "ebitdaratio": 0.1401068929,
    "operatingIncome": 9371000000,
    "operatingIncomeRatio": 0.1032673977,
    "totalOtherIncomeExpensesNet": -798000000,
    "incomeBeforeTax": 8573000000,
    "incomeBeforeTaxRatio": 0.0944735247,
    "incomeTaxExpense": 1865000000,
    "netIncome": 6708000000,
    "netIncomeRatio": 0.0739214282,
    "eps": 7.8091,
    "epsdiluted": 7.8,
    "weightedAverageShsOut": 859000000,
    "weightedAverageShsOutDil": 860000000,
    "link": "https://www.sec.gov/Archives/edgar/data/1090727/000109072724000008/0001090727-24-000008-index.htm",
    "finalLink": "https://www.sec.gov/Archives/edgar/data/1090727/000109072724000008/ups-20231231.htm"
  },
  {
    "date": "2022-12-31",
    "symbol": "UPS",
    "reportedCurrency": "USD",
    "cik": "0001090727",
    "fillingDate": "2023-02-21",
    "acceptedDate": "2023-02-21 06:16:30",
    "calendarYear": "2022",
    "period": "FY",
    "revenue": 100034000000,
    "costOfRevenue": 79954000000,
    "grossProfit": 20080000000,
    "grossProfitRatio": 0.2007317512,
    "researchAndDevelopmentExpenses": 0,
    "generalAndAdministrativeExpenses": 0,
    "sellingAndMarketingExpenses": 0,
    "sellingGeneralAndAdministrativeExpenses": 7112000000,
    "otherExpenses": 0,
    "operatingExpenses": 7112000000,
    "costAndExpenses": 87066000000,
    "interestIncome": 0,
    "interestExpense": 694000000,
    "depreciationAndAmortization": 3188000000,
    "ebitda": 18707000000,
    "ebitdaratio": 0.1870064178,
    "operatingIncome": 12968000000,
    "operatingIncomeRatio": 0.1296359238,
    "totalOtherIncomeExpensesNet": 1857000000,
    "incomeBeforeTax": 14825000000,
    "incomeBeforeTaxRatio": 0.1481996121,
    "incomeTaxExpense": 3277000000,
    "netIncome": 11548000000,
    "netIncomeRatio": 0.1154407501,
    "eps": 13.2583,
    "epsdiluted": 13.1977,
    "weightedAverageShsOut": 871000000,
    "weightedAverageShsOutDil": 871000000,
    "link": "https://www.sec.gov/Archives/edgar/data/1090727/000109072723000006/0001090727-23-000006-index.htm",
    "finalLink": "https://www.sec.gov/Archives/edgar/data/1090727/000109072723000006/ups-20221231.htm"
  },
  {
    "date": "2021-12-31",
    "symbol": "UPS",
    "reportedCurrency": "USD",
    "cik": "0001090727",
    "fillingDate": "2022-02-22",
    "acceptedDate": "2022-02-22 06:14:14",
    "calendarYear": "2021",
    "period": "FY",
    "revenue": 97204000000,
    "costOfRevenue": 79772000000,
    "grossProfit": 17432000000,
    "grossProfitRatio": 0.1793341838,
    "researchAndDevelopmentExpenses": 0,
    "generalAndAdministrativeExpenses": 0,
    "sellingAndMarketingExpenses": 0,
    "sellingGeneralAndAdministrativeExpenses": 4325000000,
    "otherExpenses": 0,
    "operatingExpenses": 4325000000,
    "costAndExpenses": 84097000000,
    "interestIncome": 0,
    "interestExpense": 683000000,
    "depreciationAndAmortization": 2953000000,
    "ebitda": 20231000000,
    "ebitdaratio": 0.2081292951,
    "operatingIncome": 13107000000,
    "operatingIncomeRatio": 0.13484013,
    "totalOtherIncomeExpensesNet": 3488000000,
    "incomeBeforeTax": 16595000000,
    "incomeBeforeTaxRatio": 0.170723427,
    "incomeTaxExpense": 3705000000,
    "netIncome": 12890000000,
    "netIncomeRatio": 0.1326077116,
    "eps": 14.7483,
    "epsdiluted": 14.6811,
    "weightedAverageShsOut": 874000000,
    "weightedAverageShsOutDil": 878000000,
    "link": "https://www.sec.gov/Archives/edgar/data/1090727/000109072722000007/0001090727-22-000007-index.htm",
    "finalLink": "https://www.sec.gov/Archives/edgar/data/1090727/000109072722000007/ups-20211231.htm"
  },
  {
    "date": "2020-12-31",
    "symbol": "UPS",
    "reportedCurrency": "USD",
    "cik": "0001090727",
    "fillingDate": "2021-02-22",
    "acceptedDate": "2021-02-22 17:27:26",
    "calendarYear": "2020",
    "period": "FY",
    "revenue": 84432000000,
    "costOfRevenue": 62649000000,
    "grossProfit": 21783000000,
    "grossProfitRatio": 0.2579945992,
    "researchAndDevelopmentExpenses": 0,
    "generalAndAdministrativeExpenses": 0,
    "sellingAndMarketingExpenses": 0,
    "sellingGeneralAndAdministrativeExpenses": 13947000000,
    "otherExpenses": 0,
    "operatingExpenses": 13947000000,
    "costAndExpenses": 76596000000,
    "interestIncome": 0,
    "interestExpense": 684000000,
    "depreciationAndAmortization": 2698000000,
    "ebitda": 5226000000,
    "ebitdaratio": 0.0618959636,
    "operatingIncome": 7836000000,
    "operatingIncomeRatio": 0.0928084139,
    "totalOtherIncomeExpensesNet": -5992000000,
    "incomeBeforeTax": 1844000000,
    "incomeBeforeTaxRatio": 0.0218400606,
    "incomeTaxExpense": 501000000,
    "netIncome": 1343000000,
    "netIncomeRatio": 0.0159062915,
    "eps": 1.549,
    "epsdiluted": 1.5419,
    "weightedAverageShsOut": 867000000,
    "weightedAverageShsOutDil": 871000000,
    "link": "https://www.sec.gov/Archives/edgar/data/1090727/000109072721000013/0001090727-21-000013-index.htm",
    "finalLink": "https://www.sec.gov/Archives/edgar/data/1090727/000109072721000013/ups-20201231.htm"
  },
  {
    "date": "2019-12-31",
    "symbol": "UPS",
    "reportedCurrency": "USD",
    "cik": "0001090727",
    "fillingDate": "2020-02-20",
    "acceptedDate": "2020-02-20 17:05:25",
    "calendarYear": "2019",
    "period": "FY",
    "revenue": 73917000000,
    "costOfRevenue": 57824000000,
    "grossProfit": 16093000000,
    "grossProfitRatio": 0.2177171693,
    "researchAndDevelopmentExpenses": 0,
    "generalAndAdministrativeExpenses": 0,
    "sellingAndMarketingExpenses": 0,
    "sellingGeneralAndAdministrativeExpenses": 8217000000,
    "otherExpenses": 0,
    "operatingExpenses": 8217000000,
    "costAndExpenses": 66041000000,
    "interestIncome": 0,
    "interestExpense": 629000000,
    "depreciationAndAmortization": 2360000000,
    "ebitda": 8641000000,
    "ebitdaratio": 0.1169013894,
    "operatingIncome": 7876000000,
    "operatingIncomeRatio": 0.1065519434,
    "totalOtherIncomeExpensesNet": -2224000000,
    "incomeBeforeTax": 5652000000,
    "incomeBeforeTaxRatio": 0.0764641422,
    "incomeTaxExpense": 1212000000,
    "netIncome": 4440000000,
    "netIncomeRatio": 0.0600673729,
    "eps": 5.14,
    "epsdiluted": 5.11,
    "weightedAverageShsOut": 864000000,
    "weightedAverageShsOutDil": 869000000,
    "link": "https://www.sec.gov/Archives/edgar/data/1090727/000109072720000005/0001090727-20-000005-index.htm",
    "finalLink": "https://www.sec.gov/Archives/edgar/data/1090727/000109072720000005/ups-12312019x10k.htm"
  },
  {
    "date": "2018-12-31",
    "symbol": "UPS",
    "reportedCurrency": "USD",
    "cik": "0001090727",
    "fillingDate": "2019-02-21",
    "acceptedDate": "2019-02-21 17:02:11",
    "calendarYear": "2018",
    "period": "FY",
    "revenue": 71911000000,
    "costOfRevenue": 57745000000,
    "grossProfit": 14166000000,
    "grossProfitRatio": 0.1969935059,
    "researchAndDevelopmentExpenses": 0,
    "generalAndAdministrativeExpenses": 0,
    "sellingAndMarketingExpenses": 0,
    "sellingGeneralAndAdministrativeExpenses": 7092000000,
    "otherExpenses": 0,
    "operatingExpenses": 7092000000,
    "costAndExpenses": 64837000000,
    "interestIncome": 0,
    "interestExpense": 572000000,
    "depreciationAndAmortization": 2207000000,
    "ebitda": 8798000000,
    "ebitdaratio": 0.1223456773,
    "operatingIncome": 7074000000,
    "operatingIncomeRatio": 0.0983715982,
    "totalOtherIncomeExpensesNet": -1055000000,
    "incomeBeforeTax": 6019000000,
    "incomeBeforeTaxRatio": 0.0837006856,
    "incomeTaxExpense": 1228000000,
    "netIncome": 4791000000,
    "netIncomeRatio": 0.0666240214,
    "eps": 5.53,
    "epsdiluted": 5.51,
    "weightedAverageShsOut": 866000000,
    "weightedAverageShsOutDil": 870000000,
    "link": "https://www.sec.gov/Archives/edgar/data/1090727/000109072719000006/0001090727-19-000006-index.htm",
    "finalLink": "https://www.sec.gov/Archives/edgar/data/1090727/000109072719000006/ups-12312018x10k.htm"
  },
  {
    "date": "2017-12-31",
    "symbol": "UPS",
    "reportedCurrency": "USD",
    "cik": "0001090727",
    "fillingDate": "2018-02-21",
    "acceptedDate": "2018-02-21 17:23:42",
    "calendarYear": "2017",
    "period": "FY",
    "revenue": 66550000000,
    "costOfRevenue": 53201000000,
    "grossProfit": 13349000000,
    "grossProfitRatio": 0.2005860255,
    "researchAndDevelopmentExpenses": 0,
    "generalAndAdministrativeExpenses": 0,
    "sellingAndMarketingExpenses": 0,
    "sellingGeneralAndAdministrativeExpenses": 5855000000,
    "otherExpenses": 0,
    "operatingExpenses": 5855000000,
    "costAndExpenses": 59056000000,
    "interestIncome": 8000000,
    "interestExpense": 417000000,
    "depreciationAndAmortization": 2282000000,
    "ebitda": 9836000000,
    "ebitdaratio": 0.1477986476,
    "operatingIncome": 7494000000,
    "operatingIncomeRatio": 0.1126070624,
    "totalOtherIncomeExpensesNet": -357000000,
    "incomeBeforeTax": 7137000000,
    "incomeBeforeTaxRatio": 0.1072426747,
    "incomeTaxExpense": 2232000000,
    "netIncome": 4905000000,
    "netIncomeRatio": 0.073703982,
    "eps": 5.63,
    "epsdiluted": 5.61,
    "weightedAverageShsOut": 871000000,
    "weightedAverageShsOutDil": 875000000,
    "link": "https://www.sec.gov/Archives/edgar/data/1090727/000109072718000009/0001090727-18-000009-index.htm",
    "finalLink": "https://www.sec.gov/Archives/edgar/data/1090727/000109072718000009/ups-12312017x10k.htm"
  },
  {
    "date": "2016-12-31",
    "symbol": "UPS",
    "reportedCurrency": "USD",
    "cik": "0001090727",
    "fillingDate": "2017-02-21",
    "acceptedDate": "2017-02-21 06:47:45",
    "calendarYear": "2016",
    "period": "FY",
    "revenue": 60502000000,
    "costOfRevenue": 48165000000,
    "grossProfit": 12337000000,
    "grossProfitRatio": 0.2039106145,
    "researchAndDevelopmentExpenses": 0,
    "generalAndAdministrativeExpenses": 0,
    "sellingAndMarketingExpenses": 0,
    "sellingGeneralAndAdministrativeExpenses": 7266000000,
    "otherExpenses": 0,
    "operatingExpenses": 7266000000,
    "costAndExpenses": 55431000000,
    "interestIncome": 219000000,
    "interestExpense": 347000000,
    "depreciationAndAmortization": 2224000000,
    "ebitda": 7707000000,
    "ebitdaratio": 0.1273842187,
    "operatingIncome": 5071000000,
    "operatingIncomeRatio": 0.0838154111,
    "totalOtherIncomeExpensesNet": 65000000,
    "incomeBeforeTax": 5136000000,
    "incomeBeforeTaxRatio": 0.0848897557,
    "incomeTaxExpense": 1705000000,
    "netIncome": 3431000000,
    "netIncomeRatio": 0.0567088691,
    "eps": 3.89,
    "epsdiluted": 3.87,
    "weightedAverageShsOut": 883000000,
    "weightedAverageShsOutDil": 887000000,
    "link": "https://www.sec.gov/Archives/edgar/data/1090727/000109072717000011/0001090727-17-000011-index.htm",
    "finalLink": "https://www.sec.gov/Archives/edgar/data/1090727/000109072717000011/ups-12312016x10k.htm"
  },
  {
    "date": "2015-12-31",
    "symbol": "UPS",
    "reportedCurrency": "USD",
    "cik": "0001090727",
    "fillingDate": "2016-02-25",
    "acceptedDate": "2016-02-24 17:39:52",
    "calendarYear": "2015",
    "period": "FY",
    "revenue": 58050000000,
    "costOfRevenue": 45939000000,
    "grossProfit": 12111000000,
    "grossProfitRatio": 0.208630491,
    "researchAndDevelopmentExpenses": 0,
    "generalAndAdministrativeExpenses": 0,
    "sellingAndMarketingExpenses": 0,
    "sellingGeneralAndAdministrativeExpenses": 4766000000,
    "otherExpenses": 0,
    "operatingExpenses": 4766000000,
    "costAndExpenses": 50705000000,
    "interestIncome": 9000000,
    "interestExpense": 271000000,
    "depreciationAndAmortization": 2084000000,
    "ebitda": 9697000000,
    "ebitdaratio": 0.1670456503,
    "operatingIncome": 7345000000,
    "operatingIncomeRatio": 0.1265288544,
    "totalOtherIncomeExpensesNet": -3000000,
    "incomeBeforeTax": 7342000000,
    "incomeBeforeTaxRatio": 0.1264771748,
    "incomeTaxExpense": 2498000000,
    "netIncome": 4844000000,
    "netIncomeRatio": 0.0834453058,
    "eps": 5.38,
    "epsdiluted": 5.35,
    "weightedAverageShsOut": 901000000,
    "weightedAverageShsOutDil": 906000000,
    "link": "https://www.sec.gov/Archives/edgar/data/1090727/000109072716000053/0001090727-16-000053-index.htm",
    "finalLink": "https://www.sec.gov/Archives/edgar/data/1090727/000109072716000053/ups-12312015x10k.htm"
  },
  {
    "date": "2014-12-31",
    "symbol": "UPS",
    "reportedCurrency": "USD",
    "cik": "0001090727",
    "fillingDate": "2015-02-27",
    "acceptedDate": "2015-02-27 16:52:14",
    "calendarYear": "2014",
    "period": "FY",
    "revenue": 58256000000,
    "costOfRevenue": 46547000000,
    "grossProfit": 11709000000,
    "grossProfitRatio": 0.2009921725,
    "researchAndDevelopmentExpenses": 0,
    "generalAndAdministrativeExpenses": 0,
    "sellingAndMarketingExpenses": 0,
    "sellingGeneralAndAdministrativeExpenses": 5641000000,
    "otherExpenses": 0,
    "operatingExpenses": 5641000000,
    "costAndExpenses": 52188000000,
    "interestIncome": 60000000,
    "interestExpense": 277000000,
    "depreciationAndAmortization": 1923000000,
    "ebitda": 6837000000,
    "ebitdaratio": 0.1173613018,
    "operatingIncome": 6068000000,
    "operatingIncomeRatio": 0.1041609448,
    "totalOtherIncomeExpensesNet": -1431000000,
    "incomeBeforeTax": 4637000000,
    "incomeBeforeTaxRatio": 0.0795969514,
    "incomeTaxExpense": 1605000000,
    "netIncome": 3032000000,
    "netIncomeRatio": 0.0520461412,
    "eps": 3.31,
    "epsdiluted": 3.28,
    "weightedAverageShsOut": 916000000,
    "weightedAverageShsOutDil": 924000000,
    "link": "https://www.sec.gov/Archives/edgar/data/1090727/000109072715000008/0001090727-15-000008-index.htm",
    "finalLink": "https://www.sec.gov/Archives/edgar/data/1090727/000109072715000008/ups-12312014x10k.htm"
  },
  {
    "date": "2013-12-31",
    "symbol": "UPS",
    "reportedCurrency": "USD",
    "cik": "0001090727",
    "fillingDate": "2014-02-28",
    "acceptedDate": "2014-02-28 17:25:08",
    "calendarYear": "2013",
    "period": "FY",
    "revenue": 55491000000,
    "costOfRevenue": 44079000000,
    "grossProfit": 11412000000,
    "grossProfitRatio": 0.2056549711,
    "researchAndDevelopmentExpenses": 0,
    "generalAndAdministrativeExpenses": 0,
    "sellingAndMarketingExpenses": 0,
    "sellingGeneralAndAdministrativeExpenses": 4386000000,
    "otherExpenses": 0,
    "operatingExpenses": 4386000000,
    "costAndExpenses": 48465000000,
    "interestIncome": 73000000,
    "interestExpense": 372000000,
    "depreciationAndAmortization": 1867000000,
    "ebitda": 8913000000,
    "ebitdaratio": 0.1606206412,
    "operatingIncome": 7026000000,
    "operatingIncomeRatio": 0.1266151268,
    "totalOtherIncomeExpensesNet": -352000000,
    "incomeBeforeTax": 6674000000,
    "incomeBeforeTaxRatio": 0.1202717558,
    "incomeTaxExpense": 2302000000,
    "netIncome": 4372000000,
    "netIncomeRatio": 0.0787875511,
    "eps": 4.65,
    "epsdiluted": 4.61,
    "weightedAverageShsOut": 940000000,
    "weightedAverageShsOutDil": 948000000,
    "link": "https://www.sec.gov/Archives/edgar/data/1090727/000109072714000009/0001090727-14-000009-index.htm",
    "finalLink": "https://www.sec.gov/Archives/edgar/data/1090727/000109072714000009/ups-12312013x10k.htm"
  },
  {
    "date": "2012-12-31",
    "symbol": "UPS",
    "reportedCurrency": "USD",
    "cik": "0001090727",
    "fillingDate": "2013-02-28",
    "acceptedDate": "2013-02-28 11:08:41",
    "calendarYear": "2012",
    "period": "FY",
    "revenue": 54064000000,
    "costOfRevenue": 43703000000,
    "grossProfit": 10361000000,
    "grossProfitRatio": 0.1916432376,
    "researchAndDevelopmentExpenses": 0,
    "generalAndAdministrativeExpenses": 0,
    "sellingAndMarketingExpenses": 0,
    "sellingGeneralAndAdministrativeExpenses": 9110000000,
    "otherExpenses": 0,
    "operatingExpenses": 9110000000,
    "costAndExpenses": 52813000000,
    "interestIncome": 100000000,
    "interestExpense": 383000000,
    "depreciationAndAmortization": 1858000000,
    "ebitda": 3215000000,
    "ebitdaratio": 0.0594665582,
    "operatingIncome": 1251000000,
    "operatingIncomeRatio": 0.0231392424,
    "totalOtherIncomeExpensesNet": -277000000,
    "incomeBeforeTax": 974000000,
    "incomeBeforeTaxRatio": 0.0180156851,
    "incomeTaxExpense": 167000000,
    "netIncome": 807000000,
    "netIncomeRatio": 0.0149267535,
    "eps": 0.84,
    "epsdiluted": 0.83,
    "weightedAverageShsOut": 960000000,
    "weightedAverageShsOutDil": 969000000,
    "link": "https://www.sec.gov/Archives/edgar/data/1090727/000109072713000005/0001090727-13-000005-index.htm",
    "finalLink": "https://www.sec.gov/Archives/edgar/data/1090727/000109072713000005/ups-12312012x10k.htm"
  },
  {
    "date": "2011-12-31",
    "symbol": "UPS",
    "reportedCurrency": "USD",
    "cik": "0001090727",
    "fillingDate": "2012-02-27",
    "acceptedDate": "2012-02-27 14:19:33",
    "calendarYear": "2011",
    "period": "FY",
    "revenue": 53206000000,
    "costOfRevenue": 42046000000,
    "grossProfit": 11160000000,
    "grossProfitRatio": 0.20975078,
    "researchAndDevelopmentExpenses": 0,
    "generalAndAdministrativeExpenses": 0,
    "sellingAndMarketingExpenses": 0,
    "sellingGeneralAndAdministrativeExpenses": 5022000000,
    "otherExpenses": 0,
    "operatingExpenses": 5022000000,
    "costAndExpenses": 47068000000,
    "interestIncome": 94000000,
    "interestExpense": 654000000,
    "depreciationAndAmortization": 1782000000,
    "ebitda": 8212000000,
    "ebitdaratio": 0.1543434951,
    "operatingIncome": 6138000000,
    "operatingIncomeRatio": 0.115362929,
    "totalOtherIncomeExpensesNet": -362000000,
    "incomeBeforeTax": 5776000000,
    "incomeBeforeTaxRatio": 0.1085591851,
    "incomeTaxExpense": 1972000000,
    "netIncome": 3804000000,
    "netIncomeRatio": 0.071495696,
    "eps": 3.88,
    "epsdiluted": 3.84,
    "weightedAverageShsOut": 981000000,
    "weightedAverageShsOutDil": 991000000,
    "link": "https://www.sec.gov/Archives/edgar/data/1090727/000119312512081067/0001193125-12-081067-index.htm",
    "finalLink": "https://www.sec.gov/Archives/edgar/data/1090727/000119312512081067/d274494d10k.htm"
  },
  {
    "date": "2010-12-31",
    "symbol": "UPS",
    "reportedCurrency": "USD",
    "cik": "0001090727",
    "fillingDate": "2011-02-28",
    "acceptedDate": "2011-02-28 13:54:49",
    "calendarYear": "2010",
    "period": "FY",
    "revenue": 49449000000,
    "costOfRevenue": 39700000000,
    "grossProfit": 9749000000,
    "grossProfitRatio": 0.1971526219,
    "researchAndDevelopmentExpenses": 0,
    "generalAndAdministrativeExpenses": 0,
    "sellingAndMarketingExpenses": 0,
    "sellingGeneralAndAdministrativeExpenses": 4007000000,
    "otherExpenses": 0,
    "operatingExpenses": 4007000000,
    "costAndExpenses": 43707000000,
    "interestIncome": 85000000,
    "interestExpense": 443000000,
    "depreciationAndAmortization": 1792000000,
    "ebitda": 7758000000,
    "ebitdaratio": 0.1568889159,
    "operatingIncome": 5742000000,
    "operatingIncomeRatio": 0.1161196384,
    "totalOtherIncomeExpensesNet": -219000000,
    "incomeBeforeTax": 5523000000,
    "incomeBeforeTaxRatio": 0.111690833,
    "incomeTaxExpense": 2035000000,
    "netIncome": 3488000000,
    "netIncomeRatio": 0.0705373213,
    "eps": 3.51,
    "epsdiluted": 3.48,
    "weightedAverageShsOut": 994000000,
    "weightedAverageShsOutDil": 1003000000,
    "link": "https://www.sec.gov/Archives/edgar/data/1090727/000119312511049356/0001193125-11-049356-index.htm",
    "finalLink": "https://www.sec.gov/Archives/edgar/data/1090727/000119312511049356/d10k.htm"
  },
  {
    "date": "2009-12-31",
    "symbol": "UPS",
    "reportedCurrency": "USD",
    "cik": "0001090727",
    "fillingDate": "2010-02-26",
    "acceptedDate": "2010-02-26 16:12:48",
    "calendarYear": "2009",
    "period": "FY",
    "revenue": 45119000000,
    "costOfRevenue": 37191000000,
    "grossProfit": 7928000000,
    "grossProfitRatio": 0.1757131142,
    "researchAndDevelopmentExpenses": 0,
    "generalAndAdministrativeExpenses": 0,
    "sellingAndMarketingExpenses": 0,
    "sellingGeneralAndAdministrativeExpenses": 4066000000,
    "otherExpenses": 0,
    "operatingExpenses": 4066000000,
    "costAndExpenses": 41257000000,
    "interestIncome": 87000000,
    "interestExpense": 494000000,
    "depreciationAndAmortization": 1747000000,
    "ebitda": 5607000000,
    "ebitdaratio": 0.1242713713,
    "operatingIncome": 3862000000,
    "operatingIncomeRatio": 0.0855958687,
    "totalOtherIncomeExpensesNet": -496000000,
    "incomeBeforeTax": 3366000000,
    "incomeBeforeTaxRatio": 0.0746027173,
    "incomeTaxExpense": 1214000000,
    "netIncome": 2152000000,
    "netIncomeRatio": 0.0476960926,
    "eps": 2.16,
    "epsdiluted": 2.14,
    "weightedAverageShsOut": 998000000,
    "weightedAverageShsOutDil": 1004000000,
    "link": "https://www.sec.gov/Archives/edgar/data/1090727/000119312510042908/0001193125-10-042908-index.htm",
    "finalLink": "https://www.sec.gov/Archives/edgar/data/1090727/000119312510042908/d10k.htm"
  },
  {
    "date": "2008-12-31",
    "symbol": "UPS",
    "reportedCurrency": "USD",
    "cik": "0001090727",
    "fillingDate": "2009-02-27",
    "acceptedDate": "2009-02-27 16:19:19",
    "calendarYear": "2008",
    "period": "FY",
    "revenue": 51486000000,
    "costOfRevenue": 40754000000,
    "grossProfit": 10732000000,
    "grossProfitRatio": 0.2084450142,
    "researchAndDevelopmentExpenses": 0,
    "generalAndAdministrativeExpenses": 0,
    "sellingAndMarketingExpenses": 0,
    "sellingGeneralAndAdministrativeExpenses": 4779000000,
    "otherExpenses": 0,
    "operatingExpenses": 4779000000,
    "costAndExpenses": 45533000000,
    "interestIncome": 127000000,
    "interestExpense": 442000000,
    "depreciationAndAmortization": 1814000000,
    "ebitda": 7271000000,
    "ebitdaratio": 0.1412228567,
    "operatingIncome": 5953000000,
    "operatingIncomeRatio": 0.1156236647,
    "totalOtherIncomeExpensesNet": -938000000,
    "incomeBeforeTax": 5015000000,
    "incomeBeforeTaxRatio": 0.0974051198,
    "incomeTaxExpense": 2012000000,
    "netIncome": 3003000000,
    "netIncomeRatio": 0.0583265354,
    "eps": 2.96,
    "epsdiluted": 2.94,
    "weightedAverageShsOut": 1016000000,
    "weightedAverageShsOutDil": 1022000000,
    "link": "https://www.sec.gov/Archives/edgar/data/1090727/000119312509040973/0001193125-09-040973-index.htm",
    "finalLink": "https://www.sec.gov/Archives/edgar/data/1090727/000119312509040973/d10k.htm"
  },
  {
    "date": "2007-12-31",
    "symbol": "UPS",
    "reportedCurrency": "USD",
    "cik": "0001090727",
    "fillingDate": "2008-02-29",
    "acceptedDate": "2008-02-29 17:12:05",
    "calendarYear": "2007",
    "period": "FY",
    "revenue": 49692000000,
    "costOfRevenue": 44367000000,
    "grossProfit": 5325000000,
    "grossProfitRatio": 0.1071601063,
    "researchAndDevelopmentExpenses": 0,
    "generalAndAdministrativeExpenses": 0,
    "sellingAndMarketingExpenses": 0,
    "sellingGeneralAndAdministrativeExpenses": 4452000000,
    "otherExpenses": 0,
    "operatingExpenses": 4452000000,
    "costAndExpenses": 48819000000,
    "interestIncome": 99000000,
    "interestExpense": 246000000,
    "depreciationAndAmortization": 1745000000,
    "ebitda": 2422000000,
    "ebitdaratio": 0.0487402399,
    "operatingIncome": 873000000,
    "operatingIncomeRatio": 0.0175682202,
    "totalOtherIncomeExpensesNet": -442000000,
    "incomeBeforeTax": 431000000,
    "incomeBeforeTaxRatio": 0.0086734283,
    "incomeTaxExpense": 49000000,
    "netIncome": 382000000,
    "netIncomeRatio": 0.0076873541,
    "eps": 0.36,
    "epsdiluted": 0.36,
    "weightedAverageShsOut": 1057000000,
    "weightedAverageShsOutDil": 1063000000,
    "link": "https://www.sec.gov/Archives/edgar/data/1090727/000119312508043891/0001193125-08-043891-index.htm",
    "finalLink": "https://www.sec.gov/Archives/edgar/data/1090727/000119312508043891/d10k.htm"
  },
  {
    "date": "2006-12-31",
    "symbol": "UPS",
    "reportedCurrency": "USD",
    "cik": "0001090727",
    "fillingDate": "2007-03-01",
    "acceptedDate": "2007-03-01 13:50:04",
    "calendarYear": "2006",
    "period": "FY",
    "revenue": 47547000000,
    "costOfRevenue": 36413000000,
    "grossProfit": 11134000000,
    "grossProfitRatio": 0.2341682966,
    "researchAndDevelopmentExpenses": 0,
    "generalAndAdministrativeExpenses": 0,
    "sellingAndMarketingExpenses": 0,
    "sellingGeneralAndAdministrativeExpenses": 4485000000,
    "otherExpenses": 0,
    "operatingExpenses": 4485000000,
    "costAndExpenses": 40898000000,
    "interestIncome": 86000000,
    "interestExpense": 211000000,
    "depreciationAndAmortization": 1748000000,
    "ebitda": 8469000000,
    "ebitdaratio": 0.1781184933,
    "operatingIncome": 6649000000,
    "operatingIncomeRatio": 0.1398405788,
    "totalOtherIncomeExpensesNet": -139000000,
    "incomeBeforeTax": 6510000000,
    "incomeBeforeTaxRatio": 0.1369171557,
    "incomeTaxExpense": 2308000000,
    "netIncome": 4202000000,
    "netIncomeRatio": 0.0883757125,
    "eps": 3.87,
    "epsdiluted": 3.86,
    "weightedAverageShsOut": 1085000000,
    "weightedAverageShsOutDil": 1089000000,
    "link": "https://www.sec.gov/Archives/edgar/data/1090727/000119312507044043/0001193125-07-044043-index.htm",
    "finalLink": "https://www.sec.gov/Archives/edgar/data/1090727/000119312507044043/d10k.htm"
  },
  {
    "date": "2005-12-31",
    "symbol": "UPS",
    "reportedCurrency": "USD",
    "cik": "0001090727",
    "fillingDate": "2006-03-14",
    "acceptedDate": "2006-03-14 16:07:49",
    "calendarYear": "2005",
    "period": "FY",
    "revenue": 42581000000,
    "costOfRevenue": 32265000000,
    "grossProfit": 10316000000,
    "grossProfitRatio": 0.2422676781,
    "researchAndDevelopmentExpenses": 0,
    "generalAndAdministrativeExpenses": 0,
    "sellingAndMarketingExpenses": 0,
    "sellingGeneralAndAdministrativeExpenses": 4125000000,
    "otherExpenses": 0,
    "operatingExpenses": 4125000000,
    "costAndExpenses": 36390000000,
    "interestIncome": 104000000,
    "interestExpense": 172000000,
    "depreciationAndAmortization": 1644000000,
    "ebitda": 7891000000,
    "ebitdaratio": 0.1853173951,
    "operatingIncome": 6191000000,
    "operatingIncomeRatio": 0.1453934854,
    "totalOtherIncomeExpensesNet": -116000000,
    "incomeBeforeTax": 6075000000,
    "incomeBeforeTaxRatio": 0.1426692656,
    "incomeTaxExpense": 2205000000,
    "netIncome": 3870000000,
    "netIncomeRatio": 0.0908856063,
    "eps": 3.48,
    "epsdiluted": 3.47,
    "weightedAverageShsOut": 1112068966,
    "weightedAverageShsOutDil": 1115273775,
    "link": "https://www.sec.gov/Archives/edgar/data/1090727/000119312506053695/0001193125-06-053695-index.htm",
    "finalLink": "https://www.sec.gov/Archives/edgar/data/1090727/000119312506053695/d10k.htm"
  },
  {
    "date": "2004-12-31",
    "symbol": "UPS",
    "reportedCurrency": "USD",
    "cik": "0001090727",
    "fillingDate": "2005-03-14",
    "acceptedDate": "2005-03-14 17:22:16",
    "calendarYear": "2004",
    "period": "FY",
    "revenue": 36582000000,
    "costOfRevenue": 27598000000,
    "grossProfit": 8984000000,
    "grossProfitRatio": 0.2455852605,
    "researchAndDevelopmentExpenses": 0,
    "generalAndAdministrativeExpenses": 0,
    "sellingAndMarketingExpenses": 0,
    "sellingGeneralAndAdministrativeExpenses": 3841000000,
    "otherExpenses": 0,
    "operatingExpenses": 3841000000,
    "costAndExpenses": 31439000000,
    "interestIncome": 82000000,
    "interestExpense": 149000000,
    "depreciationAndAmortization": 1543000000,
    "ebitda": 6614000000,
    "ebitdaratio": 0.1807993002,
    "operatingIncome": 5143000000,
    "operatingIncomeRatio": 0.1405882675,
    "totalOtherIncomeExpensesNet": -221000000,
    "incomeBeforeTax": 4922000000,
    "incomeBeforeTaxRatio": 0.134547045,
    "incomeTaxExpense": 1589000000,
    "netIncome": 3333000000,
    "netIncomeRatio": 0.0911103822,
    "eps": 2.95,
    "epsdiluted": 2.93,
    "weightedAverageShsOut": 1129830508,
    "weightedAverageShsOutDil": 1137542662,
    "link": "https://www.sec.gov/Archives/edgar/data/1090727/000119312505049642/0001193125-05-049642-index.htm",
    "finalLink": "https://www.sec.gov/Archives/edgar/data/1090727/000119312505049642/d10k.htm"
  },
  {
    "date": "2003-12-31",
    "symbol": "UPS",
    "reportedCurrency": "USD",
    "cik": "0001090727",
    "fillingDate": "2004-03-05",
    "acceptedDate": "2004-03-05 17:14:17",
    "calendarYear": "2003",
    "period": "FY",
    "revenue": 33485000000,
    "costOfRevenue": 8154000000,
    "grossProfit": 25331000000,
    "grossProfitRatio": 0.7564879797,
    "researchAndDevelopmentExpenses": 0,
    "generalAndAdministrativeExpenses": 19328000000,
    "sellingAndMarketingExpenses": 0,
    "sellingGeneralAndAdministrativeExpenses": 19328000000,
    "otherExpenses": 1472000000,
    "operatingExpenses": 29031000000,
    "costAndExpenses": 37185000000,
    "interestIncome": 0,
    "interestExpense": 0,
    "depreciationAndAmortization": 1549000000,
    "ebitda": 4445000000,
    "ebitdaratio": 0.1327460057,
    "operatingIncome": 4445000000,
    "operatingIncomeRatio": 0.1327460057,
    "totalOtherIncomeExpensesNet": -75000000,
    "incomeBeforeTax": 4370000000,
    "incomeBeforeTaxRatio": 0.1305061968,
    "incomeTaxExpense": 1472000000,
    "netIncome": 2898000000,
    "netIncomeRatio": 0.0865462147,
    "eps": 2.57,
    "epsdiluted": 2.55,
    "weightedAverageShsOut": 1127626459,
    "weightedAverageShsOutDil": 1136470588,
    "link": "https://www.sec.gov/Archives/edgar/data/1090727/000095014404002063/0000950144-04-002063-index.htm",
    "finalLink": "https://www.sec.gov/Archives/edgar/data/1090727/000095014404002063/g86647e10vk.htm"
  },
  {
    "date": "2002-12-31",
    "symbol": "UPS",
    "reportedCurrency": "USD",
    "cik": "0001090727",
    "fillingDate": "2003-03-06",
    "acceptedDate": "2003-03-06 15:09:36",
    "calendarYear": "2002",
    "period": "FY",
    "revenue": 31272000000,
    "costOfRevenue": 7768000000,
    "grossProfit": 23504000000,
    "grossProfitRatio": 0.7515988744,
    "researchAndDevelopmentExpenses": 0,
    "generalAndAdministrativeExpenses": 17944000000,
    "sellingAndMarketingExpenses": 0,
    "sellingGeneralAndAdministrativeExpenses": 17944000000,
    "otherExpenses": 10255000000,
    "operatingExpenses": 28199000000,
    "costAndExpenses": 35967000000,
    "interestIncome": 0,
    "interestExpense": 0,
    "depreciationAndAmortization": 1464000000,
    "ebitda": 4643000000,
    "ebitdaratio": 0.1484714761,
    "operatingIncome": 4096000000,
    "operatingIncomeRatio": 0.1309797902,
    "totalOtherIncomeExpensesNet": 913000000,
    "incomeBeforeTax": 5009000000,
    "incomeBeforeTaxRatio": 0.1601752366,
    "incomeTaxExpense": 1755000000,
    "netIncome": 3182000000,
    "netIncomeRatio": 0.1017523663,
    "eps": 2.84,
    "epsdiluted": 2.81,
    "weightedAverageShsOut": 1120422535,
    "weightedAverageShsOutDil": 1132384342,
    "link": "https://www.sec.gov/Archives/edgar/data/1090727/000095014403002770/0000950144-03-002770-index.htm",
    "finalLink": "https://www.sec.gov/Archives/edgar/data/1090727/000095014403002770/g80387e10vk.htm"
  },
  {
    "date": "2001-12-31",
    "symbol": "UPS",
    "reportedCurrency": "USD",
    "cik": "0001090727",
    "fillingDate": "2002-03-29",
    "acceptedDate": "2002-03-29 00:00:00",
    "calendarYear": "2001",
    "period": "FY",
    "revenue": 30646000000,
    "costOfRevenue": 7891000000,
    "grossProfit": 22755000000,
    "grossProfitRatio": 0.7425112576,
    "researchAndDevelopmentExpenses": 0,
    "generalAndAdministrativeExpenses": 17397000000,
    "sellingAndMarketingExpenses": 0,
    "sellingGeneralAndAdministrativeExpenses": 17397000000,
    "otherExpenses": 1071000000,
    "operatingExpenses": 26684000000,
    "costAndExpenses": 34575000000,
    "interestIncome": 0,
    "interestExpense": 0,
    "depreciationAndAmortization": 1396000000,
    "ebitda": 3962000000,
    "ebitdaratio": 0.1292827775,
    "operatingIncome": 3962000000,
    "operatingIncomeRatio": 0.1292827775,
    "totalOtherIncomeExpensesNet": -25000000,
    "incomeBeforeTax": 3937000000,
    "incomeBeforeTaxRatio": 0.1284670104,
    "incomeTaxExpense": 1512000000,
    "netIncome": 2399000000,
    "netIncomeRatio": 0.0782810155,
    "eps": 2.13,
    "epsdiluted": 2.1,
    "weightedAverageShsOut": 1126291080,
    "weightedAverageShsOutDil": 1142380952,
    "link": "https://www.sec.gov/Archives/edgar/data/1090727/000095014402003133/0000950144-02-003133-index.htm",
    "finalLink": "https://www.sec.gov/Archives/edgar/data/1090727/000095014402003133/g74662e10-k405.htm"
  },
  {
    "date": "2000-12-31",
    "symbol": "UPS",
    "reportedCurrency": "USD",
    "cik": "0001090727",
    "fillingDate": "2001-04-02",
    "acceptedDate": "2001-04-02 00:00:00",
    "calendarYear": "2000",
    "period": "FY",
    "revenue": 29771000000,
    "costOfRevenue": 7540000000,
    "grossProfit": 22231000000,
    "grossProfitRatio": 0.7467333983,
    "researchAndDevelopmentExpenses": 0,
    "generalAndAdministrativeExpenses": 16546000000,
    "sellingAndMarketingExpenses": 0,
    "sellingGeneralAndAdministrativeExpenses": 16546000000,
    "otherExpenses": 900000000,
    "operatingExpenses": 25259000000,
    "costAndExpenses": 32799000000,
    "interestIncome": 0,
    "interestExpense": 0,
    "depreciationAndAmortization": 1173000000,
    "ebitda": -1855000000,
    "ebitdaratio": -0.0623089584,
    "operatingIncome": 4512000000,
    "operatingIncomeRatio": 0.1515568842,
    "totalOtherIncomeExpensesNet": 322000000,
    "incomeBeforeTax": 4834000000,
    "incomeBeforeTaxRatio": 0.1623727789,
    "incomeTaxExpense": 1900000000,
    "netIncome": 2934000000,
    "netIncomeRatio": 0.0985522824,
    "eps": 2.54,
    "epsdiluted": 2.5,
    "weightedAverageShsOut": 1155118110,
    "weightedAverageShsOutDil": 1173600000,
    "link": "https://www.sec.gov/Archives/edgar/data/1090727/000095014401004629/0000950144-01-004629-index.htm",
    "finalLink": "https://www.sec.gov/Archives/edgar/data/1090727/000095014401004629/g68035e10-k.htm"
  },
  {
    "date": "1999-12-31",
    "symbol": "UPS",
    "reportedCurrency": "USD",
    "cik": "0001090727",
    "fillingDate": "2000-03-30",
    "acceptedDate": "2000-03-30 00:00:00",
    "calendarYear": "1999",
    "period": "FY",
    "revenue": 27052000000,
    "costOfRevenue": 6640000000,
    "grossProfit": 20412000000,
    "grossProfitRatio": 0.7545467988,
    "researchAndDevelopmentExpenses": 0,
    "generalAndAdministrativeExpenses": 0,
    "sellingAndMarketingExpenses": 0,
    "sellingGeneralAndAdministrativeExpenses": 15285000000,
    "otherExpenses": 1222000000,
    "operatingExpenses": 21278000000,
    "costAndExpenses": 27918000000,
    "interestIncome": 0,
    "interestExpense": 0,
    "depreciationAndAmortization": 1139000000,
    "ebitda": 3731000000,
    "ebitdaratio": 0.1379195623,
    "operatingIncome": 3988000000,
    "operatingIncomeRatio": 0.1474197841,
    "totalOtherIncomeExpensesNet": -1817000000,
    "incomeBeforeTax": 2088000000,
    "incomeBeforeTaxRatio": 0.0771846814,
    "incomeTaxExpense": 1205000000,
    "netIncome": 883000000,
    "netIncomeRatio": 0.0326408399,
    "eps": 0.79,
    "epsdiluted": 0.77,
    "weightedAverageShsOut": 1117721519,
    "weightedAverageShsOutDil": 1146753247,
    "link": "https://www.sec.gov/Archives/edgar/data/1090727/000093176300000749/0000931763-00-000749-index.html",
    "finalLink": "https://www.sec.gov/Archives/edgar/data/1090727/000093176300000749/"
  },
  {
    "date": "1998-12-31",
    "symbol": "UPS",
    "reportedCurrency": "USD",
    "cik": "0001090727",
    "fillingDate": "1998-12-31",
    "acceptedDate": "1998-12-31 00:00:00",
    "calendarYear": "1998",
    "period": "FY",
    "revenue": 24788000000,
    "costOfRevenue": 6240000000,
    "grossProfit": 18548000000,
    "grossProfitRatio": 0.7482652897,
    "researchAndDevelopmentExpenses": 0,
    "generalAndAdministrativeExpenses": 0,
    "sellingAndMarketingExpenses": 0,
    "sellingGeneralAndAdministrativeExpenses": 14346000000,
    "otherExpenses": 1112000000,
    "operatingExpenses": 15458000000,
    "costAndExpenses": 21698000000,
    "interestIncome": 0,
    "interestExpense": 0,
    "depreciationAndAmortization": -1112000000,
    "ebitda": 4163000000,
    "ebitdaratio": 0.1679441665,
    "operatingIncome": 3090000000,
    "operatingIncomeRatio": 0.1246570921,
    "totalOtherIncomeExpensesNet": -188000000,
    "incomeBeforeTax": 2902000000,
    "incomeBeforeTaxRatio": 0.1170727772,
    "incomeTaxExpense": 1161000000,
    "netIncome": 1741000000,
    "netIncomeRatio": 0.0702355979,
    "eps": 1.59,
    "epsdiluted": 1.57,
    "weightedAverageShsOut": 1094968553,
    "weightedAverageShsOutDil": 1108917197,
    "link": null,
    "finalLink": null
  }
]