[
  {
    "date": "2025-06-30",
    "symbol": "URI",
    "reportedCurrency": "USD",
    "cik": "0001067701",
    "fillingDate": "2025-07-23",
    "acceptedDate": "2025-07-23 16:42:46",
    "calendarYear": "2025",
    "period": "Q2",
    "revenue": 3943000000,
    "costOfRevenue": 2518000000,
    "grossProfit": 1425000000,
    "grossProfitRatio": 0.3613999493,
    "researchAndDevelopmentExpenses": 0,
    "generalAndAdministrativeExpenses": 0,
    "sellingAndMarketingExpenses": 0,
    "sellingGeneralAndAdministrativeExpenses": 422000000,
    "otherExpenses": 0,
    "operatingExpenses": 422000000,
    "costAndExpenses": 2940000000,
    "interestIncome": 0,
    "interestExpense": 171000000,
    "depreciationAndAmortization": 759000000,
    "ebitda": 1769000000,
    "ebitdaratio": 0.4486431651,
    "operatingIncome": 1003000000,
    "operatingIncomeRatio": 0.2543748415,
    "totalOtherIncomeExpensesNet": -164000000,
    "incomeBeforeTax": 839000000,
    "incomeBeforeTaxRatio": 0.2127821456,
    "incomeTaxExpense": 217000000,
    "netIncome": 622000000,
    "netIncomeRatio": 0.1577479077,
    "eps": 9.59,
    "epsdiluted": 9.59,
    "weightedAverageShsOut": 64894999,
    "weightedAverageShsOutDil": 64947000,
    "link": "https://www.sec.gov/Archives/edgar/data/1067701/000162828025035756/0001628280-25-035756-index.htm",
    "finalLink": "https://www.sec.gov/Archives/edgar/data/1047166/000162828025035756/uri-20250630.htm"
  },
  {
    "date": "2025-03-31",
    "symbol": "URI",
    "reportedCurrency": "USD",
    "cik": "0001067701",
    "fillingDate": "2025-04-23",
    "acceptedDate": "2025-04-23 16:27:17",
    "calendarYear": "2025",
    "period": "Q1",
    "revenue": 3719000000,
    "costOfRevenue": 2477000000,
    "grossProfit": 1242000000,
    "grossProfitRatio": 0.3339607421,
    "researchAndDevelopmentExpenses": 0,
    "generalAndAdministrativeExpenses": 0,
    "sellingAndMarketingExpenses": 0,
    "sellingGeneralAndAdministrativeExpenses": 437000000,
    "otherExpenses": 0,
    "operatingExpenses": 437000000,
    "costAndExpenses": 2914000000,
    "interestIncome": 0,
    "interestExpense": 184000000,
    "depreciationAndAmortization": 751000000,
    "ebitda": 1623000000,
    "ebitdaratio": 0.4364076365,
    "operatingIncome": 805000000,
    "operatingIncomeRatio": 0.2164560366,
    "totalOtherIncomeExpensesNet": -117000000,
    "incomeBeforeTax": 688000000,
    "incomeBeforeTaxRatio": 0.1849959667,
    "incomeTaxExpense": 170000000,
    "netIncome": 518000000,
    "netIncomeRatio": 0.139284754,
    "eps": 7.92,
    "epsdiluted": 7.91,
    "weightedAverageShsOut": 65335000,
    "weightedAverageShsOutDil": 65435000,
    "link": "https://www.sec.gov/Archives/edgar/data/1067701/000106770125000017/0001067701-25-000017-index.htm",
    "finalLink": "https://www.sec.gov/Archives/edgar/data/1047166/000106770125000017/uri-20250331.htm"
  },
  {
    "date": "2024-12-31",
    "symbol": "URI",
    "reportedCurrency": "USD",
    "cik": "0001067701",
    "fillingDate": "2025-01-29",
    "acceptedDate": "2025-01-29 16:20:35",
    "calendarYear": "2024",
    "period": "Q4",
    "revenue": 4095000000,
    "costOfRevenue": 2572000000,
    "grossProfit": 1523000000,
    "grossProfitRatio": 0.3719169719,
    "researchAndDevelopmentExpenses": 0,
    "generalAndAdministrativeExpenses": 0,
    "sellingAndMarketingExpenses": 0,
    "sellingGeneralAndAdministrativeExpenses": 436000000,
    "otherExpenses": 0,
    "operatingExpenses": 436000000,
    "costAndExpenses": 3008000000,
    "interestIncome": 0,
    "interestExpense": 180000000,
    "depreciationAndAmortization": 762000000,
    "ebitda": 1851000000,
    "ebitdaratio": 0.452014652,
    "operatingIncome": 1087000000,
    "operatingIncomeRatio": 0.2654456654,
    "totalOtherIncomeExpensesNet": -178000000,
    "incomeBeforeTax": 909000000,
    "incomeBeforeTaxRatio": 0.221978022,
    "incomeTaxExpense": 220000000,
    "netIncome": 689000000,
    "netIncomeRatio": 0.1682539683,
    "eps": 10.5,
    "epsdiluted": 10.48,
    "weightedAverageShsOut": 66019000,
    "weightedAverageShsOutDil": 66185000,
    "link": "https://www.sec.gov/Archives/edgar/data/1067701/000106770125000008/0001067701-25-000008-index.htm",
    "finalLink": "https://www.sec.gov/Archives/edgar/data/1047166/000106770125000008/uri-20241231.htm"
  },
  {
    "date": "2024-09-30",
    "symbol": "URI",
    "reportedCurrency": "USD",
    "cik": "0001067701",
    "fillingDate": "2024-10-23",
    "acceptedDate": "2024-10-23 16:20:57",
    "calendarYear": "2024",
    "period": "Q3",
    "revenue": 3992000000,
    "costOfRevenue": 2453000000,
    "grossProfit": 1539000000,
    "grossProfitRatio": 0.3855210421,
    "researchAndDevelopmentExpenses": 0,
    "generalAndAdministrativeExpenses": 0,
    "sellingAndMarketingExpenses": 0,
    "sellingGeneralAndAdministrativeExpenses": 416000000,
    "otherExpenses": 0,
    "operatingExpenses": 416000000,
    "costAndExpenses": 2869000000,
    "interestIncome": 0,
    "interestExpense": 178000000,
    "depreciationAndAmortization": 738000000,
    "ebitda": 1865000000,
    "ebitdaratio": 0.4671843687,
    "operatingIncome": 1123000000,
    "operatingIncomeRatio": 0.2813126253,
    "totalOtherIncomeExpensesNet": -174000000,
    "incomeBeforeTax": 949000000,
    "incomeBeforeTaxRatio": 0.2377254509,
    "incomeTaxExpense": 241000000,
    "netIncome": 708000000,
    "netIncomeRatio": 0.1773547094,
    "eps": 10.72,
    "epsdiluted": 10.7,
    "weightedAverageShsOut": 66019000,
    "weightedAverageShsOutDil": 66185000,
    "link": "https://www.sec.gov/Archives/edgar/data/1067701/000106770124000037/0001067701-24-000037-index.htm",
    "finalLink": "https://www.sec.gov/Archives/edgar/data/1047166/000106770124000037/uri-20240930.htm"
  },
  {
    "date": "2024-06-30",
    "symbol": "URI",
    "reportedCurrency": "USD",
    "cik": "0001067701",
    "fillingDate": "2024-07-24",
    "acceptedDate": "2024-07-24 16:22:32",
    "calendarYear": "2024",
    "period": "Q2",
    "revenue": 3773000000,
    "costOfRevenue": 2364000000,
    "grossProfit": 1409000000,
    "grossProfitRatio": 0.3734428836,
    "researchAndDevelopmentExpenses": 0,
    "generalAndAdministrativeExpenses": 0,
    "sellingAndMarketingExpenses": 0,
    "sellingGeneralAndAdministrativeExpenses": 404000000,
    "otherExpenses": 0,
    "operatingExpenses": 404000000,
    "costAndExpenses": 2768000000,
    "interestIncome": 0,
    "interestExpense": 173000000,
    "depreciationAndAmortization": 717000000,
    "ebitda": 1725000000,
    "ebitdaratio": 0.4571958654,
    "operatingIncome": 1005000000,
    "operatingIncomeRatio": 0.2663662868,
    "totalOtherIncomeExpensesNet": -170000000,
    "incomeBeforeTax": 835000000,
    "incomeBeforeTaxRatio": 0.2213093029,
    "incomeTaxExpense": 199000000,
    "netIncome": 636000000,
    "netIncomeRatio": 0.1685661277,
    "eps": 9.55,
    "epsdiluted": 9.53,
    "weightedAverageShsOut": 66563000,
    "weightedAverageShsOutDil": 66712000,
    "link": "https://www.sec.gov/Archives/edgar/data/1067701/000106770124000028/0001067701-24-000028-index.htm",
    "finalLink": "https://www.sec.gov/Archives/edgar/data/1047166/000106770124000028/uri-20240630.htm"
  },
  {
    "date": "2024-03-31",
    "symbol": "URI",
    "reportedCurrency": "USD",
    "cik": "0001067701",
    "fillingDate": "2024-04-24",
    "acceptedDate": "2024-04-24 16:26:26",
    "calendarYear": "2024",
    "period": "Q1",
    "revenue": 3485000000,
    "costOfRevenue": 2243000000,
    "grossProfit": 1242000000,
    "grossProfitRatio": 0.356384505,
    "researchAndDevelopmentExpenses": 0,
    "generalAndAdministrativeExpenses": 0,
    "sellingAndMarketingExpenses": 0,
    "sellingGeneralAndAdministrativeExpenses": 389000000,
    "otherExpenses": 0,
    "operatingExpenses": 389000000,
    "costAndExpenses": 2632000000,
    "interestIncome": 0,
    "interestExpense": 160000000,
    "depreciationAndAmortization": 686000000,
    "ebitda": 1541000000,
    "ebitdaratio": 0.4421807747,
    "operatingIncome": 853000000,
    "operatingIncomeRatio": 0.2447632712,
    "totalOtherIncomeExpensesNet": -158000000,
    "incomeBeforeTax": 695000000,
    "incomeBeforeTaxRatio": 0.1994261119,
    "incomeTaxExpense": 153000000,
    "netIncome": 542000000,
    "netIncomeRatio": 0.1555236729,
    "eps": 8.06,
    "epsdiluted": 8.04,
    "weightedAverageShsOut": 67213000,
    "weightedAverageShsOutDil": 67417000,
    "link": "https://www.sec.gov/Archives/edgar/data/1067701/000106770124000016/0001067701-24-000016-index.htm",
    "finalLink": "https://www.sec.gov/Archives/edgar/data/1047166/000106770124000016/uri-20240331.htm"
  },
  {
    "date": "2023-12-31",
    "symbol": "URI",
    "reportedCurrency": "USD",
    "cik": "0001067701",
    "fillingDate": "2024-01-24",
    "acceptedDate": "2024-01-24 16:27:28",
    "calendarYear": "2023",
    "period": "Q4",
    "revenue": 3728000000,
    "costOfRevenue": 2268000000,
    "grossProfit": 1460000000,
    "grossProfitRatio": 0.3916309013,
    "researchAndDevelopmentExpenses": 0,
    "generalAndAdministrativeExpenses": 0,
    "sellingAndMarketingExpenses": 0,
    "sellingGeneralAndAdministrativeExpenses": 393000000,
    "otherExpenses": 0,
    "operatingExpenses": 393000000,
    "costAndExpenses": 2661000000,
    "interestIncome": 0,
    "interestExpense": 161000000,
    "depreciationAndAmortization": 697000000,
    "ebitda": 1760000000,
    "ebitdaratio": 0.4721030043,
    "operatingIncome": 1067000000,
    "operatingIncomeRatio": 0.2862124464,
    "totalOtherIncomeExpensesNet": -165000000,
    "incomeBeforeTax": 902000000,
    "incomeBeforeTaxRatio": 0.2419527897,
    "incomeTaxExpense": 223000000,
    "netIncome": 679000000,
    "netIncomeRatio": 0.1821351931,
    "eps": 10.04,
    "epsdiluted": 10.01,
    "weightedAverageShsOut": 67600000,
    "weightedAverageShsOutDil": 67800000,
    "link": "https://www.sec.gov/Archives/edgar/data/1067701/000106770124000007/0001067701-24-000007-index.htm",
    "finalLink": "https://www.sec.gov/Archives/edgar/data/1047166/000106770124000007/uri-20231231.htm"
  },
  {
    "date": "2023-09-30",
    "symbol": "URI",
    "reportedCurrency": "USD",
    "cik": "0001067701",
    "fillingDate": "2023-10-25",
    "acceptedDate": "2023-10-25 16:23:58",
    "calendarYear": "2023",
    "period": "Q3",
    "revenue": 3765000000,
    "costOfRevenue": 2287000000,
    "grossProfit": 1478000000,
    "grossProfitRatio": 0.392563081,
    "researchAndDevelopmentExpenses": 0,
    "generalAndAdministrativeExpenses": 0,
    "sellingAndMarketingExpenses": 0,
    "sellingGeneralAndAdministrativeExpenses": 374000000,
    "otherExpenses": 0,
    "operatingExpenses": 374000000,
    "costAndExpenses": 2661000000,
    "interestIncome": 0,
    "interestExpense": 163000000,
    "depreciationAndAmortization": 695000000,
    "ebitda": 1801000000,
    "ebitdaratio": 0.4783532537,
    "operatingIncome": 1104000000,
    "operatingIncomeRatio": 0.2932270916,
    "totalOtherIncomeExpensesNet": -161000000,
    "incomeBeforeTax": 943000000,
    "incomeBeforeTaxRatio": 0.2504648074,
    "incomeTaxExpense": 240000000,
    "netIncome": 703000000,
    "netIncomeRatio": 0.1867197875,
    "eps": 10.32,
    "epsdiluted": 10.3,
    "weightedAverageShsOut": 68153000,
    "weightedAverageShsOutDil": 68263000,
    "link": "https://www.sec.gov/Archives/edgar/data/1067701/000106770123000041/0001067701-23-000041-index.htm",
    "finalLink": "https://www.sec.gov/Archives/edgar/data/1047166/000106770123000041/uri-20230930.htm"
  },
  {
    "date": "2023-06-30",
    "symbol": "URI",
    "reportedCurrency": "USD",
    "cik": "0001067701",
    "fillingDate": "2023-07-26",
    "acceptedDate": "2023-07-26 16:23:39",
    "calendarYear": "2023",
    "period": "Q2",
    "revenue": 3554000000,
    "costOfRevenue": 2233000000,
    "grossProfit": 1321000000,
    "grossProfitRatio": 0.3716938661,
    "researchAndDevelopmentExpenses": 0,
    "generalAndAdministrativeExpenses": 0,
    "sellingAndMarketingExpenses": 0,
    "sellingGeneralAndAdministrativeExpenses": 378000000,
    "otherExpenses": 0,
    "operatingExpenses": 378000000,
    "costAndExpenses": 2611000000,
    "interestIncome": 0,
    "interestExpense": 161000000,
    "depreciationAndAmortization": 696000000,
    "ebitda": 1629000000,
    "ebitdaratio": 0.4583567811,
    "operatingIncome": 943000000,
    "operatingIncomeRatio": 0.265334834,
    "totalOtherIncomeExpensesNet": -171000000,
    "incomeBeforeTax": 772000000,
    "incomeBeforeTaxRatio": 0.2172200338,
    "incomeTaxExpense": 181000000,
    "netIncome": 591000000,
    "netIncomeRatio": 0.1662915025,
    "eps": 8.6,
    "epsdiluted": 8.59,
    "weightedAverageShsOut": 68718000,
    "weightedAverageShsOutDil": 68841000,
    "link": "https://www.sec.gov/Archives/edgar/data/1067701/000106770123000032/0001067701-23-000032-index.htm",
    "finalLink": "https://www.sec.gov/Archives/edgar/data/1047166/000106770123000032/uri-20230630.htm"
  },
  {
    "date": "2023-03-31",
    "symbol": "URI",
    "reportedCurrency": "USD",
    "cik": "0001067701",
    "fillingDate": "2023-04-26",
    "acceptedDate": "2023-04-26 16:22:57",
    "calendarYear": "2023",
    "period": "Q1",
    "revenue": 3285000000,
    "costOfRevenue": 2162000000,
    "grossProfit": 1123000000,
    "grossProfitRatio": 0.3418569254,
    "researchAndDevelopmentExpenses": 0,
    "generalAndAdministrativeExpenses": 0,
    "sellingAndMarketingExpenses": 0,
    "sellingGeneralAndAdministrativeExpenses": 382000000,
    "otherExpenses": 0,
    "operatingExpenses": 382000000,
    "costAndExpenses": 2544000000,
    "interestIncome": 0,
    "interestExpense": 150000000,
    "depreciationAndAmortization": 693000000,
    "ebitda": 1437000000,
    "ebitdaratio": 0.4374429224,
    "operatingIncome": 741000000,
    "operatingIncomeRatio": 0.2255707763,
    "totalOtherIncomeExpensesNet": -147000000,
    "incomeBeforeTax": 594000000,
    "incomeBeforeTaxRatio": 0.1808219178,
    "incomeTaxExpense": 143000000,
    "netIncome": 451000000,
    "netIncomeRatio": 0.1372907154,
    "eps": 6.5,
    "epsdiluted": 6.47,
    "weightedAverageShsOut": 69414000,
    "weightedAverageShsOutDil": 69745000,
    "link": "https://www.sec.gov/Archives/edgar/data/1067701/000106770123000020/0001067701-23-000020-index.htm",
    "finalLink": "https://www.sec.gov/Archives/edgar/data/1047166/000106770123000020/uri-20230331.htm"
  },
  {
    "date": "2022-12-31",
    "symbol": "URI",
    "reportedCurrency": "USD",
    "cik": "0001067701",
    "fillingDate": "2023-01-25",
    "acceptedDate": "2023-01-25 16:21:53",
    "calendarYear": "2022",
    "period": "Q4",
    "revenue": 3296000000,
    "costOfRevenue": 1894000000,
    "grossProfit": 1402000000,
    "grossProfitRatio": 0.4253640777,
    "researchAndDevelopmentExpenses": 0,
    "generalAndAdministrativeExpenses": 0,
    "sellingAndMarketingExpenses": 0,
    "sellingGeneralAndAdministrativeExpenses": 378000000,
    "otherExpenses": 0,
    "operatingExpenses": 378000000,
    "costAndExpenses": 2272000000,
    "interestIncome": 0,
    "interestExpense": 132000000,
    "depreciationAndAmortization": 577000000,
    "ebitda": 1604000000,
    "ebitdaratio": 0.4866504854,
    "operatingIncome": 1024000000,
    "operatingIncomeRatio": 0.3106796117,
    "totalOtherIncomeExpensesNet": -129000000,
    "incomeBeforeTax": 895000000,
    "incomeBeforeTaxRatio": 0.2715412621,
    "incomeTaxExpense": 256000000,
    "netIncome": 639000000,
    "netIncomeRatio": 0.1938713592,
    "eps": 9.21,
    "epsdiluted": 9.15,
    "weightedAverageShsOut": 69400000,
    "weightedAverageShsOutDil": 69800000,
    "link": "https://www.sec.gov/Archives/edgar/data/1067701/000106770123000010/0001067701-23-000010-index.htm",
    "finalLink": "https://www.sec.gov/Archives/edgar/data/1047166/000106770123000010/uri-20221231.htm"
  },
  {
    "date": "2022-09-30",
    "symbol": "URI",
    "reportedCurrency": "USD",
    "cik": "0001067701",
    "fillingDate": "2022-10-26",
    "acceptedDate": "2022-10-26 16:21:01",
    "calendarYear": "2022",
    "period": "Q3",
    "revenue": 3051000000,
    "costOfRevenue": 1775000000,
    "grossProfit": 1276000000,
    "grossProfitRatio": 0.4182235333,
    "researchAndDevelopmentExpenses": 0,
    "generalAndAdministrativeExpenses": 0,
    "sellingAndMarketingExpenses": 0,
    "sellingGeneralAndAdministrativeExpenses": 356000000,
    "otherExpenses": 0,
    "operatingExpenses": 356000000,
    "costAndExpenses": 2131000000,
    "interestIncome": 0,
    "interestExpense": 106000000,
    "depreciationAndAmortization": 560000000,
    "ebitda": 1482000000,
    "ebitdaratio": 0.4857423795,
    "operatingIncome": 920000000,
    "operatingIncomeRatio": 0.3015404785,
    "totalOtherIncomeExpensesNet": -104000000,
    "incomeBeforeTax": 816000000,
    "incomeBeforeTaxRatio": 0.267453294,
    "incomeTaxExpense": 210000000,
    "netIncome": 606000000,
    "netIncomeRatio": 0.1986234022,
    "eps": 8.68,
    "epsdiluted": 8.65,
    "weightedAverageShsOut": 69854000,
    "weightedAverageShsOutDil": 70053000,
    "link": "https://www.sec.gov/Archives/edgar/data/1067701/000106770122000039/0001067701-22-000039-index.htm",
    "finalLink": "https://www.sec.gov/Archives/edgar/data/1047166/000106770122000039/uri-20220930.htm"
  },
  {
    "date": "2022-06-30",
    "symbol": "URI",
    "reportedCurrency": "USD",
    "cik": "0001067701",
    "fillingDate": "2022-07-27",
    "acceptedDate": "2022-07-27 16:25:55",
    "calendarYear": "2022",
    "period": "Q2",
    "revenue": 2771000000,
    "costOfRevenue": 1712000000,
    "grossProfit": 1059000000,
    "grossProfitRatio": 0.3821725009,
    "researchAndDevelopmentExpenses": 0,
    "generalAndAdministrativeExpenses": 0,
    "sellingAndMarketingExpenses": 0,
    "sellingGeneralAndAdministrativeExpenses": 343000000,
    "otherExpenses": 0,
    "operatingExpenses": 343000000,
    "costAndExpenses": 2055000000,
    "interestIncome": 0,
    "interestExpense": 113000000,
    "depreciationAndAmortization": 548000000,
    "ebitda": 1269000000,
    "ebitdaratio": 0.4579574161,
    "operatingIncome": 716000000,
    "operatingIncomeRatio": 0.2583904728,
    "totalOtherIncomeExpensesNet": -108000000,
    "incomeBeforeTax": 608000000,
    "incomeBeforeTaxRatio": 0.2194153735,
    "incomeTaxExpense": 115000000,
    "netIncome": 493000000,
    "netIncomeRatio": 0.1779141104,
    "eps": 6.92,
    "epsdiluted": 6.91,
    "weightedAverageShsOut": 71221000,
    "weightedAverageShsOutDil": 71354000,
    "link": "https://www.sec.gov/Archives/edgar/data/1067701/000106770122000027/0001067701-22-000027-index.htm",
    "finalLink": "https://www.sec.gov/Archives/edgar/data/1047166/000106770122000027/uri-20220630.htm"
  },
  {
    "date": "2022-03-31",
    "symbol": "URI",
    "reportedCurrency": "USD",
    "cik": "0001067701",
    "fillingDate": "2022-04-27",
    "acceptedDate": "2022-04-27 16:25:47",
    "calendarYear": "2022",
    "period": "Q1",
    "revenue": 2524000000,
    "costOfRevenue": 1629000000,
    "grossProfit": 895000000,
    "grossProfitRatio": 0.3545958796,
    "researchAndDevelopmentExpenses": 0,
    "generalAndAdministrativeExpenses": 0,
    "sellingAndMarketingExpenses": 0,
    "sellingGeneralAndAdministrativeExpenses": 323000000,
    "otherExpenses": 0,
    "operatingExpenses": 323000000,
    "costAndExpenses": 1952000000,
    "interestIncome": 0,
    "interestExpense": 94000000,
    "depreciationAndAmortization": 532000000,
    "ebitda": 1109000000,
    "ebitdaratio": 0.4393819334,
    "operatingIncome": 572000000,
    "operatingIncomeRatio": 0.2266244057,
    "totalOtherIncomeExpensesNet": -89000000,
    "incomeBeforeTax": 483000000,
    "incomeBeforeTaxRatio": 0.191362916,
    "incomeTaxExpense": 116000000,
    "netIncome": 367000000,
    "netIncomeRatio": 0.1454041204,
    "eps": 5.07,
    "epsdiluted": 5.05,
    "weightedAverageShsOut": 72372000,
    "weightedAverageShsOutDil": 72684000,
    "link": "https://www.sec.gov/Archives/edgar/data/1067701/000106770122000018/0001067701-22-000018-index.htm",
    "finalLink": "https://www.sec.gov/Archives/edgar/data/1047166/000106770122000018/uri-20220331.htm"
  },
  {
    "date": "2021-12-31",
    "symbol": "URI",
    "reportedCurrency": "USD",
    "cik": "0001067701",
    "fillingDate": "2022-01-26",
    "acceptedDate": "2022-01-26 16:21:38",
    "calendarYear": "2021",
    "period": "Q4",
    "revenue": 2776000000,
    "costOfRevenue": 1708000000,
    "grossProfit": 1068000000,
    "grossProfitRatio": 0.3847262248,
    "researchAndDevelopmentExpenses": 0,
    "generalAndAdministrativeExpenses": 0,
    "sellingAndMarketingExpenses": 0,
    "sellingGeneralAndAdministrativeExpenses": 322000000,
    "otherExpenses": 0,
    "operatingExpenses": 322000000,
    "costAndExpenses": 2030000000,
    "interestIncome": 0,
    "interestExpense": 93000000,
    "depreciationAndAmortization": 532000000,
    "ebitda": 1269000000,
    "ebitdaratio": 0.4571325648,
    "operatingIncome": 746000000,
    "operatingIncomeRatio": 0.2687319885,
    "totalOtherIncomeExpensesNet": -102000000,
    "incomeBeforeTax": 644000000,
    "incomeBeforeTaxRatio": 0.2319884726,
    "incomeTaxExpense": 163000000,
    "netIncome": 481000000,
    "netIncomeRatio": 0.1732708934,
    "eps": 6.63,
    "epsdiluted": 6.6,
    "weightedAverageShsOut": 72500000,
    "weightedAverageShsOutDil": 72900000,
    "link": "https://www.sec.gov/Archives/edgar/data/1067701/000106770122000008/0001067701-22-000008-index.htm",
    "finalLink": "https://www.sec.gov/Archives/edgar/data/1047166/000106770122000008/uri-20211231.htm"
  },
  {
    "date": "2021-09-30",
    "symbol": "URI",
    "reportedCurrency": "USD",
    "cik": "0001067701",
    "fillingDate": "2021-10-27",
    "acceptedDate": "2021-10-27 16:28:36",
    "calendarYear": "2021",
    "period": "Q3",
    "revenue": 2596000000,
    "costOfRevenue": 1591000000,
    "grossProfit": 1005000000,
    "grossProfitRatio": 0.3871340524,
    "researchAndDevelopmentExpenses": 0,
    "generalAndAdministrativeExpenses": 0,
    "sellingAndMarketingExpenses": 0,
    "sellingGeneralAndAdministrativeExpenses": 326000000,
    "otherExpenses": 0,
    "operatingExpenses": 326000000,
    "costAndExpenses": 1917000000,
    "interestIncome": 0,
    "interestExpense": 132000000,
    "depreciationAndAmortization": 510000000,
    "ebitda": 1192000000,
    "ebitdaratio": 0.4591679507,
    "operatingIncome": 679000000,
    "operatingIncomeRatio": 0.2615562404,
    "totalOtherIncomeExpensesNet": -129000000,
    "incomeBeforeTax": 550000000,
    "incomeBeforeTaxRatio": 0.2118644068,
    "incomeTaxExpense": 141000000,
    "netIncome": 409000000,
    "netIncomeRatio": 0.157550077,
    "eps": 5.65,
    "epsdiluted": 5.63,
    "weightedAverageShsOut": 72463000,
    "weightedAverageShsOutDil": 72710000,
    "link": "https://www.sec.gov/Archives/edgar/data/1067701/000106770121000040/0001067701-21-000040-index.htm",
    "finalLink": "https://www.sec.gov/Archives/edgar/data/1047166/000106770121000040/uri-20210930.htm"
  },
  {
    "date": "2021-06-30",
    "symbol": "URI",
    "reportedCurrency": "USD",
    "cik": "0001067701",
    "fillingDate": "2021-07-28",
    "acceptedDate": "2021-07-28 16:25:35",
    "calendarYear": "2021",
    "period": "Q2",
    "revenue": 2287000000,
    "costOfRevenue": 1502000000,
    "grossProfit": 785000000,
    "grossProfitRatio": 0.343244425,
    "researchAndDevelopmentExpenses": 0,
    "generalAndAdministrativeExpenses": 0,
    "sellingAndMarketingExpenses": 0,
    "sellingGeneralAndAdministrativeExpenses": 301000000,
    "otherExpenses": 0,
    "operatingExpenses": 301000000,
    "costAndExpenses": 1803000000,
    "interestIncome": 0,
    "interestExpense": 100000000,
    "depreciationAndAmortization": 475000000,
    "ebitda": 952000000,
    "ebitdaratio": 0.4162658505,
    "operatingIncome": 484000000,
    "operatingIncomeRatio": 0.2116309576,
    "totalOtherIncomeExpensesNet": -107000000,
    "incomeBeforeTax": 377000000,
    "incomeBeforeTaxRatio": 0.1648447748,
    "incomeTaxExpense": 84000000,
    "netIncome": 293000000,
    "netIncomeRatio": 0.1281154351,
    "eps": 4.03,
    "epsdiluted": 4.02,
    "weightedAverageShsOut": 72455000,
    "weightedAverageShsOutDil": 72717000,
    "link": "https://www.sec.gov/Archives/edgar/data/1067701/000106770121000028/0001067701-21-000028-index.htm",
    "finalLink": "https://www.sec.gov/Archives/edgar/data/1047166/000106770121000028/uri-20210630.htm"
  },
  {
    "date": "2021-03-31",
    "symbol": "URI",
    "reportedCurrency": "USD",
    "cik": "0001067701",
    "fillingDate": "2021-04-28",
    "acceptedDate": "2021-04-28 16:25:12",
    "calendarYear": "2021",
    "period": "Q1",
    "revenue": 2057000000,
    "costOfRevenue": 1434000000,
    "grossProfit": 623000000,
    "grossProfitRatio": 0.3028682547,
    "researchAndDevelopmentExpenses": 0,
    "generalAndAdministrativeExpenses": 0,
    "sellingAndMarketingExpenses": 0,
    "sellingGeneralAndAdministrativeExpenses": 250000000,
    "otherExpenses": 0,
    "operatingExpenses": 250000000,
    "costAndExpenses": 1684000000,
    "interestIncome": 0,
    "interestExpense": 99000000,
    "depreciationAndAmortization": 466000000,
    "ebitda": 840000000,
    "ebitdaratio": 0.4083616918,
    "operatingIncome": 373000000,
    "operatingIncomeRatio": 0.1813320369,
    "totalOtherIncomeExpensesNet": -98000000,
    "incomeBeforeTax": 275000000,
    "incomeBeforeTaxRatio": 0.1336898396,
    "incomeTaxExpense": 72000000,
    "netIncome": 203000000,
    "netIncomeRatio": 0.0986874088,
    "eps": 2.81,
    "epsdiluted": 2.8,
    "weightedAverageShsOut": 72338000,
    "weightedAverageShsOutDil": 72674000,
    "link": "https://www.sec.gov/Archives/edgar/data/1067701/000106770121000018/0001067701-21-000018-index.htm",
    "finalLink": "https://www.sec.gov/Archives/edgar/data/1047166/000106770121000018/uri-20210331.htm"
  },
  {
    "date": "2020-12-31",
    "symbol": "URI",
    "reportedCurrency": "USD",
    "cik": "0001067701",
    "fillingDate": "2021-01-27",
    "acceptedDate": "2021-01-27 16:24:35",
    "calendarYear": "2020",
    "period": "Q4",
    "revenue": 2279000000,
    "costOfRevenue": 1505000000,
    "grossProfit": 774000000,
    "grossProfitRatio": 0.3396226415,
    "researchAndDevelopmentExpenses": 0,
    "generalAndAdministrativeExpenses": 0,
    "sellingAndMarketingExpenses": 0,
    "sellingGeneralAndAdministrativeExpenses": 258000000,
    "otherExpenses": 0,
    "operatingExpenses": 258000000,
    "costAndExpenses": 1763000000,
    "interestIncome": 0,
    "interestExpense": 125000000,
    "depreciationAndAmortization": 480000000,
    "ebitda": 992000000,
    "ebitdaratio": 0.435278631,
    "operatingIncome": 516000000,
    "operatingIncomeRatio": 0.2264150943,
    "totalOtherIncomeExpensesNet": -129000000,
    "incomeBeforeTax": 387000000,
    "incomeBeforeTaxRatio": 0.1698113208,
    "incomeTaxExpense": 90000000,
    "netIncome": 297000000,
    "netIncomeRatio": 0.1303203159,
    "eps": 4.11,
    "epsdiluted": 4.09,
    "weightedAverageShsOut": 72300000,
    "weightedAverageShsOutDil": 72600000,
    "link": "https://www.sec.gov/Archives/edgar/data/1067701/000106770121000008/0001067701-21-000008-index.htm",
    "finalLink": "https://www.sec.gov/Archives/edgar/data/1047166/000106770121000008/uri-20201231.htm"
  },
  {
    "date": "2020-09-30",
    "symbol": "URI",
    "reportedCurrency": "USD",
    "cik": "0001067701",
    "fillingDate": "2020-10-28",
    "acceptedDate": "2020-10-28 16:22:44",
    "calendarYear": "2020",
    "period": "Q3",
    "revenue": 2187000000,
    "costOfRevenue": 1388000000,
    "grossProfit": 799000000,
    "grossProfitRatio": 0.3653406493,
    "researchAndDevelopmentExpenses": 0,
    "generalAndAdministrativeExpenses": 0,
    "sellingAndMarketingExpenses": 0,
    "sellingGeneralAndAdministrativeExpenses": 232000000,
    "otherExpenses": 0,
    "operatingExpenses": 232000000,
    "costAndExpenses": 1620000000,
    "interestIncome": 0,
    "interestExpense": 278000000,
    "depreciationAndAmortization": 482000000,
    "ebitda": 1035000000,
    "ebitdaratio": 0.4732510288,
    "operatingIncome": 567000000,
    "operatingIncomeRatio": 0.2592592593,
    "totalOtherIncomeExpensesNet": -292000000,
    "incomeBeforeTax": 275000000,
    "incomeBeforeTaxRatio": 0.125743027,
    "incomeTaxExpense": 67000000,
    "netIncome": 208000000,
    "netIncomeRatio": 0.0951074531,
    "eps": 2.88,
    "epsdiluted": 2.87,
    "weightedAverageShsOut": 72200000,
    "weightedAverageShsOutDil": 72400000,
    "link": "https://www.sec.gov/Archives/edgar/data/1067701/000106770120000046/0001067701-20-000046-index.htm",
    "finalLink": "https://www.sec.gov/Archives/edgar/data/1047166/000106770120000046/uri-20200930.htm"
  },
  {
    "date": "2020-06-30",
    "symbol": "URI",
    "reportedCurrency": "USD",
    "cik": "0001067701",
    "fillingDate": "2020-07-29",
    "acceptedDate": "2020-07-29 17:02:37",
    "calendarYear": "2020",
    "period": "Q2",
    "revenue": 1939000000,
    "costOfRevenue": 1333000000,
    "grossProfit": 606000000,
    "grossProfitRatio": 0.3125322331,
    "researchAndDevelopmentExpenses": 0,
    "generalAndAdministrativeExpenses": 0,
    "sellingAndMarketingExpenses": 0,
    "sellingGeneralAndAdministrativeExpenses": 222000000,
    "otherExpenses": 0,
    "operatingExpenses": 222000000,
    "costAndExpenses": 1555000000,
    "interestIncome": 0,
    "interestExpense": 130000000,
    "depreciationAndAmortization": 490000000,
    "ebitda": 871000000,
    "ebitdaratio": 0.4492006189,
    "operatingIncome": 384000000,
    "operatingIncomeRatio": 0.1980402269,
    "totalOtherIncomeExpensesNet": -133000000,
    "incomeBeforeTax": 251000000,
    "incomeBeforeTaxRatio": 0.1294481692,
    "incomeTaxExpense": 39000000,
    "netIncome": 212000000,
    "netIncomeRatio": 0.1093347086,
    "eps": 2.94,
    "epsdiluted": 2.93,
    "weightedAverageShsOut": 72161000,
    "weightedAverageShsOutDil": 72275000,
    "link": "https://www.sec.gov/Archives/edgar/data/1067701/000106770120000034/0001067701-20-000034-index.htm",
    "finalLink": "https://www.sec.gov/Archives/edgar/data/1047166/000106770120000034/uri-20200630.htm"
  },
  {
    "date": "2020-03-31",
    "symbol": "URI",
    "reportedCurrency": "USD",
    "cik": "0001067701",
    "fillingDate": "2020-04-29",
    "acceptedDate": "2020-04-29 16:26:52",
    "calendarYear": "2020",
    "period": "Q1",
    "revenue": 2125000000,
    "costOfRevenue": 1498000000,
    "grossProfit": 627000000,
    "grossProfitRatio": 0.2950588235,
    "researchAndDevelopmentExpenses": 0,
    "generalAndAdministrativeExpenses": 0,
    "sellingAndMarketingExpenses": 0,
    "sellingGeneralAndAdministrativeExpenses": 267000000,
    "otherExpenses": 0,
    "operatingExpenses": 267000000,
    "costAndExpenses": 1765000000,
    "interestIncome": 0,
    "interestExpense": 136000000,
    "depreciationAndAmortization": 526000000,
    "ebitda": 888000000,
    "ebitdaratio": 0.4178823529,
    "operatingIncome": 360000000,
    "operatingIncomeRatio": 0.1694117647,
    "totalOtherIncomeExpensesNet": -134000000,
    "incomeBeforeTax": 226000000,
    "incomeBeforeTaxRatio": 0.1063529412,
    "incomeTaxExpense": 53000000,
    "netIncome": 173000000,
    "netIncomeRatio": 0.0814117647,
    "eps": 2.34,
    "epsdiluted": 2.33,
    "weightedAverageShsOut": 74000000,
    "weightedAverageShsOutDil": 74300000,
    "link": "https://www.sec.gov/Archives/edgar/data/1047166/000106770120000019/0001067701-20-000019-index.html",
    "finalLink": "https://www.sec.gov/Archives/edgar/data/1047166/000106770120000019/uri-3312020x10q.htm"
  },
  {
    "date": "2019-12-31",
    "symbol": "URI",
    "reportedCurrency": "USD",
    "cik": "0001067701",
    "fillingDate": "2020-01-29",
    "acceptedDate": "2020-01-29 16:35:59",
    "calendarYear": "2019",
    "period": "Q4",
    "revenue": 2456000000,
    "costOfRevenue": 1587000000,
    "grossProfit": 869000000,
    "grossProfitRatio": 0.3538273616,
    "researchAndDevelopmentExpenses": 0,
    "generalAndAdministrativeExpenses": 0,
    "sellingAndMarketingExpenses": 0,
    "sellingGeneralAndAdministrativeExpenses": 268000000,
    "otherExpenses": 0,
    "operatingExpenses": 268000000,
    "costAndExpenses": 1855000000,
    "interestIncome": 0,
    "interestExpense": 170000000,
    "depreciationAndAmortization": 516000000,
    "ebitda": 1119000000,
    "ebitdaratio": 0.4556188925,
    "operatingIncome": 601000000,
    "operatingIncomeRatio": 0.2447068404,
    "totalOtherIncomeExpensesNet": -168000000,
    "incomeBeforeTax": 433000000,
    "incomeBeforeTaxRatio": 0.1763029316,
    "incomeTaxExpense": 95000000,
    "netIncome": 338000000,
    "netIncomeRatio": 0.1376221498,
    "eps": 4.5,
    "epsdiluted": 4.49,
    "weightedAverageShsOut": 75100000,
    "weightedAverageShsOutDil": 75400000,
    "link": "https://www.sec.gov/Archives/edgar/data/1067701/000106770120000008/0001067701-20-000008-index.htm",
    "finalLink": "https://www.sec.gov/Archives/edgar/data/1047166/000106770120000008/uri-2019123110k.htm"
  },
  {
    "date": "2019-09-30",
    "symbol": "URI",
    "reportedCurrency": "USD",
    "cik": "0001067701",
    "fillingDate": "2019-10-16",
    "acceptedDate": "2019-10-16 16:27:14",
    "calendarYear": "2019",
    "period": "Q3",
    "revenue": 2488000000,
    "costOfRevenue": 1557000000,
    "grossProfit": 931000000,
    "grossProfitRatio": 0.3741961415,
    "researchAndDevelopmentExpenses": 0,
    "generalAndAdministrativeExpenses": 0,
    "sellingAndMarketingExpenses": 0,
    "sellingGeneralAndAdministrativeExpenses": 273000000,
    "otherExpenses": 0,
    "operatingExpenses": 273000000,
    "costAndExpenses": 1830000000,
    "interestIncome": 0,
    "interestExpense": 147000000,
    "depreciationAndAmortization": 519000000,
    "ebitda": 1176000000,
    "ebitdaratio": 0.4726688103,
    "operatingIncome": 658000000,
    "operatingIncomeRatio": 0.2644694534,
    "totalOtherIncomeExpensesNet": -148000000,
    "incomeBeforeTax": 510000000,
    "incomeBeforeTaxRatio": 0.2049839228,
    "incomeTaxExpense": 119000000,
    "netIncome": 391000000,
    "netIncomeRatio": 0.1571543408,
    "eps": 5.1,
    "epsdiluted": 5.08,
    "weightedAverageShsOut": 76699000,
    "weightedAverageShsOutDil": 76857000,
    "link": "https://www.sec.gov/Archives/edgar/data/1067701/000106770119000041/0001067701-19-000041-index.htm",
    "finalLink": "https://www.sec.gov/Archives/edgar/data/1047166/000106770119000041/uri-9302019x10q.htm"
  },
  {
    "date": "2019-06-30",
    "symbol": "URI",
    "reportedCurrency": "USD",
    "cik": "0001067701",
    "fillingDate": "2019-07-17",
    "acceptedDate": "2019-07-17 16:35:53",
    "calendarYear": "2019",
    "period": "Q2",
    "revenue": 2290000000,
    "costOfRevenue": 1484000000,
    "grossProfit": 806000000,
    "grossProfitRatio": 0.3519650655,
    "researchAndDevelopmentExpenses": 0,
    "generalAndAdministrativeExpenses": 0,
    "sellingAndMarketingExpenses": 0,
    "sellingGeneralAndAdministrativeExpenses": 271000000,
    "otherExpenses": 0,
    "operatingExpenses": 271000000,
    "costAndExpenses": 1755000000,
    "interestIncome": 0,
    "interestExpense": 180000000,
    "depreciationAndAmortization": 504000000,
    "ebitda": 1035000000,
    "ebitdaratio": 0.4519650655,
    "operatingIncome": 535000000,
    "operatingIncomeRatio": 0.2336244541,
    "totalOtherIncomeExpensesNet": -184000000,
    "incomeBeforeTax": 351000000,
    "incomeBeforeTaxRatio": 0.1532751092,
    "incomeTaxExpense": 81000000,
    "netIncome": 270000000,
    "netIncomeRatio": 0.1179039301,
    "eps": 3.45,
    "epsdiluted": 3.44,
    "weightedAverageShsOut": 78300000,
    "weightedAverageShsOutDil": 78500000,
    "link": "https://www.sec.gov/Archives/edgar/data/1067701/000106770119000029/0001067701-19-000029-index.htm",
    "finalLink": "https://www.sec.gov/Archives/edgar/data/1047166/000106770119000029/uri-6302019x10q.htm"
  },
  {
    "date": "2019-03-31",
    "symbol": "URI",
    "reportedCurrency": "USD",
    "cik": "0001067701",
    "fillingDate": "2019-04-17",
    "acceptedDate": "2019-04-17 16:48:05",
    "calendarYear": "2019",
    "period": "Q1",
    "revenue": 2117000000,
    "costOfRevenue": 1460000000,
    "grossProfit": 657000000,
    "grossProfitRatio": 0.3103448276,
    "researchAndDevelopmentExpenses": 0,
    "generalAndAdministrativeExpenses": 0,
    "sellingAndMarketingExpenses": 0,
    "sellingGeneralAndAdministrativeExpenses": 280000000,
    "otherExpenses": 0,
    "operatingExpenses": 280000000,
    "costAndExpenses": 1740000000,
    "interestIncome": 0,
    "interestExpense": 151000000,
    "depreciationAndAmortization": 499000000,
    "ebitda": 870000000,
    "ebitdaratio": 0.4109589041,
    "operatingIncome": 377000000,
    "operatingIncomeRatio": 0.1780821918,
    "totalOtherIncomeExpensesNet": -157000000,
    "incomeBeforeTax": 220000000,
    "incomeBeforeTaxRatio": 0.1039206424,
    "incomeTaxExpense": 45000000,
    "netIncome": 175000000,
    "netIncomeRatio": 0.0826641474,
    "eps": 2.21,
    "epsdiluted": 2.19,
    "weightedAverageShsOut": 79401000,
    "weightedAverageShsOutDil": 80047000,
    "link": "https://www.sec.gov/Archives/edgar/data/1067701/000106770119000016/0001067701-19-000016-index.htm",
    "finalLink": "https://www.sec.gov/Archives/edgar/data/1047166/000106770119000016/uri-3312019x10q.htm"
  },
  {
    "date": "2018-12-31",
    "symbol": "URI",
    "reportedCurrency": "USD",
    "cik": "0001067701",
    "fillingDate": "2019-01-23",
    "acceptedDate": "2019-01-23 16:40:59",
    "calendarYear": "2018",
    "period": "Q4",
    "revenue": 2306000000,
    "costOfRevenue": 1403000000,
    "grossProfit": 903000000,
    "grossProfitRatio": 0.3915871639,
    "researchAndDevelopmentExpenses": 0,
    "generalAndAdministrativeExpenses": 0,
    "sellingAndMarketingExpenses": 0,
    "sellingGeneralAndAdministrativeExpenses": 302000000,
    "otherExpenses": 0,
    "operatingExpenses": 302000000,
    "costAndExpenses": 1705000000,
    "interestIncome": 0,
    "interestExpense": 142000000,
    "depreciationAndAmortization": 470000000,
    "ebitda": 1037000000,
    "ebitdaratio": 0.4496964441,
    "operatingIncome": 601000000,
    "operatingIncomeRatio": 0.2606244579,
    "totalOtherIncomeExpensesNet": -176000000,
    "incomeBeforeTax": 425000000,
    "incomeBeforeTaxRatio": 0.1843018213,
    "incomeTaxExpense": 115000000,
    "netIncome": 310000000,
    "netIncomeRatio": 0.1344319167,
    "eps": 3.85,
    "epsdiluted": 3.8,
    "weightedAverageShsOut": 80600000,
    "weightedAverageShsOutDil": 81500000,
    "link": "https://www.sec.gov/Archives/edgar/data/1067701/000106770119000007/0001067701-19-000007-index.htm",
    "finalLink": "https://www.sec.gov/Archives/edgar/data/1047166/000106770119000007/uri-2018123110k.htm"
  },
  {
    "date": "2018-09-30",
    "symbol": "URI",
    "reportedCurrency": "USD",
    "cik": "0001067701",
    "fillingDate": "2018-10-17",
    "acceptedDate": "2018-10-17 16:29:59",
    "calendarYear": "2018",
    "period": "Q3",
    "revenue": 2116000000,
    "costOfRevenue": 1253000000,
    "grossProfit": 863000000,
    "grossProfitRatio": 0.4078449905,
    "researchAndDevelopmentExpenses": 0,
    "generalAndAdministrativeExpenses": 0,
    "sellingAndMarketingExpenses": 0,
    "sellingGeneralAndAdministrativeExpenses": 265000000,
    "otherExpenses": 0,
    "operatingExpenses": 265000000,
    "costAndExpenses": 1518000000,
    "interestIncome": 0,
    "interestExpense": 118000000,
    "depreciationAndAmortization": 418000000,
    "ebitda": 996000000,
    "ebitdaratio": 0.4706994329,
    "operatingIncome": 598000000,
    "operatingIncomeRatio": 0.2826086957,
    "totalOtherIncomeExpensesNet": -138000000,
    "incomeBeforeTax": 460000000,
    "incomeBeforeTaxRatio": 0.2173913043,
    "incomeTaxExpense": 127000000,
    "netIncome": 333000000,
    "netIncomeRatio": 0.1573724008,
    "eps": 4.05,
    "epsdiluted": 4.01,
    "weightedAverageShsOut": 82300000,
    "weightedAverageShsOutDil": 83200000,
    "link": "https://www.sec.gov/Archives/edgar/data/1067701/000106770118000031/0001067701-18-000031-index.htm",
    "finalLink": "https://www.sec.gov/Archives/edgar/data/1047166/000106770118000031/uri-9302018x10q.htm"
  },
  {
    "date": "2018-06-30",
    "symbol": "URI",
    "reportedCurrency": "USD",
    "cik": "0001067701",
    "fillingDate": "2018-07-18",
    "acceptedDate": "2018-07-18 16:26:24",
    "calendarYear": "2018",
    "period": "Q2",
    "revenue": 1891000000,
    "costOfRevenue": 1176000000,
    "grossProfit": 715000000,
    "grossProfitRatio": 0.3781068218,
    "researchAndDevelopmentExpenses": 0,
    "generalAndAdministrativeExpenses": 0,
    "sellingAndMarketingExpenses": 0,
    "sellingGeneralAndAdministrativeExpenses": 239000000,
    "otherExpenses": 0,
    "operatingExpenses": 239000000,
    "costAndExpenses": 1415000000,
    "interestIncome": 0,
    "interestExpense": 112000000,
    "depreciationAndAmortization": 390000000,
    "ebitda": 862000000,
    "ebitdaratio": 0.4558434691,
    "operatingIncome": 476000000,
    "operatingIncomeRatio": 0.2517186674,
    "totalOtherIncomeExpensesNet": -117000000,
    "incomeBeforeTax": 359000000,
    "incomeBeforeTaxRatio": 0.189846642,
    "incomeTaxExpense": 89000000,
    "netIncome": 270000000,
    "netIncomeRatio": 0.142781597,
    "eps": 3.22,
    "epsdiluted": 3.2,
    "weightedAverageShsOut": 83456000,
    "weightedAverageShsOutDil": 84199000,
    "link": "https://www.sec.gov/Archives/edgar/data/1067701/000106770118000024/0001067701-18-000024-index.htm",
    "finalLink": "https://www.sec.gov/Archives/edgar/data/1047166/000106770118000024/uri-6302018x10q.htm"
  },
  {
    "date": "2018-03-31",
    "symbol": "URI",
    "reportedCurrency": "USD",
    "cik": "0001067701",
    "fillingDate": "2018-04-18",
    "acceptedDate": "2018-04-18 16:40:34",
    "calendarYear": "2018",
    "period": "Q1",
    "revenue": 1734000000,
    "costOfRevenue": 1159000000,
    "grossProfit": 575000000,
    "grossProfitRatio": 0.3316032295,
    "researchAndDevelopmentExpenses": 0,
    "generalAndAdministrativeExpenses": 0,
    "sellingAndMarketingExpenses": 0,
    "sellingGeneralAndAdministrativeExpenses": 232000000,
    "otherExpenses": 0,
    "operatingExpenses": 232000000,
    "costAndExpenses": 1391000000,
    "interestIncome": 0,
    "interestExpense": 109000000,
    "depreciationAndAmortization": 393000000,
    "ebitda": 734000000,
    "ebitdaratio": 0.4232987313,
    "operatingIncome": 343000000,
    "operatingIncomeRatio": 0.1978085352,
    "totalOtherIncomeExpensesNet": -111000000,
    "incomeBeforeTax": 232000000,
    "incomeBeforeTaxRatio": 0.1337946943,
    "incomeTaxExpense": 49000000,
    "netIncome": 183000000,
    "netIncomeRatio": 0.1055363322,
    "eps": 2.17,
    "epsdiluted": 2.15,
    "weightedAverageShsOut": 84300000,
    "weightedAverageShsOutDil": 85200000,
    "link": "https://www.sec.gov/Archives/edgar/data/1067701/000106770118000015/0001067701-18-000015-index.htm",
    "finalLink": "https://www.sec.gov/Archives/edgar/data/1047166/000106770118000015/uri-3312018x10q.htm"
  },
  {
    "date": "2017-12-31",
    "symbol": "URI",
    "reportedCurrency": "USD",
    "cik": "0001067701",
    "fillingDate": "2018-01-24",
    "acceptedDate": "2018-01-24 16:30:00",
    "calendarYear": "2017",
    "period": "Q4",
    "revenue": 1922000000,
    "costOfRevenue": 1161000000,
    "grossProfit": 761000000,
    "grossProfitRatio": 0.3959417274,
    "researchAndDevelopmentExpenses": 0,
    "generalAndAdministrativeExpenses": 0,
    "sellingAndMarketingExpenses": 0,
    "sellingGeneralAndAdministrativeExpenses": 255000000,
    "otherExpenses": 0,
    "operatingExpenses": 255000000,
    "costAndExpenses": 1416000000,
    "interestIncome": 0,
    "interestExpense": 126000000,
    "depreciationAndAmortization": 390000000,
    "ebitda": 841000000,
    "ebitdaratio": 0.4375650364,
    "operatingIncome": 506000000,
    "operatingIncomeRatio": 0.2632674298,
    "totalOtherIncomeExpensesNet": -170000000,
    "incomeBeforeTax": 336000000,
    "incomeBeforeTaxRatio": 0.174817898,
    "incomeTaxExpense": -561000000,
    "netIncome": 897000000,
    "netIncomeRatio": 0.4667013528,
    "eps": 10.6,
    "epsdiluted": 10.45,
    "weightedAverageShsOut": 84600000,
    "weightedAverageShsOutDil": 85800000,
    "link": "https://www.sec.gov/Archives/edgar/data/1067701/000106770118000006/0001067701-18-000006-index.htm",
    "finalLink": "https://www.sec.gov/Archives/edgar/data/1047166/000106770118000006/uri-2017123110k.htm"
  },
  {
    "date": "2017-09-30",
    "symbol": "URI",
    "reportedCurrency": "USD",
    "cik": "0001067701",
    "fillingDate": "2017-10-18",
    "acceptedDate": "2017-10-18 16:23:47",
    "calendarYear": "2017",
    "period": "Q3",
    "revenue": 1766000000,
    "costOfRevenue": 1052000000,
    "grossProfit": 714000000,
    "grossProfitRatio": 0.4043035108,
    "researchAndDevelopmentExpenses": 0,
    "generalAndAdministrativeExpenses": 0,
    "sellingAndMarketingExpenses": 0,
    "sellingGeneralAndAdministrativeExpenses": 237000000,
    "otherExpenses": 0,
    "operatingExpenses": 237000000,
    "costAndExpenses": 1289000000,
    "interestIncome": 0,
    "interestExpense": 131000000,
    "depreciationAndAmortization": 353000000,
    "ebitda": 776000000,
    "ebitdaratio": 0.4394110985,
    "operatingIncome": 477000000,
    "operatingIncomeRatio": 0.2701019253,
    "totalOtherIncomeExpensesNet": -155000000,
    "incomeBeforeTax": 322000000,
    "incomeBeforeTaxRatio": 0.1823329558,
    "incomeTaxExpense": 123000000,
    "netIncome": 199000000,
    "netIncomeRatio": 0.1126840317,
    "eps": 2.35,
    "epsdiluted": 2.33,
    "weightedAverageShsOut": 84700000,
    "weightedAverageShsOutDil": 85600000,
    "link": "https://www.sec.gov/Archives/edgar/data/1067701/000106770117000030/0001067701-17-000030-index.htm",
    "finalLink": "https://www.sec.gov/Archives/edgar/data/1047166/000106770117000030/uri-9302017x10q.htm"
  },
  {
    "date": "2017-06-30",
    "symbol": "URI",
    "reportedCurrency": "USD",
    "cik": "0001067701",
    "fillingDate": "2017-07-19",
    "acceptedDate": "2017-07-19 16:24:54",
    "calendarYear": "2017",
    "period": "Q2",
    "revenue": 1597000000,
    "costOfRevenue": 1001000000,
    "grossProfit": 596000000,
    "grossProfitRatio": 0.3731997495,
    "researchAndDevelopmentExpenses": 0,
    "generalAndAdministrativeExpenses": 0,
    "sellingAndMarketingExpenses": 0,
    "sellingGeneralAndAdministrativeExpenses": 218000000,
    "otherExpenses": 0,
    "operatingExpenses": 218000000,
    "costAndExpenses": 1219000000,
    "interestIncome": 0,
    "interestExpense": 113000000,
    "depreciationAndAmortization": 330000000,
    "ebitda": 660000000,
    "ebitdaratio": 0.4132748904,
    "operatingIncome": 378000000,
    "operatingIncomeRatio": 0.2366938009,
    "totalOtherIncomeExpensesNet": -149000000,
    "incomeBeforeTax": 229000000,
    "incomeBeforeTaxRatio": 0.1433938635,
    "incomeTaxExpense": 88000000,
    "netIncome": 141000000,
    "netIncomeRatio": 0.0882905448,
    "eps": 1.67,
    "epsdiluted": 1.65,
    "weightedAverageShsOut": 84600000,
    "weightedAverageShsOutDil": 85400000,
    "link": "https://www.sec.gov/Archives/edgar/data/1067701/000106770117000022/0001067701-17-000022-index.htm",
    "finalLink": "https://www.sec.gov/Archives/edgar/data/1047166/000106770117000022/uri-6302017x10q.htm"
  },
  {
    "date": "2017-03-31",
    "symbol": "URI",
    "reportedCurrency": "USD",
    "cik": "0001067701",
    "fillingDate": "2017-04-19",
    "acceptedDate": "2017-04-19 16:23:22",
    "calendarYear": "2017",
    "period": "Q1",
    "revenue": 1356000000,
    "costOfRevenue": 899000000,
    "grossProfit": 457000000,
    "grossProfitRatio": 0.337020649,
    "researchAndDevelopmentExpenses": 0,
    "generalAndAdministrativeExpenses": 0,
    "sellingAndMarketingExpenses": 0,
    "sellingGeneralAndAdministrativeExpenses": 193000000,
    "otherExpenses": 0,
    "operatingExpenses": 193000000,
    "costAndExpenses": 1092000000,
    "interestIncome": 0,
    "interestExpense": 94000000,
    "depreciationAndAmortization": 310000000,
    "ebitda": 566000000,
    "ebitdaratio": 0.4174041298,
    "operatingIncome": 264000000,
    "operatingIncomeRatio": 0.1946902655,
    "totalOtherIncomeExpensesNet": -103000000,
    "incomeBeforeTax": 161000000,
    "incomeBeforeTaxRatio": 0.1187315634,
    "incomeTaxExpense": 52000000,
    "netIncome": 109000000,
    "netIncomeRatio": 0.0803834808,
    "eps": 1.29,
    "epsdiluted": 1.27,
    "weightedAverageShsOut": 84456000,
    "weightedAverageShsOutDil": 85377000,
    "link": "https://www.sec.gov/Archives/edgar/data/1067701/000106770117000014/0001067701-17-000014-index.htm",
    "finalLink": "https://www.sec.gov/Archives/edgar/data/1047166/000106770117000014/uri-3312017x10q.htm"
  },
  {
    "date": "2016-12-31",
    "symbol": "URI",
    "reportedCurrency": "USD",
    "cik": "0001067701",
    "fillingDate": "2017-01-25",
    "acceptedDate": "2017-01-25 16:40:38",
    "calendarYear": "2016",
    "period": "Q4",
    "revenue": 1523000000,
    "costOfRevenue": 922000000,
    "grossProfit": 601000000,
    "grossProfitRatio": 0.3946158897,
    "researchAndDevelopmentExpenses": 0,
    "generalAndAdministrativeExpenses": 0,
    "sellingAndMarketingExpenses": 0,
    "sellingGeneralAndAdministrativeExpenses": 186000000,
    "otherExpenses": 0,
    "operatingExpenses": 186000000,
    "costAndExpenses": 1108000000,
    "interestIncome": 0,
    "interestExpense": 162000000,
    "depreciationAndAmortization": 318000000,
    "ebitda": 658000000,
    "ebitdaratio": 0.4320420223,
    "operatingIncome": 415000000,
    "operatingIncomeRatio": 0.2724885095,
    "totalOtherIncomeExpensesNet": -173000000,
    "incomeBeforeTax": 242000000,
    "incomeBeforeTaxRatio": 0.158896914,
    "incomeTaxExpense": 89000000,
    "netIncome": 153000000,
    "netIncomeRatio": 0.1004596192,
    "eps": 1.81,
    "epsdiluted": 1.8,
    "weightedAverageShsOut": 84400000,
    "weightedAverageShsOutDil": 85100000,
    "link": "https://www.sec.gov/Archives/edgar/data/1067701/000106770117000006/0001067701-17-000006-index.htm",
    "finalLink": "https://www.sec.gov/Archives/edgar/data/1047166/000106770117000006/uri-2016123110k.htm"
  },
  {
    "date": "2016-09-30",
    "symbol": "URI",
    "reportedCurrency": "USD",
    "cik": "0001067701",
    "fillingDate": "2016-10-19",
    "acceptedDate": "2016-10-19 16:24:29",
    "calendarYear": "2016",
    "period": "Q3",
    "revenue": 1508000000,
    "costOfRevenue": 906000000,
    "grossProfit": 602000000,
    "grossProfitRatio": 0.399204244,
    "researchAndDevelopmentExpenses": 0,
    "generalAndAdministrativeExpenses": 0,
    "sellingAndMarketingExpenses": 0,
    "sellingGeneralAndAdministrativeExpenses": 179000000,
    "otherExpenses": 0,
    "operatingExpenses": 179000000,
    "costAndExpenses": 1085000000,
    "interestIncome": 0,
    "interestExpense": 110000000,
    "depreciationAndAmortization": 311000000,
    "ebitda": 714000000,
    "ebitdaratio": 0.4734748011,
    "operatingIncome": 423000000,
    "operatingIncomeRatio": 0.2805039788,
    "totalOtherIncomeExpensesNet": -120000000,
    "incomeBeforeTax": 303000000,
    "incomeBeforeTaxRatio": 0.200928382,
    "incomeTaxExpense": 116000000,
    "netIncome": 187000000,
    "netIncomeRatio": 0.124005305,
    "eps": 2.18,
    "epsdiluted": 2.16,
    "weightedAverageShsOut": 85945000,
    "weightedAverageShsOutDil": 86445000,
    "link": "https://www.sec.gov/Archives/edgar/data/1067701/000106770116000065/0001067701-16-000065-index.htm",
    "finalLink": "https://www.sec.gov/Archives/edgar/data/1047166/000106770116000065/uri-9302016x10q.htm"
  },
  {
    "date": "2016-06-30",
    "symbol": "URI",
    "reportedCurrency": "USD",
    "cik": "0001067701",
    "fillingDate": "2016-07-20",
    "acceptedDate": "2016-07-20 16:18:26",
    "calendarYear": "2016",
    "period": "Q2",
    "revenue": 1421000000,
    "costOfRevenue": 831000000,
    "grossProfit": 590000000,
    "grossProfitRatio": 0.415200563,
    "researchAndDevelopmentExpenses": 0,
    "generalAndAdministrativeExpenses": 177000000,
    "sellingAndMarketingExpenses": 0,
    "sellingGeneralAndAdministrativeExpenses": 177000000,
    "otherExpenses": 2000000,
    "operatingExpenses": 241000000,
    "costAndExpenses": 1072000000,
    "interestIncome": 0,
    "interestExpense": 132000000,
    "depreciationAndAmortization": 306000000,
    "ebitda": 413000000,
    "ebitdaratio": 0.2906403941,
    "operatingIncome": 347000000,
    "operatingIncomeRatio": 0.2441942294,
    "totalOtherIncomeExpensesNet": -130000000,
    "incomeBeforeTax": 217000000,
    "incomeBeforeTaxRatio": 0.1527093596,
    "incomeTaxExpense": 83000000,
    "netIncome": 134000000,
    "netIncomeRatio": 0.0942997889,
    "eps": 1.52,
    "epsdiluted": 1.52,
    "weightedAverageShsOut": 88095000,
    "weightedAverageShsOutDil": 88473000,
    "link": "https://www.sec.gov/Archives/edgar/data/1067701/000106770116000057/0001067701-16-000057-index.htm",
    "finalLink": "https://www.sec.gov/Archives/edgar/data/1047166/000106770116000057/uri-6302016x10q.htm"
  },
  {
    "date": "2016-03-31",
    "symbol": "URI",
    "reportedCurrency": "USD",
    "cik": "0001067701",
    "fillingDate": "2016-04-20",
    "acceptedDate": "2016-04-20 16:30:21",
    "calendarYear": "2016",
    "period": "Q1",
    "revenue": 1310000000,
    "costOfRevenue": 810000000,
    "grossProfit": 500000000,
    "grossProfitRatio": 0.3816793893,
    "researchAndDevelopmentExpenses": 0,
    "generalAndAdministrativeExpenses": 177000000,
    "sellingAndMarketingExpenses": 0,
    "sellingGeneralAndAdministrativeExpenses": 177000000,
    "otherExpenses": 67000000,
    "operatingExpenses": 244000000,
    "costAndExpenses": 1054000000,
    "interestIncome": 0,
    "interestExpense": 107000000,
    "depreciationAndAmortization": 310000000,
    "ebitda": 321000000,
    "ebitdaratio": 0.2450381679,
    "operatingIncome": 254000000,
    "operatingIncomeRatio": 0.1938931298,
    "totalOtherIncomeExpensesNet": -107000000,
    "incomeBeforeTax": 147000000,
    "incomeBeforeTaxRatio": 0.1122137405,
    "incomeTaxExpense": 55000000,
    "netIncome": 92000000,
    "netIncomeRatio": 0.0702290076,
    "eps": 1.01,
    "epsdiluted": 1.01,
    "weightedAverageShsOut": 90510000,
    "weightedAverageShsOutDil": 90943000,
    "link": "https://www.sec.gov/Archives/edgar/data/1067701/000106770116000050/0001067701-16-000050-index.htm",
    "finalLink": "https://www.sec.gov/Archives/edgar/data/1047166/000106770116000050/uri-3312016x10q.htm"
  },
  {
    "date": "2015-12-31",
    "symbol": "URI",
    "reportedCurrency": "USD",
    "cik": "0001067701",
    "fillingDate": "2016-01-27",
    "acceptedDate": "2016-01-27 16:36:44",
    "calendarYear": "2015",
    "period": "Q4",
    "revenue": 1523000000,
    "costOfRevenue": 875000000,
    "grossProfit": 648000000,
    "grossProfitRatio": 0.4254760341,
    "researchAndDevelopmentExpenses": 0,
    "generalAndAdministrativeExpenses": 180000000,
    "sellingAndMarketingExpenses": 0,
    "sellingGeneralAndAdministrativeExpenses": 180000000,
    "otherExpenses": 2000000,
    "operatingExpenses": 246000000,
    "costAndExpenses": 1121000000,
    "interestIncome": 0,
    "interestExpense": 107000000,
    "depreciationAndAmortization": 318000000,
    "ebitda": -244000000,
    "ebitdaratio": -0.1602101116,
    "operatingIncome": 397000000,
    "operatingIncomeRatio": 0.2606697308,
    "totalOtherIncomeExpensesNet": -105000000,
    "incomeBeforeTax": 292000000,
    "incomeBeforeTaxRatio": 0.1917268549,
    "incomeTaxExpense": 123000000,
    "netIncome": 169000000,
    "netIncomeRatio": 0.1109652003,
    "eps": 1.82,
    "epsdiluted": 1.81,
    "weightedAverageShsOut": 92700000,
    "weightedAverageShsOutDil": 93600000,
    "link": "https://www.sec.gov/Archives/edgar/data/1067701/000106770116000039/0001067701-16-000039-index.htm",
    "finalLink": "https://www.sec.gov/Archives/edgar/data/1047166/000106770116000039/uri-2015123110k.htm"
  },
  {
    "date": "2015-09-30",
    "symbol": "URI",
    "reportedCurrency": "USD",
    "cik": "0001067701",
    "fillingDate": "2015-10-21",
    "acceptedDate": "2015-10-21 16:29:36",
    "calendarYear": "2015",
    "period": "Q3",
    "revenue": 1550000000,
    "costOfRevenue": 860000000,
    "grossProfit": 690000000,
    "grossProfitRatio": 0.4451612903,
    "researchAndDevelopmentExpenses": 0,
    "generalAndAdministrativeExpenses": 178000000,
    "sellingAndMarketingExpenses": 0,
    "sellingGeneralAndAdministrativeExpenses": 178000000,
    "otherExpenses": 1000000,
    "operatingExpenses": 244000000,
    "costAndExpenses": 1104000000,
    "interestIncome": 0,
    "interestExpense": 107000000,
    "depreciationAndAmortization": 315000000,
    "ebitda": 513000000,
    "ebitdaratio": 0.3309677419,
    "operatingIncome": 446000000,
    "operatingIncomeRatio": 0.2877419355,
    "totalOtherIncomeExpensesNet": -106000000,
    "incomeBeforeTax": 340000000,
    "incomeBeforeTaxRatio": 0.2193548387,
    "incomeTaxExpense": 125000000,
    "netIncome": 215000000,
    "netIncomeRatio": 0.1387096774,
    "eps": 2.28,
    "epsdiluted": 2.25,
    "weightedAverageShsOut": 94213000,
    "weightedAverageShsOutDil": 95191000,
    "link": "https://www.sec.gov/Archives/edgar/data/1047166/000106770115000031/0001067701-15-000031-index.html",
    "finalLink": "https://www.sec.gov/Archives/edgar/data/1047166/000106770115000031/uri-9302015x10q.htm"
  },
  {
    "date": "2015-06-30",
    "symbol": "URI",
    "reportedCurrency": "USD",
    "cik": "0001067701",
    "fillingDate": "2015-07-22",
    "acceptedDate": "2015-07-22 16:40:48",
    "calendarYear": "2015",
    "period": "Q2",
    "revenue": 1429000000,
    "costOfRevenue": 811000000,
    "grossProfit": 618000000,
    "grossProfitRatio": 0.4324702589,
    "researchAndDevelopmentExpenses": 0,
    "generalAndAdministrativeExpenses": 175000000,
    "sellingAndMarketingExpenses": 0,
    "sellingGeneralAndAdministrativeExpenses": 175000000,
    "otherExpenses": 6000000,
    "operatingExpenses": 242000000,
    "costAndExpenses": 1053000000,
    "interestIncome": 0,
    "interestExpense": 232000000,
    "depreciationAndAmortization": 307000000,
    "ebitda": 448000000,
    "ebitdaratio": 0.3135059482,
    "operatingIncome": 375000000,
    "operatingIncomeRatio": 0.2624212736,
    "totalOtherIncomeExpensesNet": -226000000,
    "incomeBeforeTax": 149000000,
    "incomeBeforeTaxRatio": 0.1042687194,
    "incomeTaxExpense": 63000000,
    "netIncome": 86000000,
    "netIncomeRatio": 0.0601819454,
    "eps": 0.89,
    "epsdiluted": 0.88,
    "weightedAverageShsOut": 96647000,
    "weightedAverageShsOutDil": 97747000,
    "link": "https://www.sec.gov/Archives/edgar/data/1047166/000106770115000023/0001067701-15-000023-index.html",
    "finalLink": "https://www.sec.gov/Archives/edgar/data/1047166/000106770115000023/uri-6302015x10q.htm"
  },
  {
    "date": "2015-03-31",
    "symbol": "URI",
    "reportedCurrency": "USD",
    "cik": "0001067701",
    "fillingDate": "2015-04-21",
    "acceptedDate": "2015-04-21 16:41:07",
    "calendarYear": "2015",
    "period": "Q1",
    "revenue": 1315000000,
    "costOfRevenue": 791000000,
    "grossProfit": 524000000,
    "grossProfitRatio": 0.3984790875,
    "researchAndDevelopmentExpenses": 0,
    "generalAndAdministrativeExpenses": 181000000,
    "sellingAndMarketingExpenses": 0,
    "sellingGeneralAndAdministrativeExpenses": 181000000,
    "otherExpenses": 3000000,
    "operatingExpenses": 250000000,
    "costAndExpenses": 1041000000,
    "interestIncome": 0,
    "interestExpense": 121000000,
    "depreciationAndAmortization": 304000000,
    "ebitda": 372000000,
    "ebitdaratio": 0.2828897338,
    "operatingIncome": 300000000,
    "operatingIncomeRatio": 0.2281368821,
    "totalOtherIncomeExpensesNet": -118000000,
    "incomeBeforeTax": 182000000,
    "incomeBeforeTaxRatio": 0.1384030418,
    "incomeTaxExpense": 67000000,
    "netIncome": 115000000,
    "netIncomeRatio": 0.0874524715,
    "eps": 1.19,
    "epsdiluted": 1.16,
    "weightedAverageShsOut": 97007000,
    "weightedAverageShsOutDil": 99065000,
    "link": "https://www.sec.gov/Archives/edgar/data/1047166/000106770115000012/0001067701-15-000012-index.html",
    "finalLink": "https://www.sec.gov/Archives/edgar/data/1047166/000106770115000012/uri-3312015x10q.htm"
  },
  {
    "date": "2014-12-31",
    "symbol": "URI",
    "reportedCurrency": "USD",
    "cik": "0001067701",
    "fillingDate": "2015-01-21",
    "acceptedDate": "2015-01-21 17:09:24",
    "calendarYear": "2014",
    "period": "Q4",
    "revenue": 1564000000,
    "costOfRevenue": 857000000,
    "grossProfit": 707000000,
    "grossProfitRatio": 0.4520460358,
    "researchAndDevelopmentExpenses": 0,
    "generalAndAdministrativeExpenses": 209000000,
    "sellingAndMarketingExpenses": 0,
    "sellingGeneralAndAdministrativeExpenses": 209000000,
    "otherExpenses": 4000000,
    "operatingExpenses": 282000000,
    "costAndExpenses": 1139000000,
    "interestIncome": 0,
    "interestExpense": 119000000,
    "depreciationAndAmortization": 312000000,
    "ebitda": -200000000,
    "ebitdaratio": -0.1278772379,
    "operatingIncome": 426000000,
    "operatingIncomeRatio": 0.2723785166,
    "totalOtherIncomeExpensesNet": -115000000,
    "incomeBeforeTax": 311000000,
    "incomeBeforeTaxRatio": 0.1988491049,
    "incomeTaxExpense": 117000000,
    "netIncome": 194000000,
    "netIncomeRatio": 0.1240409207,
    "eps": 2,
    "epsdiluted": 1.96,
    "weightedAverageShsOut": 97007000,
    "weightedAverageShsOutDil": 99065000,
    "link": "https://www.sec.gov/Archives/edgar/data/1067701/000106770115000006/0001067701-15-000006-index.htm",
    "finalLink": "https://www.sec.gov/Archives/edgar/data/1047166/000106770115000006/uri-2014123110k.htm"
  },
  {
    "date": "2014-09-30",
    "symbol": "URI",
    "reportedCurrency": "USD",
    "cik": "0001067701",
    "fillingDate": "2014-10-15",
    "acceptedDate": "2014-10-15 16:36:35",
    "calendarYear": "2014",
    "period": "Q3",
    "revenue": 1544000000,
    "costOfRevenue": 856000000,
    "grossProfit": 688000000,
    "grossProfitRatio": 0.4455958549,
    "researchAndDevelopmentExpenses": 0,
    "generalAndAdministrativeExpenses": 194000000,
    "sellingAndMarketingExpenses": 0,
    "sellingGeneralAndAdministrativeExpenses": 194000000,
    "otherExpenses": 5000000,
    "operatingExpenses": 264000000,
    "costAndExpenses": 1120000000,
    "interestIncome": 0,
    "interestExpense": 124000000,
    "depreciationAndAmortization": 306000000,
    "ebitda": 497000000,
    "ebitdaratio": 0.3218911917,
    "operatingIncome": 422000000,
    "operatingIncomeRatio": 0.2733160622,
    "totalOtherIncomeExpensesNet": -119000000,
    "incomeBeforeTax": 303000000,
    "incomeBeforeTaxRatio": 0.1962435233,
    "incomeTaxExpense": 111000000,
    "netIncome": 192000000,
    "netIncomeRatio": 0.1243523316,
    "eps": 1.95,
    "epsdiluted": 1.84,
    "weightedAverageShsOut": 98485000,
    "weightedAverageShsOutDil": 104076000,
    "link": "https://www.sec.gov/Archives/edgar/data/1047166/000106770114000033/0001067701-14-000033-index.html",
    "finalLink": "https://www.sec.gov/Archives/edgar/data/1047166/000106770114000033/uri-9302014x10q.htm"
  },
  {
    "date": "2014-06-30",
    "symbol": "URI",
    "reportedCurrency": "USD",
    "cik": "0001067701",
    "fillingDate": "2014-07-16",
    "acceptedDate": "2014-07-16 16:20:13",
    "calendarYear": "2014",
    "period": "Q2",
    "revenue": 1399000000,
    "costOfRevenue": 810000000,
    "grossProfit": 589000000,
    "grossProfitRatio": 0.4210150107,
    "researchAndDevelopmentExpenses": 0,
    "generalAndAdministrativeExpenses": 187000000,
    "sellingAndMarketingExpenses": 0,
    "sellingGeneralAndAdministrativeExpenses": 187000000,
    "otherExpenses": 4000000,
    "operatingExpenses": 257000000,
    "costAndExpenses": 1067000000,
    "interestIncome": 0,
    "interestExpense": 187000000,
    "depreciationAndAmortization": 299000000,
    "ebitda": 399000000,
    "ebitdaratio": 0.2852037169,
    "operatingIncome": 325000000,
    "operatingIncomeRatio": 0.232308792,
    "totalOtherIncomeExpensesNet": -183000000,
    "incomeBeforeTax": 142000000,
    "incomeBeforeTaxRatio": 0.1015010722,
    "incomeTaxExpense": 48000000,
    "netIncome": 94000000,
    "netIncomeRatio": 0.0671908506,
    "eps": 0.97,
    "epsdiluted": 0.9,
    "weightedAverageShsOut": 97000000,
    "weightedAverageShsOutDil": 105600000,
    "link": "https://www.sec.gov/Archives/edgar/data/1047166/000106770114000026/0001067701-14-000026-index.html",
    "finalLink": "https://www.sec.gov/Archives/edgar/data/1047166/000106770114000026/uri-6302014x10q.htm"
  },
  {
    "date": "2014-03-31",
    "symbol": "URI",
    "reportedCurrency": "USD",
    "cik": "0001067701",
    "fillingDate": "2014-04-16",
    "acceptedDate": "2014-04-16 16:25:36",
    "calendarYear": "2014",
    "period": "Q1",
    "revenue": 1178000000,
    "costOfRevenue": 730000000,
    "grossProfit": 448000000,
    "grossProfitRatio": 0.3803056027,
    "researchAndDevelopmentExpenses": 0,
    "generalAndAdministrativeExpenses": 168000000,
    "sellingAndMarketingExpenses": 0,
    "sellingGeneralAndAdministrativeExpenses": 168000000,
    "otherExpenses": 1000000,
    "operatingExpenses": 228000000,
    "costAndExpenses": 958000000,
    "interestIncome": 0,
    "interestExpense": 125000000,
    "depreciationAndAmortization": 277000000,
    "ebitda": 279000000,
    "ebitdaratio": 0.2368421053,
    "operatingIncome": 218000000,
    "operatingIncomeRatio": 0.1850594228,
    "totalOtherIncomeExpensesNet": -124000000,
    "incomeBeforeTax": 94000000,
    "incomeBeforeTaxRatio": 0.0797962649,
    "incomeTaxExpense": 34000000,
    "netIncome": 60000000,
    "netIncomeRatio": 0.0509337861,
    "eps": 0.63,
    "epsdiluted": 0.56,
    "weightedAverageShsOut": 95225000,
    "weightedAverageShsOutDil": 106424000,
    "link": "https://www.sec.gov/Archives/edgar/data/1047166/000106770114000015/0001067701-14-000015-index.html",
    "finalLink": "https://www.sec.gov/Archives/edgar/data/1047166/000106770114000015/uri-3312014x10q.htm"
  },
  {
    "date": "2013-12-31",
    "symbol": "URI",
    "reportedCurrency": "USD",
    "cik": "0001067701",
    "fillingDate": "2014-01-22",
    "acceptedDate": "2014-01-22 16:33:31",
    "calendarYear": "2013",
    "period": "Q4",
    "revenue": 1338000000,
    "costOfRevenue": 771000000,
    "grossProfit": 567000000,
    "grossProfitRatio": 0.4237668161,
    "researchAndDevelopmentExpenses": 0,
    "generalAndAdministrativeExpenses": 163000000,
    "sellingAndMarketingExpenses": 0,
    "sellingGeneralAndAdministrativeExpenses": 163000000,
    "otherExpenses": 2000000,
    "operatingExpenses": 224000000,
    "costAndExpenses": 995000000,
    "interestIncome": 0,
    "interestExpense": 118000000,
    "depreciationAndAmortization": 284000000,
    "ebitda": 628000000,
    "ebitdaratio": 0.4693572496,
    "operatingIncome": 342000000,
    "operatingIncomeRatio": 0.2556053812,
    "totalOtherIncomeExpensesNet": -116000000,
    "incomeBeforeTax": 226000000,
    "incomeBeforeTaxRatio": 0.1689088191,
    "incomeTaxExpense": 86000000,
    "netIncome": 140000000,
    "netIncomeRatio": 0.1046337818,
    "eps": 1.47,
    "epsdiluted": 1.32,
    "weightedAverageShsOut": 95225000,
    "weightedAverageShsOutDil": 106424000,
    "link": "https://www.sec.gov/Archives/edgar/data/1067701/000106770114000004/0001067701-14-000004-index.htm",
    "finalLink": "https://www.sec.gov/Archives/edgar/data/1047166/000106770114000004/uri-2013123110k.htm"
  },
  {
    "date": "2013-09-30",
    "symbol": "URI",
    "reportedCurrency": "USD",
    "cik": "0001067701",
    "fillingDate": "2013-10-16",
    "acceptedDate": "2013-10-16 17:10:19",
    "calendarYear": "2013",
    "period": "Q3",
    "revenue": 1311000000,
    "costOfRevenue": 747000000,
    "grossProfit": 564000000,
    "grossProfitRatio": 0.4302059497,
    "researchAndDevelopmentExpenses": 0,
    "generalAndAdministrativeExpenses": 167000000,
    "sellingAndMarketingExpenses": 0,
    "sellingGeneralAndAdministrativeExpenses": 167000000,
    "otherExpenses": 2000000,
    "operatingExpenses": 226000000,
    "costAndExpenses": 973000000,
    "interestIncome": 0,
    "interestExpense": 121000000,
    "depreciationAndAmortization": 278000000,
    "ebitda": 398000000,
    "ebitdaratio": 0.3035850496,
    "operatingIncome": 337000000,
    "operatingIncomeRatio": 0.2570556827,
    "totalOtherIncomeExpensesNet": -119000000,
    "incomeBeforeTax": 218000000,
    "incomeBeforeTaxRatio": 0.1662852784,
    "incomeTaxExpense": 75000000,
    "netIncome": 143000000,
    "netIncomeRatio": 0.1090770404,
    "eps": 1.53,
    "epsdiluted": 1.35,
    "weightedAverageShsOut": 93244000,
    "weightedAverageShsOutDil": 105548000,
    "link": "https://www.sec.gov/Archives/edgar/data/1047166/000106770113000020/0001067701-13-000020-index.html",
    "finalLink": "https://www.sec.gov/Archives/edgar/data/1047166/000106770113000020/uri-9302013x10q.htm"
  },
  {
    "date": "2013-06-30",
    "symbol": "URI",
    "reportedCurrency": "USD",
    "cik": "0001067701",
    "fillingDate": "2013-07-16",
    "acceptedDate": "2013-07-16 16:54:15",
    "calendarYear": "2013",
    "period": "Q2",
    "revenue": 1206000000,
    "costOfRevenue": 735000000,
    "grossProfit": 471000000,
    "grossProfitRatio": 0.3905472637,
    "researchAndDevelopmentExpenses": 0,
    "generalAndAdministrativeExpenses": 152000000,
    "sellingAndMarketingExpenses": 0,
    "sellingGeneralAndAdministrativeExpenses": 152000000,
    "otherExpenses": 62000000,
    "operatingExpenses": 214000000,
    "costAndExpenses": 949000000,
    "interestIncome": 0,
    "interestExpense": 119000000,
    "depreciationAndAmortization": 270000000,
    "ebitda": 520000000,
    "ebitdaratio": 0.4311774461,
    "operatingIncome": 250000000,
    "operatingIncomeRatio": 0.2072968491,
    "totalOtherIncomeExpensesNet": -119000000,
    "incomeBeforeTax": 131000000,
    "incomeBeforeTaxRatio": 0.1086235489,
    "incomeTaxExpense": 48000000,
    "netIncome": 83000000,
    "netIncomeRatio": 0.0688225539,
    "eps": 0.89,
    "epsdiluted": 0.78,
    "weightedAverageShsOut": 93895000,
    "weightedAverageShsOutDil": 106715000,
    "link": "https://www.sec.gov/Archives/edgar/data/1047166/000106770113000016/0001067701-13-000016-index.html",
    "finalLink": "https://www.sec.gov/Archives/edgar/data/1047166/000106770113000016/uri-6302013x10q.htm"
  },
  {
    "date": "2013-03-31",
    "symbol": "URI",
    "reportedCurrency": "USD",
    "cik": "0001067701",
    "fillingDate": "2013-04-16",
    "acceptedDate": "2013-04-16 16:57:43",
    "calendarYear": "2013",
    "period": "Q1",
    "revenue": 1100000000,
    "costOfRevenue": 715000000,
    "grossProfit": 385000000,
    "grossProfitRatio": 0.35,
    "researchAndDevelopmentExpenses": 0,
    "generalAndAdministrativeExpenses": 160000000,
    "sellingAndMarketingExpenses": 0,
    "sellingGeneralAndAdministrativeExpenses": 160000000,
    "otherExpenses": 1000000,
    "operatingExpenses": 224000000,
    "costAndExpenses": 939000000,
    "interestIncome": 0,
    "interestExpense": 120000000,
    "depreciationAndAmortization": 266000000,
    "ebitda": 416000000,
    "ebitdaratio": 0.3781818182,
    "operatingIncome": 149000000,
    "operatingIncomeRatio": 0.1354545455,
    "totalOtherIncomeExpensesNet": -119000000,
    "incomeBeforeTax": 30000000,
    "incomeBeforeTaxRatio": 0.0272727273,
    "incomeTaxExpense": 9000000,
    "netIncome": 21000000,
    "netIncomeRatio": 0.0190909091,
    "eps": 0.22,
    "epsdiluted": 0.19,
    "weightedAverageShsOut": 93310000,
    "weightedAverageShsOutDil": 106380000,
    "link": "https://www.sec.gov/Archives/edgar/data/1047166/000106770113000008/0001067701-13-000008-index.html",
    "finalLink": "https://www.sec.gov/Archives/edgar/data/1047166/000106770113000008/uri-3312013x10q.htm"
  },
  {
    "date": "2012-12-31",
    "symbol": "URI",
    "reportedCurrency": "USD",
    "cik": "0001067701",
    "fillingDate": "2013-01-23",
    "acceptedDate": "2013-01-23 16:47:29",
    "calendarYear": "2012",
    "period": "Q4",
    "revenue": 1249000000,
    "costOfRevenue": 754000000,
    "grossProfit": 495000000,
    "grossProfitRatio": 0.3963170536,
    "researchAndDevelopmentExpenses": 0,
    "generalAndAdministrativeExpenses": 176000000,
    "sellingAndMarketingExpenses": 0,
    "sellingGeneralAndAdministrativeExpenses": 176000000,
    "otherExpenses": 64000000,
    "operatingExpenses": 240000000,
    "costAndExpenses": 994000000,
    "interestIncome": 0,
    "interestExpense": 197000000,
    "depreciationAndAmortization": 272000000,
    "ebitda": 508000000,
    "ebitdaratio": 0.4067253803,
    "operatingIncome": 236000000,
    "operatingIncomeRatio": 0.1889511609,
    "totalOtherIncomeExpensesNet": -64000000,
    "incomeBeforeTax": 39000000,
    "incomeBeforeTaxRatio": 0.03122498,
    "incomeTaxExpense": -2000000,
    "netIncome": 41000000,
    "netIncomeRatio": 0.032826261,
    "eps": 0.44,
    "epsdiluted": 0.4,
    "weightedAverageShsOut": 92700000,
    "weightedAverageShsOutDil": 105200000,
    "link": "https://www.sec.gov/Archives/edgar/data/1047166/000106770113000004/0001067701-13-000004-index.html",
    "finalLink": "https://www.sec.gov/Archives/edgar/data/1047166/000106770113000004/uri-2012123110k.htm"
  },
  {
    "date": "2012-09-30",
    "symbol": "URI",
    "reportedCurrency": "USD",
    "cik": "0001067701",
    "fillingDate": "2012-10-16",
    "acceptedDate": "2012-10-16 16:31:23",
    "calendarYear": "2012",
    "period": "Q3",
    "revenue": 1219000000,
    "costOfRevenue": 714000000,
    "grossProfit": 505000000,
    "grossProfitRatio": 0.4142739951,
    "researchAndDevelopmentExpenses": 0,
    "generalAndAdministrativeExpenses": 164000000,
    "sellingAndMarketingExpenses": 0,
    "sellingGeneralAndAdministrativeExpenses": 164000000,
    "otherExpenses": 71000000,
    "operatingExpenses": 235000000,
    "costAndExpenses": 949000000,
    "interestIncome": 0,
    "interestExpense": 128000000,
    "depreciationAndAmortization": 71000000,
    "ebitda": 497000000,
    "ebitdaratio": 0.4077112387,
    "operatingIncome": 222000000,
    "operatingIncomeRatio": 0.1821164889,
    "totalOtherIncomeExpensesNet": -128000000,
    "incomeBeforeTax": 94000000,
    "incomeBeforeTaxRatio": 0.0771123872,
    "incomeTaxExpense": 21000000,
    "netIncome": 73000000,
    "netIncomeRatio": 0.0598851518,
    "eps": 0.79,
    "epsdiluted": 0.7,
    "weightedAverageShsOut": 92500000,
    "weightedAverageShsOutDil": 105300000,
    "link": "https://www.sec.gov/Archives/edgar/data/1047166/000106770112000020/0001067701-12-000020-index.html",
    "finalLink": "https://www.sec.gov/Archives/edgar/data/1047166/000106770112000020/uri-9302012x10q.htm"
  },
  {
    "date": "2012-06-30",
    "symbol": "URI",
    "reportedCurrency": "USD",
    "cik": "0001067701",
    "fillingDate": "2012-07-17",
    "acceptedDate": "2012-07-17 16:58:42",
    "calendarYear": "2012",
    "period": "Q2",
    "revenue": 993000000,
    "costOfRevenue": 619000000,
    "grossProfit": 374000000,
    "grossProfitRatio": 0.3766364552,
    "researchAndDevelopmentExpenses": 0,
    "generalAndAdministrativeExpenses": 146000000,
    "sellingAndMarketingExpenses": 0,
    "sellingGeneralAndAdministrativeExpenses": 146000000,
    "otherExpenses": 49000000,
    "operatingExpenses": 195000000,
    "costAndExpenses": 814000000,
    "interestIncome": 0,
    "interestExpense": 122000000,
    "depreciationAndAmortization": 221000000,
    "ebitda": 279000000,
    "ebitdaratio": 0.2809667674,
    "operatingIncome": 46000000,
    "operatingIncomeRatio": 0.0463242699,
    "totalOtherIncomeExpensesNet": -110000000,
    "incomeBeforeTax": -64000000,
    "incomeBeforeTaxRatio": -0.0644511581,
    "incomeTaxExpense": -12000000,
    "netIncome": -52000000,
    "netIncomeRatio": -0.052366566,
    "eps": -0.62,
    "epsdiluted": -0.62,
    "weightedAverageShsOut": 83231000,
    "weightedAverageShsOutDil": 83231000,
    "link": "https://www.sec.gov/Archives/edgar/data/1047166/000106770112000017/0001067701-12-000017-index.html",
    "finalLink": "https://www.sec.gov/Archives/edgar/data/1047166/000106770112000017/uri-6302012x10q.htm"
  },
  {
    "date": "2012-03-31",
    "symbol": "URI",
    "reportedCurrency": "USD",
    "cik": "0001067701",
    "fillingDate": "2012-04-17",
    "acceptedDate": "2012-04-17 16:17:15",
    "calendarYear": "2012",
    "period": "Q1",
    "revenue": 656000000,
    "costOfRevenue": 443000000,
    "grossProfit": 213000000,
    "grossProfitRatio": 0.324695122,
    "researchAndDevelopmentExpenses": 0,
    "generalAndAdministrativeExpenses": 102000000,
    "sellingAndMarketingExpenses": 0,
    "sellingGeneralAndAdministrativeExpenses": 102000000,
    "otherExpenses": 14000000,
    "operatingExpenses": 116000000,
    "costAndExpenses": 559000000,
    "interestIncome": 0,
    "interestExpense": 87000000,
    "depreciationAndAmortization": 129000000,
    "ebitda": 217000000,
    "ebitdaratio": 0.3307926829,
    "operatingIncome": 87000000,
    "operatingIncomeRatio": 0.1326219512,
    "totalOtherIncomeExpensesNet": -68000000,
    "incomeBeforeTax": 19000000,
    "incomeBeforeTaxRatio": 0.0289634146,
    "incomeTaxExpense": 6000000,
    "netIncome": 13000000,
    "netIncomeRatio": 0.0198170732,
    "eps": 0.21,
    "epsdiluted": 0.17,
    "weightedAverageShsOut": 63131000,
    "weightedAverageShsOutDil": 76266000,
    "link": "https://www.sec.gov/Archives/edgar/data/1067701/000106770112000010/0001067701-12-000010-index.htm",
    "finalLink": "https://www.sec.gov/Archives/edgar/data/1047166/000106770112000010/uri-3312012x10q.htm"
  },
  {
    "date": "2011-12-31",
    "symbol": "URI",
    "reportedCurrency": "USD",
    "cik": "0001067701",
    "fillingDate": "2012-01-25",
    "acceptedDate": "2012-01-25 16:43:06",
    "calendarYear": "2011",
    "period": "Q4",
    "revenue": 746000000,
    "costOfRevenue": 471000000,
    "grossProfit": 275000000,
    "grossProfitRatio": 0.3686327078,
    "researchAndDevelopmentExpenses": 0,
    "generalAndAdministrativeExpenses": 109000000,
    "sellingAndMarketingExpenses": 0,
    "sellingGeneralAndAdministrativeExpenses": 109000000,
    "otherExpenses": 18000000,
    "operatingExpenses": 127000000,
    "costAndExpenses": 598000000,
    "interestIncome": -7000000,
    "interestExpense": 123000000,
    "depreciationAndAmortization": 129000000,
    "ebitda": 277000000,
    "ebitdaratio": 0.3713136729,
    "operatingIncome": 115000000,
    "operatingIncomeRatio": 0.154155496,
    "totalOtherIncomeExpensesNet": -59000000,
    "incomeBeforeTax": 56000000,
    "incomeBeforeTaxRatio": 0.0750670241,
    "incomeTaxExpense": 28000000,
    "netIncome": 29000000,
    "netIncomeRatio": 0.0388739946,
    "eps": 0.46,
    "epsdiluted": 0.38,
    "weightedAverageShsOut": 63131000,
    "weightedAverageShsOutDil": 76266000,
    "link": "https://www.sec.gov/Archives/edgar/data/1047166/000144530512000134/0001445305-12-000134-index.html",
    "finalLink": "https://www.sec.gov/Archives/edgar/data/1047166/000144530512000134/uri-2011123110k.htm"
  },
  {
    "date": "2011-09-30",
    "symbol": "URI",
    "reportedCurrency": "USD",
    "cik": "0001067701",
    "fillingDate": "2011-10-18",
    "acceptedDate": "2011-10-18 17:03:52",
    "calendarYear": "2011",
    "period": "Q3",
    "revenue": 713000000,
    "costOfRevenue": 439000000,
    "grossProfit": 274000000,
    "grossProfitRatio": 0.3842917251,
    "researchAndDevelopmentExpenses": 0,
    "generalAndAdministrativeExpenses": 103000000,
    "sellingAndMarketingExpenses": 0,
    "sellingGeneralAndAdministrativeExpenses": 103000000,
    "otherExpenses": 13000000,
    "operatingExpenses": 116000000,
    "costAndExpenses": 555000000,
    "interestIncome": 0,
    "interestExpense": 58000000,
    "depreciationAndAmortization": 123000000,
    "ebitda": 281000000,
    "ebitdaratio": 0.3941093969,
    "operatingIncome": 156000000,
    "operatingIncomeRatio": 0.2187938289,
    "totalOtherIncomeExpensesNet": -60000000,
    "incomeBeforeTax": 96000000,
    "incomeBeforeTaxRatio": 0.1346423562,
    "incomeTaxExpense": 31000000,
    "netIncome": 65000000,
    "netIncomeRatio": 0.0911640954,
    "eps": 1.05,
    "epsdiluted": 0.91,
    "weightedAverageShsOut": 62000000,
    "weightedAverageShsOutDil": 73400000,
    "link": "https://www.sec.gov/Archives/edgar/data/1047166/000119312511273899/0001193125-11-273899-index.html",
    "finalLink": "https://www.sec.gov/Archives/edgar/data/1047166/000119312511273899/d223167d10q.htm"
  },
  {
    "date": "2011-06-30",
    "symbol": "URI",
    "reportedCurrency": "USD",
    "cik": "0001067701",
    "fillingDate": "2011-07-19",
    "acceptedDate": "2011-07-19 16:40:22",
    "calendarYear": "2011",
    "period": "Q2",
    "revenue": 629000000,
    "costOfRevenue": 418000000,
    "grossProfit": 211000000,
    "grossProfitRatio": 0.3354531002,
    "researchAndDevelopmentExpenses": 0,
    "generalAndAdministrativeExpenses": 100000000,
    "sellingAndMarketingExpenses": 0,
    "sellingGeneralAndAdministrativeExpenses": 100000000,
    "otherExpenses": 14000000,
    "operatingExpenses": 114000000,
    "costAndExpenses": 532000000,
    "interestIncome": 0,
    "interestExpense": 59000000,
    "depreciationAndAmortization": 117000000,
    "ebitda": 215000000,
    "ebitdaratio": 0.3418124006,
    "operatingIncome": 95000000,
    "operatingIncomeRatio": 0.1510333863,
    "totalOtherIncomeExpensesNet": -56000000,
    "incomeBeforeTax": 39000000,
    "incomeBeforeTaxRatio": 0.0620031797,
    "incomeTaxExpense": 11000000,
    "netIncome": 27000000,
    "netIncomeRatio": 0.0429252782,
    "eps": 0.43,
    "epsdiluted": 0.37,
    "weightedAverageShsOut": 62500000,
    "weightedAverageShsOutDil": 72972974,
    "link": "https://www.sec.gov/Archives/edgar/data/1047166/000119312511191387/0001193125-11-191387-index.html",
    "finalLink": "https://www.sec.gov/Archives/edgar/data/1047166/000119312511191387/d10q.htm"
  },
  {
    "date": "2011-03-31",
    "symbol": "URI",
    "reportedCurrency": "USD",
    "cik": "0001067701",
    "fillingDate": "2011-04-19",
    "acceptedDate": "2011-04-19 16:45:06",
    "calendarYear": "2011",
    "period": "Q1",
    "revenue": 523000000,
    "costOfRevenue": 385000000,
    "grossProfit": 138000000,
    "grossProfitRatio": 0.2638623327,
    "researchAndDevelopmentExpenses": 0,
    "generalAndAdministrativeExpenses": 95000000,
    "sellingAndMarketingExpenses": 0,
    "sellingGeneralAndAdministrativeExpenses": 95000000,
    "otherExpenses": 12000000,
    "operatingExpenses": 107000000,
    "costAndExpenses": 492000000,
    "interestIncome": 0,
    "interestExpense": 58000000,
    "depreciationAndAmortization": 111000000,
    "ebitda": 142000000,
    "ebitdaratio": 0.2715105163,
    "operatingIncome": 30000000,
    "operatingIncomeRatio": 0.0573613767,
    "totalOtherIncomeExpensesNet": -57000000,
    "incomeBeforeTax": -27000000,
    "incomeBeforeTaxRatio": -0.051625239,
    "incomeTaxExpense": -7000000,
    "netIncome": -20000000,
    "netIncomeRatio": -0.0382409178,
    "eps": -0.33,
    "epsdiluted": -0.33,
    "weightedAverageShsOut": 61287051,
    "weightedAverageShsOutDil": 61287051,
    "link": "https://www.sec.gov/Archives/edgar/data/1047166/000119312511102380/0001193125-11-102380-index.html",
    "finalLink": "https://www.sec.gov/Archives/edgar/data/1047166/000119312511102380/d10q.htm"
  },
  {
    "date": "2010-12-31",
    "symbol": "URI",
    "reportedCurrency": "USD",
    "cik": "0001067701",
    "fillingDate": "2011-02-01",
    "acceptedDate": "2011-02-01 16:38:37",
    "calendarYear": "2010",
    "period": "Q4",
    "revenue": 597000000,
    "costOfRevenue": 422000000,
    "grossProfit": 175000000,
    "grossProfitRatio": 0.2931323283,
    "researchAndDevelopmentExpenses": 0,
    "generalAndAdministrativeExpenses": 96000000,
    "sellingAndMarketingExpenses": 0,
    "sellingGeneralAndAdministrativeExpenses": 96000000,
    "otherExpenses": 17000000,
    "operatingExpenses": 113000000,
    "costAndExpenses": 535000000,
    "interestIncome": -30000000,
    "interestExpense": 121000000,
    "depreciationAndAmortization": 117000000,
    "ebitda": 179000000,
    "ebitdaratio": 0.2998324958,
    "operatingIncome": 47000000,
    "operatingIncomeRatio": 0.0787269682,
    "totalOtherIncomeExpensesNet": -81000000,
    "incomeBeforeTax": -40000000,
    "incomeBeforeTaxRatio": -0.067001675,
    "incomeTaxExpense": -23000000,
    "netIncome": -21000000,
    "netIncomeRatio": -0.0351758794,
    "eps": -0.35,
    "epsdiluted": -0.34,
    "weightedAverageShsOut": 60569000,
    "weightedAverageShsOutDil": 61287051,
    "link": "https://www.sec.gov/Archives/edgar/data/1067701/000119312511020326/0001193125-11-020326-index.htm",
    "finalLink": "https://www.sec.gov/Archives/edgar/data/1047166/000119312511020326/d10k.htm"
  },
  {
    "date": "2010-09-30",
    "symbol": "URI",
    "reportedCurrency": "USD",
    "cik": "0001067701",
    "fillingDate": "2010-10-20",
    "acceptedDate": "2010-10-19 17:46:46",
    "calendarYear": "2010",
    "period": "Q3",
    "revenue": 605000000,
    "costOfRevenue": 396000000,
    "grossProfit": 209000000,
    "grossProfitRatio": 0.3454545455,
    "researchAndDevelopmentExpenses": 0,
    "generalAndAdministrativeExpenses": 95000000,
    "sellingAndMarketingExpenses": 0,
    "sellingGeneralAndAdministrativeExpenses": 95000000,
    "otherExpenses": 14000000,
    "operatingExpenses": 109000000,
    "costAndExpenses": 505000000,
    "interestIncome": -2000000,
    "interestExpense": 67000000,
    "depreciationAndAmortization": 112000000,
    "ebitda": 212000000,
    "ebitdaratio": 0.3504132231,
    "operatingIncome": 93000000,
    "operatingIncomeRatio": 0.1537190083,
    "totalOtherIncomeExpensesNet": -55000000,
    "incomeBeforeTax": 38000000,
    "incomeBeforeTaxRatio": 0.0628099174,
    "incomeTaxExpense": 15000000,
    "netIncome": 23000000,
    "netIncomeRatio": 0.0380165289,
    "eps": 0.37,
    "epsdiluted": 0.33,
    "weightedAverageShsOut": 60531000,
    "weightedAverageShsOutDil": 68532000,
    "link": "https://www.sec.gov/Archives/edgar/data/1047166/000119312510231868/0001193125-10-231868-index.html",
    "finalLink": "https://www.sec.gov/Archives/edgar/data/1047166/000119312510231868/d10q.htm"
  },
  {
    "date": "2010-06-30",
    "symbol": "URI",
    "reportedCurrency": "USD",
    "cik": "0001067701",
    "fillingDate": "2010-07-20",
    "acceptedDate": "2010-07-20 17:06:24",
    "calendarYear": "2010",
    "period": "Q2",
    "revenue": 557000000,
    "costOfRevenue": 386000000,
    "grossProfit": 171000000,
    "grossProfitRatio": 0.3070017953,
    "researchAndDevelopmentExpenses": 0,
    "generalAndAdministrativeExpenses": 90000000,
    "sellingAndMarketingExpenses": 0,
    "sellingGeneralAndAdministrativeExpenses": 90000000,
    "otherExpenses": 16000000,
    "operatingExpenses": 106000000,
    "costAndExpenses": 492000000,
    "interestIncome": -2000000,
    "interestExpense": 68000000,
    "depreciationAndAmortization": 111000000,
    "ebitda": 176000000,
    "ebitdaratio": 0.315978456,
    "operatingIncome": 59000000,
    "operatingIncomeRatio": 0.1059245961,
    "totalOtherIncomeExpensesNet": -56000000,
    "incomeBeforeTax": 3000000,
    "incomeBeforeTaxRatio": 0.0053859964,
    "incomeTaxExpense": -9000000,
    "netIncome": 12000000,
    "netIncomeRatio": 0.0215439856,
    "eps": 0.2,
    "epsdiluted": 0.18,
    "weightedAverageShsOut": 60490000,
    "weightedAverageShsOutDil": 67691000,
    "link": "https://www.sec.gov/Archives/edgar/data/1047166/000119312510161856/0001193125-10-161856-index.html",
    "finalLink": "https://www.sec.gov/Archives/edgar/data/1047166/000119312510161856/d10q.htm"
  },
  {
    "date": "2010-03-31",
    "symbol": "URI",
    "reportedCurrency": "USD",
    "cik": "0001067701",
    "fillingDate": "2010-04-21",
    "acceptedDate": "2010-04-21 16:40:12",
    "calendarYear": "2010",
    "period": "Q1",
    "revenue": 478000000,
    "costOfRevenue": 375000000,
    "grossProfit": 103000000,
    "grossProfitRatio": 0.2154811715,
    "researchAndDevelopmentExpenses": 0,
    "generalAndAdministrativeExpenses": 86000000,
    "sellingAndMarketingExpenses": 0,
    "sellingGeneralAndAdministrativeExpenses": 86000000,
    "otherExpenses": 13000000,
    "operatingExpenses": 99000000,
    "costAndExpenses": 474000000,
    "interestIncome": 0,
    "interestExpense": 63000000,
    "depreciationAndAmortization": 109000000,
    "ebitda": 113000000,
    "ebitdaratio": 0.2364016736,
    "operatingIncome": -2000000,
    "operatingIncomeRatio": -0.0041841004,
    "totalOtherIncomeExpensesNet": -62000000,
    "incomeBeforeTax": -64000000,
    "incomeBeforeTaxRatio": -0.1338912134,
    "incomeTaxExpense": -24000000,
    "netIncome": -40000000,
    "netIncomeRatio": -0.0836820084,
    "eps": -0.66,
    "epsdiluted": -0.66,
    "weightedAverageShsOut": 60227000,
    "weightedAverageShsOutDil": 60227000,
    "link": "https://www.sec.gov/Archives/edgar/data/1047166/000119312510088964/0001193125-10-088964-index.html",
    "finalLink": "https://www.sec.gov/Archives/edgar/data/1047166/000119312510088964/d10q.htm"
  },
  {
    "date": "2009-12-31",
    "symbol": "URI",
    "reportedCurrency": "USD",
    "cik": "0001067701",
    "fillingDate": "2010-02-03",
    "acceptedDate": "2010-02-03 16:26:35",
    "calendarYear": "2009",
    "period": "Q4",
    "revenue": 557000000,
    "costOfRevenue": 412000000,
    "grossProfit": 145000000,
    "grossProfitRatio": 0.2603231598,
    "researchAndDevelopmentExpenses": 0,
    "generalAndAdministrativeExpenses": 100000000,
    "sellingAndMarketingExpenses": 0,
    "sellingGeneralAndAdministrativeExpenses": 100000000,
    "otherExpenses": 15000000,
    "operatingExpenses": 115000000,
    "costAndExpenses": 527000000,
    "interestIncome": 0,
    "interestExpense": 70000000,
    "depreciationAndAmortization": 116000000,
    "ebitda": 137000000,
    "ebitdaratio": 0.2459605027,
    "operatingIncome": 24000000,
    "operatingIncomeRatio": 0.0430879713,
    "totalOtherIncomeExpensesNet": -31000000,
    "incomeBeforeTax": -49000000,
    "incomeBeforeTaxRatio": -0.0879712747,
    "incomeTaxExpense": -25000000,
    "netIncome": -26000000,
    "netIncomeRatio": -0.0466786355,
    "eps": -0.43,
    "epsdiluted": -0.43,
    "weightedAverageShsOut": 60157000,
    "weightedAverageShsOutDil": 60227000,
    "link": "https://www.sec.gov/Archives/edgar/data/1047166/000119312510020819/0001193125-10-020819-index.html",
    "finalLink": "https://www.sec.gov/Archives/edgar/data/1047166/000119312510020819/d10k.htm"
  },
  {
    "date": "2009-09-30",
    "symbol": "URI",
    "reportedCurrency": "USD",
    "cik": "0001067701",
    "fillingDate": "2009-10-28",
    "acceptedDate": "2009-10-28 17:19:19",
    "calendarYear": "2009",
    "period": "Q3",
    "revenue": 592000000,
    "costOfRevenue": 412000000,
    "grossProfit": 180000000,
    "grossProfitRatio": 0.3040540541,
    "researchAndDevelopmentExpenses": 0,
    "generalAndAdministrativeExpenses": 99000000,
    "sellingAndMarketingExpenses": 0,
    "sellingGeneralAndAdministrativeExpenses": 99000000,
    "otherExpenses": 13000000,
    "operatingExpenses": 112000000,
    "costAndExpenses": 524000000,
    "interestIncome": 0,
    "interestExpense": 64000000,
    "depreciationAndAmortization": 113000000,
    "ebitda": 181000000,
    "ebitdaratio": 0.3057432432,
    "operatingIncome": 67000000,
    "operatingIncomeRatio": 0.1131756757,
    "totalOtherIncomeExpensesNet": -63000000,
    "incomeBeforeTax": 4000000,
    "incomeBeforeTaxRatio": 0.0067567568,
    "incomeTaxExpense": 4000000,
    "netIncome": 0,
    "netIncomeRatio": 0,
    "eps": 0,
    "epsdiluted": 0,
    "weightedAverageShsOut": 60100000,
    "weightedAverageShsOutDil": 60700000,
    "link": "https://www.sec.gov/Archives/edgar/data/1047166/000119312509216310/0001193125-09-216310-index.html",
    "finalLink": "https://www.sec.gov/Archives/edgar/data/1047166/000119312509216310/d10q.htm"
  },
  {
    "date": "2009-06-30",
    "symbol": "URI",
    "reportedCurrency": "USD",
    "cik": "0001067701",
    "fillingDate": "2009-07-29",
    "acceptedDate": "2009-07-29 17:18:04",
    "calendarYear": "2009",
    "period": "Q2",
    "revenue": 615000000,
    "costOfRevenue": 474000000,
    "grossProfit": 141000000,
    "grossProfitRatio": 0.2292682927,
    "researchAndDevelopmentExpenses": 0,
    "generalAndAdministrativeExpenses": 101000000,
    "sellingAndMarketingExpenses": 0,
    "sellingGeneralAndAdministrativeExpenses": 101000000,
    "otherExpenses": 15000000,
    "operatingExpenses": 116000000,
    "costAndExpenses": 590000000,
    "interestIncome": 10000000,
    "interestExpense": 52000000,
    "depreciationAndAmortization": 125000000,
    "ebitda": 150000000,
    "ebitdaratio": 0.243902439,
    "operatingIncome": 5000000,
    "operatingIncomeRatio": 0.0081300813,
    "totalOtherIncomeExpensesNet": -34000000,
    "incomeBeforeTax": -29000000,
    "incomeBeforeTaxRatio": -0.0471544715,
    "incomeTaxExpense": -12000000,
    "netIncome": -17000000,
    "netIncomeRatio": -0.0276422764,
    "eps": -0.28,
    "epsdiluted": -0.28,
    "weightedAverageShsOut": 59986000,
    "weightedAverageShsOutDil": 60100000,
    "link": "https://www.sec.gov/Archives/edgar/data/1047166/000119312509158282/0001193125-09-158282-index.html",
    "finalLink": "https://www.sec.gov/Archives/edgar/data/1047166/000119312509158282/d10q.htm"
  },
  {
    "date": "2009-03-31",
    "symbol": "URI",
    "reportedCurrency": "USD",
    "cik": "0001067701",
    "fillingDate": "2009-04-29",
    "acceptedDate": "2009-04-29 17:12:49",
    "calendarYear": "2009",
    "period": "Q1",
    "revenue": 594000000,
    "costOfRevenue": 450000000,
    "grossProfit": 144000000,
    "grossProfitRatio": 0.2424242424,
    "researchAndDevelopmentExpenses": 0,
    "generalAndAdministrativeExpenses": 108000000,
    "sellingAndMarketingExpenses": 0,
    "sellingGeneralAndAdministrativeExpenses": 108000000,
    "otherExpenses": 14000000,
    "operatingExpenses": 122000000,
    "costAndExpenses": 572000000,
    "interestIncome": 0,
    "interestExpense": 52000000,
    "depreciationAndAmortization": 120000000,
    "ebitda": 139000000,
    "ebitdaratio": 0.234006734,
    "operatingIncome": 18000000,
    "operatingIncomeRatio": 0.0303030303,
    "totalOtherIncomeExpensesNet": -51000000,
    "incomeBeforeTax": -33000000,
    "incomeBeforeTaxRatio": -0.0555555556,
    "incomeTaxExpense": -14000000,
    "netIncome": -19000000,
    "netIncomeRatio": -0.031986532,
    "eps": -0.32,
    "epsdiluted": -0.32,
    "weightedAverageShsOut": 59986000,
    "weightedAverageShsOutDil": 59986000,
    "link": "https://www.sec.gov/Archives/edgar/data/1047166/000119312509092203/0001193125-09-092203-index.html",
    "finalLink": "https://www.sec.gov/Archives/edgar/data/1047166/000119312509092203/d10q.htm"
  },
  {
    "date": "2008-12-31",
    "symbol": "URI",
    "reportedCurrency": "USD",
    "cik": "0001067701",
    "fillingDate": "2009-02-26",
    "acceptedDate": "2009-02-25 20:10:57",
    "calendarYear": "2008",
    "period": "Q4",
    "revenue": 791000000,
    "costOfRevenue": 554000000,
    "grossProfit": 237000000,
    "grossProfitRatio": 0.2996207332,
    "researchAndDevelopmentExpenses": 0,
    "generalAndAdministrativeExpenses": 138000000,
    "sellingAndMarketingExpenses": 0,
    "sellingGeneralAndAdministrativeExpenses": 138000000,
    "otherExpenses": 0,
    "operatingExpenses": 138000000,
    "costAndExpenses": 692000000,
    "interestIncome": 0,
    "interestExpense": 1150000000,
    "depreciationAndAmortization": 124000000,
    "ebitda": -924000000,
    "ebitdaratio": -1.1681415929,
    "operatingIncome": -1048000000,
    "operatingIncomeRatio": -1.3249051833,
    "totalOtherIncomeExpensesNet": -17000000,
    "incomeBeforeTax": -1065000000,
    "incomeBeforeTaxRatio": -1.3463969659,
    "incomeTaxExpense": -212000000,
    "netIncome": -853000000,
    "netIncomeRatio": -1.0783817952,
    "eps": -14.28,
    "epsdiluted": -14.22,
    "weightedAverageShsOut": 59731000,
    "weightedAverageShsOutDil": 59986000,
    "link": "https://www.sec.gov/Archives/edgar/data/1047166/000119312509037714/0001193125-09-037714-index.html",
    "finalLink": "https://www.sec.gov/Archives/edgar/data/1047166/000119312509037714/d10k.htm"
  },
  {
    "date": "2008-09-30",
    "symbol": "URI",
    "reportedCurrency": "USD",
    "cik": "0001067701",
    "fillingDate": "2008-10-29",
    "acceptedDate": "2008-10-28 18:44:28",
    "calendarYear": "2008",
    "period": "Q3",
    "revenue": 873000000,
    "costOfRevenue": 538000000,
    "grossProfit": 335000000,
    "grossProfitRatio": 0.3837342497,
    "researchAndDevelopmentExpenses": 0,
    "generalAndAdministrativeExpenses": 133000000,
    "sellingAndMarketingExpenses": 0,
    "sellingGeneralAndAdministrativeExpenses": 133000000,
    "otherExpenses": 14000000,
    "operatingExpenses": 147000000,
    "costAndExpenses": 685000000,
    "interestIncome": 0,
    "interestExpense": 70000000,
    "depreciationAndAmortization": 135000000,
    "ebitda": 328000000,
    "ebitdaratio": 0.3757159221,
    "operatingIncome": 188000000,
    "operatingIncomeRatio": 0.21534937,
    "totalOtherIncomeExpensesNet": -71000000,
    "incomeBeforeTax": 117000000,
    "incomeBeforeTaxRatio": 0.1340206186,
    "incomeTaxExpense": 43000000,
    "netIncome": 74000000,
    "netIncomeRatio": 0.0847651775,
    "eps": 1.11,
    "epsdiluted": 0.98,
    "weightedAverageShsOut": 66672000,
    "weightedAverageShsOutDil": 66672000,
    "link": "https://www.sec.gov/Archives/edgar/data/1047166/000119312508218136/0001193125-08-218136-index.html",
    "finalLink": "https://www.sec.gov/Archives/edgar/data/1047166/000119312508218136/d10q.htm"
  },
  {
    "date": "2008-06-30",
    "symbol": "URI",
    "reportedCurrency": "USD",
    "cik": "0001067701",
    "fillingDate": "2008-07-30",
    "acceptedDate": "2008-07-29 21:38:48",
    "calendarYear": "2008",
    "period": "Q2",
    "revenue": 831000000,
    "costOfRevenue": 548000000,
    "grossProfit": 283000000,
    "grossProfitRatio": 0.3405535499,
    "researchAndDevelopmentExpenses": 0,
    "generalAndAdministrativeExpenses": 140000000,
    "sellingAndMarketingExpenses": 0,
    "sellingGeneralAndAdministrativeExpenses": 140000000,
    "otherExpenses": 15000000,
    "operatingExpenses": 155000000,
    "costAndExpenses": 703000000,
    "interestIncome": 2000000,
    "interestExpense": 53000000,
    "depreciationAndAmortization": 130000000,
    "ebitda": 255000000,
    "ebitdaratio": 0.3068592058,
    "operatingIncome": 128000000,
    "operatingIncomeRatio": 0.1540312876,
    "totalOtherIncomeExpensesNet": -52000000,
    "incomeBeforeTax": 76000000,
    "incomeBeforeTaxRatio": 0.091456077,
    "incomeTaxExpense": 39000000,
    "netIncome": 37000000,
    "netIncomeRatio": 0.0445246691,
    "eps": -2.33,
    "epsdiluted": -2.33,
    "weightedAverageShsOut": 86419000,
    "weightedAverageShsOutDil": 86419000,
    "link": "https://www.sec.gov/Archives/edgar/data/1047166/000119312508160543/0001193125-08-160543-index.html",
    "finalLink": "https://www.sec.gov/Archives/edgar/data/1047166/000119312508160543/d10q.htm"
  },
  {
    "date": "2008-03-31",
    "symbol": "URI",
    "reportedCurrency": "USD",
    "cik": "0001067701",
    "fillingDate": "2008-04-30",
    "acceptedDate": "2008-04-29 18:02:37",
    "calendarYear": "2008",
    "period": "Q1",
    "revenue": 772000000,
    "costOfRevenue": 524000000,
    "grossProfit": 248000000,
    "grossProfitRatio": 0.3212435233,
    "researchAndDevelopmentExpenses": 0,
    "generalAndAdministrativeExpenses": 131000000,
    "sellingAndMarketingExpenses": 0,
    "sellingGeneralAndAdministrativeExpenses": 131000000,
    "otherExpenses": 15000000,
    "operatingExpenses": 146000000,
    "costAndExpenses": 670000000,
    "interestIncome": 0,
    "interestExpense": 43000000,
    "depreciationAndAmortization": 124000000,
    "ebitda": 226000000,
    "ebitdaratio": 0.292746114,
    "operatingIncome": 102000000,
    "operatingIncomeRatio": 0.1321243523,
    "totalOtherIncomeExpensesNet": -43000000,
    "incomeBeforeTax": 59000000,
    "incomeBeforeTaxRatio": 0.0764248705,
    "incomeTaxExpense": 21000000,
    "netIncome": 38000000,
    "netIncomeRatio": 0.0492227979,
    "eps": 0.37,
    "epsdiluted": 0.34,
    "weightedAverageShsOut": 86332000,
    "weightedAverageShsOutDil": 111764707,
    "link": "https://www.sec.gov/Archives/edgar/data/1047166/000119312508095622/0001193125-08-095622-index.html",
    "finalLink": "https://www.sec.gov/Archives/edgar/data/1047166/000119312508095622/d10q.htm"
  },
  {
    "date": "2007-12-31",
    "symbol": "URI",
    "reportedCurrency": "USD",
    "cik": "0001067701",
    "fillingDate": "2008-02-29",
    "acceptedDate": "2008-02-28 17:32:30",
    "calendarYear": "2007",
    "period": "Q4",
    "revenue": 930000000,
    "costOfRevenue": 591000000,
    "grossProfit": 339000000,
    "grossProfitRatio": 0.364516129,
    "researchAndDevelopmentExpenses": 0,
    "generalAndAdministrativeExpenses": 148000000,
    "sellingAndMarketingExpenses": 0,
    "sellingGeneralAndAdministrativeExpenses": 148000000,
    "otherExpenses": 16000000,
    "operatingExpenses": 164000000,
    "costAndExpenses": 755000000,
    "interestIncome": 0,
    "interestExpense": 0,
    "depreciationAndAmortization": 119000000,
    "ebitda": 294000000,
    "ebitdaratio": 0.3161290323,
    "operatingIncome": 175000000,
    "operatingIncomeRatio": 0.188172043,
    "totalOtherIncomeExpensesNet": 65000000,
    "incomeBeforeTax": 240000000,
    "incomeBeforeTaxRatio": 0.2580645161,
    "incomeTaxExpense": 87000000,
    "netIncome": 153000000,
    "netIncomeRatio": 0.164516129,
    "eps": 1.49,
    "epsdiluted": 1.37,
    "weightedAverageShsOut": 102702703,
    "weightedAverageShsOutDil": 111764706,
    "link": "https://www.sec.gov/Archives/edgar/data/1067701/000119312508042082/0001193125-08-042082-index.htm",
    "finalLink": "https://www.sec.gov/Archives/edgar/data/1047166/000119312508042082/d10k.htm"
  },
  {
    "date": "2007-09-30",
    "symbol": "URI",
    "reportedCurrency": "USD",
    "cik": "0001067701",
    "fillingDate": "2007-11-01",
    "acceptedDate": "2007-10-31 18:34:55",
    "calendarYear": "2007",
    "period": "Q3",
    "revenue": 994000000,
    "costOfRevenue": 615000000,
    "grossProfit": 379000000,
    "grossProfitRatio": 0.3812877264,
    "researchAndDevelopmentExpenses": 0,
    "generalAndAdministrativeExpenses": 152000000,
    "sellingAndMarketingExpenses": 0,
    "sellingGeneralAndAdministrativeExpenses": 152000000,
    "otherExpenses": 13000000,
    "operatingExpenses": 165000000,
    "costAndExpenses": 780000000,
    "interestIncome": 0,
    "interestExpense": 37000000,
    "depreciationAndAmortization": 128000000,
    "ebitda": 344000000,
    "ebitdaratio": 0.3460764588,
    "operatingIncome": 214000000,
    "operatingIncomeRatio": 0.2152917505,
    "totalOtherIncomeExpensesNet": -42000000,
    "incomeBeforeTax": 172000000,
    "incomeBeforeTaxRatio": 0.1730382294,
    "incomeTaxExpense": 61000000,
    "netIncome": 112000000,
    "netIncomeRatio": 0.1126760563,
    "eps": 1.1,
    "epsdiluted": 0.98,
    "weightedAverageShsOut": 101142000,
    "weightedAverageShsOutDil": 101142000,
    "link": "https://www.sec.gov/Archives/edgar/data/1047166/000119312507231351/0001193125-07-231351-index.html",
    "finalLink": "https://www.sec.gov/Archives/edgar/data/1047166/000119312507231351/d10q.htm"
  },
  {
    "date": "2007-06-30",
    "symbol": "URI",
    "reportedCurrency": "USD",
    "cik": "0001067701",
    "fillingDate": "2007-08-01",
    "acceptedDate": "2007-08-01 17:08:54",
    "calendarYear": "2007",
    "period": "Q2",
    "revenue": 966000000,
    "costOfRevenue": 635000000,
    "grossProfit": 331000000,
    "grossProfitRatio": 0.3426501035,
    "researchAndDevelopmentExpenses": 0,
    "generalAndAdministrativeExpenses": 147000000,
    "sellingAndMarketingExpenses": 0,
    "sellingGeneralAndAdministrativeExpenses": 147000000,
    "otherExpenses": 13000000,
    "operatingExpenses": 160000000,
    "costAndExpenses": 795000000,
    "interestIncome": 0,
    "interestExpense": 52000000,
    "depreciationAndAmortization": 129000000,
    "ebitda": 301000000,
    "ebitdaratio": 0.3115942029,
    "operatingIncome": 171000000,
    "operatingIncomeRatio": 0.1770186335,
    "totalOtherIncomeExpensesNet": -55000000,
    "incomeBeforeTax": 116000000,
    "incomeBeforeTaxRatio": 0.1200828157,
    "incomeTaxExpense": 49000000,
    "netIncome": 67000000,
    "netIncomeRatio": 0.0693581781,
    "eps": 0.68,
    "epsdiluted": 0.6,
    "weightedAverageShsOut": 82185000,
    "weightedAverageShsOutDil": 114968000,
    "link": "https://www.sec.gov/Archives/edgar/data/1047166/000119312507168202/0001193125-07-168202-index.html",
    "finalLink": "https://www.sec.gov/Archives/edgar/data/1047166/000119312507168202/d10q.htm"
  },
  {
    "date": "2007-03-31",
    "symbol": "URI",
    "reportedCurrency": "USD",
    "cik": "0001067701",
    "fillingDate": "2007-05-02",
    "acceptedDate": "2007-05-02 17:05:39",
    "calendarYear": "2007",
    "period": "Q1",
    "revenue": 841000000,
    "costOfRevenue": 582000000,
    "grossProfit": 259000000,
    "grossProfitRatio": 0.3079667063,
    "researchAndDevelopmentExpenses": 0,
    "generalAndAdministrativeExpenses": 148000000,
    "sellingAndMarketingExpenses": 0,
    "sellingGeneralAndAdministrativeExpenses": 148000000,
    "otherExpenses": 12000000,
    "operatingExpenses": 160000000,
    "costAndExpenses": 742000000,
    "interestIncome": 0,
    "interestExpense": 51000000,
    "depreciationAndAmortization": 121000000,
    "ebitda": 220000000,
    "ebitdaratio": 0.2615933413,
    "operatingIncome": 99000000,
    "operatingIncomeRatio": 0.1177170036,
    "totalOtherIncomeExpensesNet": -49000000,
    "incomeBeforeTax": 50000000,
    "incomeBeforeTaxRatio": 0.0594530321,
    "incomeTaxExpense": 18000000,
    "netIncome": 30000000,
    "netIncomeRatio": 0.0356718193,
    "eps": 0.31,
    "epsdiluted": 0.28,
    "weightedAverageShsOut": 96774194,
    "weightedAverageShsOutDil": 96774194,
    "link": "https://www.sec.gov/Archives/edgar/data/1047166/000119312507099659/0001193125-07-099659-index.html",
    "finalLink": "https://www.sec.gov/Archives/edgar/data/1047166/000119312507099659/d10q.htm"
  },
  {
    "date": "2006-12-31",
    "symbol": "URI",
    "reportedCurrency": "USD",
    "cik": "0001067701",
    "fillingDate": "2007-02-27",
    "acceptedDate": "2007-02-26 20:40:39",
    "calendarYear": "2006",
    "period": "Q4",
    "revenue": 730000000,
    "costOfRevenue": 413000000,
    "grossProfit": 317000000,
    "grossProfitRatio": 0.4342465753,
    "researchAndDevelopmentExpenses": 0,
    "generalAndAdministrativeExpenses": 133000000,
    "sellingAndMarketingExpenses": 0,
    "sellingGeneralAndAdministrativeExpenses": 133000000,
    "otherExpenses": 12000000,
    "operatingExpenses": 145000000,
    "costAndExpenses": 558000000,
    "interestIncome": 0,
    "interestExpense": 75000000,
    "depreciationAndAmortization": 127000000,
    "ebitda": 299000000,
    "ebitdaratio": 0.4095890411,
    "operatingIncome": 172000000,
    "operatingIncomeRatio": 0.2356164384,
    "totalOtherIncomeExpensesNet": -50000000,
    "incomeBeforeTax": 122000000,
    "incomeBeforeTaxRatio": 0.1671232877,
    "incomeTaxExpense": 44000000,
    "netIncome": 53000000,
    "netIncomeRatio": 0.0726027397,
    "eps": 0.81,
    "epsdiluted": 0.81,
    "weightedAverageShsOut": 96605489,
    "weightedAverageShsOutDil": 96774194,
    "link": "https://www.sec.gov/Archives/edgar/data/1067701/000119312507040088/0001193125-07-040088-index.htm",
    "finalLink": "https://www.sec.gov/Archives/edgar/data/1047166/000119312507040088/d10k.htm"
  },
  {
    "date": "2006-09-30",
    "symbol": "URI",
    "reportedCurrency": "USD",
    "cik": "0001067701",
    "fillingDate": "2006-10-31",
    "acceptedDate": "2006-10-31 16:54:03",
    "calendarYear": "2006",
    "period": "Q3",
    "revenue": 1070000000,
    "costOfRevenue": 680000000,
    "grossProfit": 390000000,
    "grossProfitRatio": 0.3644859813,
    "researchAndDevelopmentExpenses": 0,
    "generalAndAdministrativeExpenses": 164000000,
    "sellingAndMarketingExpenses": 0,
    "sellingGeneralAndAdministrativeExpenses": 164000000,
    "otherExpenses": 10000000,
    "operatingExpenses": 174000000,
    "costAndExpenses": 854000000,
    "interestIncome": 0,
    "interestExpense": 62000000,
    "depreciationAndAmortization": 132000000,
    "ebitda": 348000000,
    "ebitdaratio": 0.3252336449,
    "operatingIncome": 216000000,
    "operatingIncomeRatio": 0.2018691589,
    "totalOtherIncomeExpensesNet": -62000000,
    "incomeBeforeTax": 154000000,
    "incomeBeforeTaxRatio": 0.1439252336,
    "incomeTaxExpense": 59000000,
    "netIncome": 95000000,
    "netIncomeRatio": 0.0887850467,
    "eps": 0.97,
    "epsdiluted": 0.85,
    "weightedAverageShsOut": 97938145,
    "weightedAverageShsOutDil": 97938145,
    "link": "https://www.sec.gov/Archives/edgar/data/1067701/000119312506219327/0001193125-06-219327-index.htm",
    "finalLink": "https://www.sec.gov/Archives/edgar/data/1047166/000119312506219327/d10q.htm"
  },
  {
    "date": "2006-06-30",
    "symbol": "URI",
    "reportedCurrency": "USD",
    "cik": "0001067701",
    "fillingDate": "2006-08-08",
    "acceptedDate": "2006-08-07 19:28:07",
    "calendarYear": "2006",
    "period": "Q2",
    "revenue": 995000000,
    "costOfRevenue": 657000000,
    "grossProfit": 338000000,
    "grossProfitRatio": 0.3396984925,
    "researchAndDevelopmentExpenses": 0,
    "generalAndAdministrativeExpenses": 164000000,
    "sellingAndMarketingExpenses": 0,
    "sellingGeneralAndAdministrativeExpenses": 164000000,
    "otherExpenses": 24000000,
    "operatingExpenses": 188000000,
    "costAndExpenses": 845000000,
    "interestIncome": 0,
    "interestExpense": 53000000,
    "depreciationAndAmortization": 128000000,
    "ebitda": 276000000,
    "ebitdaratio": 0.2773869347,
    "operatingIncome": 150000000,
    "operatingIncomeRatio": 0.1507537688,
    "totalOtherIncomeExpensesNet": -50000000,
    "incomeBeforeTax": 96000000,
    "incomeBeforeTaxRatio": 0.0964824121,
    "incomeTaxExpense": 40000000,
    "netIncome": 56000000,
    "netIncomeRatio": 0.056281407,
    "eps": 0.59,
    "epsdiluted": 0.51,
    "weightedAverageShsOut": 94915255,
    "weightedAverageShsOutDil": 94915255,
    "link": "https://www.sec.gov/Archives/edgar/data/1067701/000119312506164103/0001193125-06-164103-index.htm",
    "finalLink": "https://www.sec.gov/Archives/edgar/data/1047166/000119312506164103/d10q.htm"
  },
  {
    "date": "2006-03-31",
    "symbol": "URI",
    "reportedCurrency": "USD",
    "cik": "0001067701",
    "fillingDate": "2006-05-09",
    "acceptedDate": "2006-05-09 17:05:44",
    "calendarYear": "2006",
    "period": "Q1",
    "revenue": 846000000,
    "costOfRevenue": 493000000,
    "grossProfit": 353000000,
    "grossProfitRatio": 0.4172576832,
    "researchAndDevelopmentExpenses": 0,
    "generalAndAdministrativeExpenses": 153000000,
    "sellingAndMarketingExpenses": 0,
    "sellingGeneralAndAdministrativeExpenses": 153000000,
    "otherExpenses": 16000000,
    "operatingExpenses": 169000000,
    "costAndExpenses": 662000000,
    "interestIncome": 0,
    "interestExpense": 151000000,
    "depreciationAndAmortization": 116000000,
    "ebitda": 205000000,
    "ebitdaratio": 0.2423167849,
    "operatingIncome": 88000000,
    "operatingIncomeRatio": 0.1040189125,
    "totalOtherIncomeExpensesNet": -61000000,
    "incomeBeforeTax": 33000000,
    "incomeBeforeTaxRatio": 0.0390070922,
    "incomeTaxExpense": 13000000,
    "netIncome": 20000000,
    "netIncomeRatio": 0.0236406619,
    "eps": 0.21,
    "epsdiluted": 0.19,
    "weightedAverageShsOut": 95238096,
    "weightedAverageShsOutDil": 95238096,
    "link": "https://www.sec.gov/Archives/edgar/data/1067701/000119312506105607/0001193125-06-105607-index.htm",
    "finalLink": "https://www.sec.gov/Archives/edgar/data/1047166/000119312506105607/d10q.htm"
  },
  {
    "date": "2005-12-31",
    "symbol": "URI",
    "reportedCurrency": "USD",
    "cik": "0001067701",
    "fillingDate": "2006-03-31",
    "acceptedDate": "2006-03-31 15:06:55",
    "calendarYear": "2005",
    "period": "Q4",
    "revenue": 963000000,
    "costOfRevenue": 537000000,
    "grossProfit": 426000000,
    "grossProfitRatio": 0.4423676012,
    "researchAndDevelopmentExpenses": 0,
    "generalAndAdministrativeExpenses": 174000000,
    "sellingAndMarketingExpenses": 0,
    "sellingGeneralAndAdministrativeExpenses": 174000000,
    "otherExpenses": 20000000,
    "operatingExpenses": 194000000,
    "costAndExpenses": 731000000,
    "interestIncome": 0,
    "interestExpense": 148000000,
    "depreciationAndAmortization": 120000000,
    "ebitda": 352000000,
    "ebitdaratio": 0.3655244029,
    "operatingIncome": 134000000,
    "operatingIncomeRatio": 0.1391484943,
    "totalOtherIncomeExpensesNet": -51000000,
    "incomeBeforeTax": 83000000,
    "incomeBeforeTaxRatio": 0.0861889927,
    "incomeTaxExpense": 34000000,
    "netIncome": 49000000,
    "netIncomeRatio": 0.0508826584,
    "eps": 0.51,
    "epsdiluted": 0.51,
    "weightedAverageShsOut": 93738756,
    "weightedAverageShsOutDil": 95238095,
    "link": "https://www.sec.gov/Archives/edgar/data/1067701/000119312506070481/0001193125-06-070481-index.htm",
    "finalLink": "https://www.sec.gov/Archives/edgar/data/1047166/000119312506070481/d10k.htm"
  },
  {
    "date": "2005-09-30",
    "symbol": "URI",
    "reportedCurrency": "USD",
    "cik": "0001067701",
    "fillingDate": "2006-04-12",
    "acceptedDate": "2006-04-12 14:56:32",
    "calendarYear": "2005",
    "period": "Q3",
    "revenue": 980000000,
    "costOfRevenue": 530000000,
    "grossProfit": 450000000,
    "grossProfitRatio": 0.4591836735,
    "researchAndDevelopmentExpenses": 0,
    "generalAndAdministrativeExpenses": 164000000,
    "sellingAndMarketingExpenses": 0,
    "sellingGeneralAndAdministrativeExpenses": 164000000,
    "otherExpenses": 17000000,
    "operatingExpenses": 181000000,
    "costAndExpenses": 711000000,
    "interestIncome": 0,
    "interestExpense": 136000000,
    "depreciationAndAmortization": 116000000,
    "ebitda": 191000000,
    "ebitdaratio": 0.1948979592,
    "operatingIncome": 171000000,
    "operatingIncomeRatio": 0.1744897959,
    "totalOtherIncomeExpensesNet": -47000000,
    "incomeBeforeTax": 126000000,
    "incomeBeforeTaxRatio": 0.1285714286,
    "incomeTaxExpense": 50000000,
    "netIncome": 76000000,
    "netIncomeRatio": 0.0775510204,
    "eps": 0.8,
    "epsdiluted": 0.71,
    "weightedAverageShsOut": 95000001,
    "weightedAverageShsOutDil": 95000001,
    "link": "https://www.sec.gov/Archives/edgar/data/1067701/000119312506078631/0001193125-06-078631-index.htm",
    "finalLink": "https://www.sec.gov/Archives/edgar/data/1047166/000119312506078631/d10q.htm"
  },
  {
    "date": "2005-06-30",
    "symbol": "URI",
    "reportedCurrency": "USD",
    "cik": "0001067701",
    "fillingDate": "2006-04-12",
    "acceptedDate": "2006-04-12 14:19:08",
    "calendarYear": "2005",
    "period": "Q2",
    "revenue": 888000000,
    "costOfRevenue": 510000000,
    "grossProfit": 378000000,
    "grossProfitRatio": 0.4256756757,
    "researchAndDevelopmentExpenses": 0,
    "generalAndAdministrativeExpenses": 136000000,
    "sellingAndMarketingExpenses": 0,
    "sellingGeneralAndAdministrativeExpenses": 136000000,
    "otherExpenses": 16000000,
    "operatingExpenses": 152000000,
    "costAndExpenses": 662000000,
    "interestIncome": 0,
    "interestExpense": 145000000,
    "depreciationAndAmortization": 115000000,
    "ebitda": 247000000,
    "ebitdaratio": 0.2781531532,
    "operatingIncome": 131000000,
    "operatingIncomeRatio": 0.1475225225,
    "totalOtherIncomeExpensesNet": -50000000,
    "incomeBeforeTax": 82000000,
    "incomeBeforeTaxRatio": 0.0923423423,
    "incomeTaxExpense": 32000000,
    "netIncome": 50000000,
    "netIncomeRatio": 0.0563063063,
    "eps": 0.53,
    "epsdiluted": 0.48,
    "weightedAverageShsOut": 94339623,
    "weightedAverageShsOutDil": 94339623,
    "link": "https://www.sec.gov/Archives/edgar/data/1067701/000119312506078588/0001193125-06-078588-index.htm",
    "finalLink": "https://www.sec.gov/Archives/edgar/data/1047166/000119312506078588/d10q.htm"
  },
  {
    "date": "2005-03-31",
    "symbol": "URI",
    "reportedCurrency": "USD",
    "cik": "0001067701",
    "fillingDate": "2006-04-12",
    "acceptedDate": "2006-04-12 14:06:07",
    "calendarYear": "2005",
    "period": "Q1",
    "revenue": 732000000,
    "costOfRevenue": 436000000,
    "grossProfit": 296000000,
    "grossProfitRatio": 0.4043715847,
    "researchAndDevelopmentExpenses": 0,
    "generalAndAdministrativeExpenses": 122000000,
    "sellingAndMarketingExpenses": 0,
    "sellingGeneralAndAdministrativeExpenses": 122000000,
    "otherExpenses": 16000000,
    "operatingExpenses": 138000000,
    "costAndExpenses": 574000000,
    "interestIncome": 0,
    "interestExpense": 137000000,
    "depreciationAndAmortization": 111000000,
    "ebitda": 271000000,
    "ebitdaratio": 0.3702185792,
    "operatingIncome": 64000000,
    "operatingIncomeRatio": 0.087431694,
    "totalOtherIncomeExpensesNet": -47000000,
    "incomeBeforeTax": 19000000,
    "incomeBeforeTaxRatio": 0.0259562842,
    "incomeTaxExpense": 7000000,
    "netIncome": 12000000,
    "netIncomeRatio": 0.0163934426,
    "eps": 0.12,
    "epsdiluted": 0.11,
    "weightedAverageShsOut": 100000001,
    "weightedAverageShsOutDil": 100000001,
    "link": "https://www.sec.gov/Archives/edgar/data/1067701/000119312506078576/0001193125-06-078576-index.htm",
    "finalLink": "https://www.sec.gov/Archives/edgar/data/1047166/000119312506078576/d10q.htm"
  },
  {
    "date": "2004-12-31",
    "symbol": "URI",
    "reportedCurrency": "USD",
    "cik": "0001067701",
    "fillingDate": "2006-03-31",
    "acceptedDate": "2006-03-31 14:56:51",
    "calendarYear": "2004",
    "period": "Q4",
    "revenue": 823529000,
    "costOfRevenue": 447226000,
    "grossProfit": 376303000,
    "grossProfitRatio": 0.4569395856,
    "researchAndDevelopmentExpenses": 0,
    "generalAndAdministrativeExpenses": 135854000,
    "sellingAndMarketingExpenses": 0,
    "sellingGeneralAndAdministrativeExpenses": 135854000,
    "otherExpenses": 19157000,
    "operatingExpenses": 155011000,
    "costAndExpenses": 602237000,
    "interestIncome": 0,
    "interestExpense": 208477000,
    "depreciationAndAmortization": 123777000,
    "ebitda": 345069000,
    "ebitdaratio": 0.4190125666,
    "operatingIncome": 122869000,
    "operatingIncomeRatio": 0.149198146,
    "totalOtherIncomeExpensesNet": -43326000,
    "incomeBeforeTax": 79543000,
    "incomeBeforeTaxRatio": 0.0965879769,
    "incomeTaxExpense": 27521000,
    "netIncome": 52022000,
    "netIncomeRatio": 0.063169603,
    "eps": 0.52,
    "epsdiluted": 0.52,
    "weightedAverageShsOut": 100000000,
    "weightedAverageShsOutDil": 100000000,
    "link": "https://www.sec.gov/Archives/edgar/data/1067701/000119312506070435/0001193125-06-070435-index.htm",
    "finalLink": "https://www.sec.gov/Archives/edgar/data/1047166/000119312506070435/d10k.htm"
  },
  {
    "date": "2004-09-30",
    "symbol": "URI",
    "reportedCurrency": "USD",
    "cik": "0001067701",
    "fillingDate": "2004-11-09",
    "acceptedDate": "2004-11-09 16:11:44",
    "calendarYear": "2004",
    "period": "Q3",
    "revenue": 849718000,
    "costOfRevenue": 476976000,
    "grossProfit": 372742000,
    "grossProfitRatio": 0.4386655337,
    "researchAndDevelopmentExpenses": 0,
    "generalAndAdministrativeExpenses": 128769000,
    "sellingAndMarketingExpenses": 0,
    "sellingGeneralAndAdministrativeExpenses": 128769000,
    "otherExpenses": 104722000,
    "operatingExpenses": 233491000,
    "costAndExpenses": 710467000,
    "interestIncome": 0,
    "interestExpense": 326598000,
    "depreciationAndAmortization": 116136000,
    "ebitda": 234000000,
    "ebitdaratio": 0.2753854808,
    "operatingIncome": -5873000,
    "operatingIncomeRatio": -0.0069117048,
    "totalOtherIncomeExpensesNet": -40000000,
    "incomeBeforeTax": -46538000,
    "incomeBeforeTaxRatio": -0.0547687586,
    "incomeTaxExpense": 17843000,
    "netIncome": -64381000,
    "netIncomeRatio": -0.0757674899,
    "eps": -0.81,
    "epsdiluted": -0.81,
    "weightedAverageShsOut": 79310345,
    "weightedAverageShsOutDil": 79310345,
    "link": "https://www.sec.gov/Archives/edgar/data/1047166/000119312504191288/0001193125-04-191288-index.html",
    "finalLink": "https://www.sec.gov/Archives/edgar/data/1047166/000119312504191288/d10q.htm"
  },
  {
    "date": "2004-06-30",
    "symbol": "URI",
    "reportedCurrency": "USD",
    "cik": "0001067701",
    "fillingDate": "2004-08-09",
    "acceptedDate": "2004-08-09 13:23:04",
    "calendarYear": "2004",
    "period": "Q2",
    "revenue": 776040000,
    "costOfRevenue": 442939000,
    "grossProfit": 333101000,
    "grossProfitRatio": 0.4292317406,
    "researchAndDevelopmentExpenses": 0,
    "generalAndAdministrativeExpenses": 117605000,
    "sellingAndMarketingExpenses": 0,
    "sellingGeneralAndAdministrativeExpenses": 117605000,
    "otherExpenses": 15684000,
    "operatingExpenses": 133289000,
    "costAndExpenses": 576228000,
    "interestIncome": 0,
    "interestExpense": 155794000,
    "depreciationAndAmortization": 122891000,
    "ebitda": 317000000,
    "ebitdaratio": 0.4084840988,
    "operatingIncome": 107117000,
    "operatingIncomeRatio": 0.1380302562,
    "totalOtherIncomeExpensesNet": -50000000,
    "incomeBeforeTax": 56479000,
    "incomeBeforeTaxRatio": 0.072778465,
    "incomeTaxExpense": 21617000,
    "netIncome": 34962000,
    "netIncomeRatio": 0.0450518015,
    "eps": 0.42,
    "epsdiluted": 0.39,
    "weightedAverageShsOut": 95238096,
    "weightedAverageShsOutDil": 95238096,
    "link": "https://www.sec.gov/Archives/edgar/data/1047166/000119312504135601/0001193125-04-135601-index.html",
    "finalLink": "https://www.sec.gov/Archives/edgar/data/1047166/000119312504135601/d10q.htm"
  },
  {
    "date": "2004-03-31",
    "symbol": "URI",
    "reportedCurrency": "USD",
    "cik": "0001067701",
    "fillingDate": "2004-05-10",
    "acceptedDate": "2004-05-10 16:04:21",
    "calendarYear": "2004",
    "period": "Q1",
    "revenue": 644713000,
    "costOfRevenue": 389859000,
    "grossProfit": 254854000,
    "grossProfitRatio": 0.3952983731,
    "researchAndDevelopmentExpenses": 0,
    "generalAndAdministrativeExpenses": 114772000,
    "sellingAndMarketingExpenses": 0,
    "sellingGeneralAndAdministrativeExpenses": 114772000,
    "otherExpenses": 16437000,
    "operatingExpenses": 131209000,
    "costAndExpenses": 521068000,
    "interestIncome": 0,
    "interestExpense": 464130000,
    "depreciationAndAmortization": 105196000,
    "ebitda": 238000000,
    "ebitdaratio": 0.3691565084,
    "operatingIncome": 32887000,
    "operatingIncomeRatio": 0.0510102945,
    "totalOtherIncomeExpensesNet": -212887000,
    "incomeBeforeTax": -177584000,
    "incomeBeforeTaxRatio": -0.2754465941,
    "incomeTaxExpense": -70981000,
    "netIncome": -106603000,
    "netIncomeRatio": -0.1653495431,
    "eps": -1.37,
    "epsdiluted": -1.37,
    "weightedAverageShsOut": 77697842,
    "weightedAverageShsOutDil": 77697842,
    "link": "https://www.sec.gov/Archives/edgar/data/1047166/000119312504083639/0001193125-04-083639-index.html",
    "finalLink": "https://www.sec.gov/Archives/edgar/data/1047166/000119312504083639/d10q.htm"
  },
  {
    "date": "2003-12-31",
    "symbol": "URI",
    "reportedCurrency": "USD",
    "cik": "0001067701",
    "fillingDate": "2004-03-15",
    "acceptedDate": "2004-03-15 14:21:33",
    "calendarYear": "2003",
    "period": "Q4",
    "revenue": 742195000,
    "costOfRevenue": 446119000,
    "grossProfit": 296076000,
    "grossProfitRatio": 0.3989194214,
    "researchAndDevelopmentExpenses": 0,
    "generalAndAdministrativeExpenses": 115533000,
    "sellingAndMarketingExpenses": 0,
    "sellingGeneralAndAdministrativeExpenses": 115533000,
    "otherExpenses": 305954000,
    "operatingExpenses": 421487000,
    "costAndExpenses": 867606000,
    "interestIncome": 0,
    "interestExpense": 689902000,
    "depreciationAndAmortization": 104025000,
    "ebitda": -21386000,
    "ebitdaratio": -0.0288145299,
    "operatingIncome": -209133000,
    "operatingIncomeRatio": -0.2817763526,
    "totalOtherIncomeExpensesNet": -174425000,
    "incomeBeforeTax": -383558000,
    "incomeBeforeTaxRatio": -0.5167887146,
    "incomeTaxExpense": -92696000,
    "netIncome": -290862000,
    "netIncomeRatio": -0.3918943135,
    "eps": -3.77,
    "epsdiluted": -3.77,
    "weightedAverageShsOut": 77248551,
    "weightedAverageShsOutDil": 77248551,
    "link": "https://www.sec.gov/Archives/edgar/data/1067701/000119312504042021/0001193125-04-042021-index.htm",
    "finalLink": "https://www.sec.gov/Archives/edgar/data/1047166/000119312504042021/d10k.htm"
  },
  {
    "date": "2003-09-30",
    "symbol": "URI",
    "reportedCurrency": "USD",
    "cik": "0001067701",
    "fillingDate": "2003-11-14",
    "acceptedDate": "2003-11-14 14:44:25",
    "calendarYear": "2003",
    "period": "Q3",
    "revenue": 805134000,
    "costOfRevenue": 460853000,
    "grossProfit": 344281000,
    "grossProfitRatio": 0.4276070816,
    "researchAndDevelopmentExpenses": 0,
    "generalAndAdministrativeExpenses": 127490000,
    "sellingAndMarketingExpenses": 0,
    "sellingGeneralAndAdministrativeExpenses": 127490000,
    "otherExpenses": 17663000,
    "operatingExpenses": 145153000,
    "costAndExpenses": 606006000,
    "interestIncome": 0,
    "interestExpense": 142323000,
    "depreciationAndAmortization": 117878000,
    "ebitda": 317006000,
    "ebitdaratio": 0.393730733,
    "operatingIncome": 113406000,
    "operatingIncomeRatio": 0.1408535722,
    "totalOtherIncomeExpensesNet": -56824000,
    "incomeBeforeTax": 56582000,
    "incomeBeforeTaxRatio": 0.0702765006,
    "incomeTaxExpense": 24698000,
    "netIncome": 31884000,
    "netIncomeRatio": 0.0396008615,
    "eps": 0.43,
    "epsdiluted": 0.34,
    "weightedAverageShsOut": 74148838,
    "weightedAverageShsOutDil": 93776471,
    "link": "https://www.sec.gov/Archives/edgar/data/1047166/000119312503081774/0001193125-03-081774-index.html",
    "finalLink": "https://www.sec.gov/Archives/edgar/data/1047166/000119312503081774/d10q.htm"
  },
  {
    "date": "2003-06-30",
    "symbol": "URI",
    "reportedCurrency": "USD",
    "cik": "0001067701",
    "fillingDate": "2003-08-14",
    "acceptedDate": "2003-08-14 12:09:45",
    "calendarYear": "2003",
    "period": "Q2",
    "revenue": 728056000,
    "costOfRevenue": 422567000,
    "grossProfit": 305489000,
    "grossProfitRatio": 0.4195954707,
    "researchAndDevelopmentExpenses": 0,
    "generalAndAdministrativeExpenses": 111563000,
    "sellingAndMarketingExpenses": 0,
    "sellingGeneralAndAdministrativeExpenses": 111563000,
    "otherExpenses": 16869000,
    "operatingExpenses": 128432000,
    "costAndExpenses": 550999000,
    "interestIncome": 0,
    "interestExpense": 137501000,
    "depreciationAndAmortization": 107087000,
    "ebitda": 288291000,
    "ebitdaratio": 0.3959736614,
    "operatingIncome": 94634000,
    "operatingIncomeRatio": 0.1299817596,
    "totalOtherIncomeExpensesNet": -56580000,
    "incomeBeforeTax": 38054000,
    "incomeBeforeTaxRatio": 0.0522679574,
    "incomeTaxExpense": 14663000,
    "netIncome": 23391000,
    "netIncomeRatio": 0.0321280231,
    "eps": 0.3,
    "epsdiluted": 0.25,
    "weightedAverageShsOut": 77970001,
    "weightedAverageShsOutDil": 93564001,
    "link": "https://www.sec.gov/Archives/edgar/data/1047166/000119312503037410/0001193125-03-037410-index.html",
    "finalLink": "https://www.sec.gov/Archives/edgar/data/1047166/000119312503037410/d10q.htm"
  },
  {
    "date": "2003-03-31",
    "symbol": "URI",
    "reportedCurrency": "USD",
    "cik": "0001067701",
    "fillingDate": "2003-05-15",
    "acceptedDate": "2003-05-15 15:19:49",
    "calendarYear": "2003",
    "period": "Q1",
    "revenue": 591851000,
    "costOfRevenue": 357119000,
    "grossProfit": 234732000,
    "grossProfitRatio": 0.3966065783,
    "researchAndDevelopmentExpenses": 0,
    "generalAndAdministrativeExpenses": 96761000,
    "sellingAndMarketingExpenses": 0,
    "sellingGeneralAndAdministrativeExpenses": 96761000,
    "otherExpenses": 16978000,
    "operatingExpenses": 113739000,
    "costAndExpenses": 470858000,
    "interestIncome": 0,
    "interestExpense": 135187000,
    "depreciationAndAmortization": 99335000,
    "ebitda": 53653000,
    "ebitdaratio": 0.0906528839,
    "operatingIncome": 40250000,
    "operatingIncomeRatio": 0.0680069815,
    "totalOtherIncomeExpensesNet": -54550000,
    "incomeBeforeTax": -14300000,
    "incomeBeforeTaxRatio": -0.0241614866,
    "incomeTaxExpense": -5577000,
    "netIncome": -8723000,
    "netIncomeRatio": -0.0147385068,
    "eps": -0.11,
    "epsdiluted": -0.11,
    "weightedAverageShsOut": 79300001,
    "weightedAverageShsOutDil": 79300001,
    "link": "https://www.sec.gov/Archives/edgar/data/1047166/000119312503005677/0001193125-03-005677-index.html",
    "finalLink": "https://www.sec.gov/Archives/edgar/data/1047166/000119312503005677/d10q.htm"
  },
  {
    "date": "2002-12-31",
    "symbol": "URI",
    "reportedCurrency": "USD",
    "cik": "0001067701",
    "fillingDate": "2003-03-28",
    "acceptedDate": "2003-03-27 19:32:17",
    "calendarYear": "2002",
    "period": "Q4",
    "revenue": 694162000,
    "costOfRevenue": 403370000,
    "grossProfit": 290792000,
    "grossProfitRatio": 0.4189108594,
    "researchAndDevelopmentExpenses": 0,
    "generalAndAdministrativeExpenses": 122979000,
    "sellingAndMarketingExpenses": 0,
    "sellingGeneralAndAdministrativeExpenses": 122979000,
    "otherExpenses": 264511000,
    "operatingExpenses": 387490000,
    "costAndExpenses": 790860000,
    "interestIncome": 0,
    "interestExpense": 446524000,
    "depreciationAndAmortization": 102290000,
    "ebitda": 5592000,
    "ebitdaratio": 0.0080557564,
    "operatingIncome": -207692000,
    "operatingIncomeRatio": -0.2991981699,
    "totalOtherIncomeExpensesNet": -56706000,
    "incomeBeforeTax": -264398000,
    "incomeBeforeTaxRatio": -0.3808880348,
    "incomeTaxExpense": -55447000,
    "netIncome": -208951000,
    "netIncomeRatio": -0.3010118675,
    "eps": -2.63,
    "epsdiluted": -2.63,
    "weightedAverageShsOut": 79300000,
    "weightedAverageShsOutDil": 79300000,
    "link": "https://www.sec.gov/Archives/edgar/data/1047166/000095013003002528/0000950130-03-002528-index.html",
    "finalLink": "https://www.sec.gov/Archives/edgar/data/1047166/000095013003002528/d10k.htm"
  },
  {
    "date": "2002-09-30",
    "symbol": "URI",
    "reportedCurrency": "USD",
    "cik": "0001067701",
    "fillingDate": "2002-11-14",
    "acceptedDate": "2002-11-14 13:04:52",
    "calendarYear": "2002",
    "period": "Q3",
    "revenue": 783103000,
    "costOfRevenue": 453150000,
    "grossProfit": 329953000,
    "grossProfitRatio": 0.4213404878,
    "researchAndDevelopmentExpenses": 0,
    "generalAndAdministrativeExpenses": 110919000,
    "sellingAndMarketingExpenses": 0,
    "sellingGeneralAndAdministrativeExpenses": 110919000,
    "otherExpenses": 14965000,
    "operatingExpenses": 125884000,
    "costAndExpenses": 579034000,
    "interestIncome": 0,
    "interestExpense": 137060000,
    "depreciationAndAmortization": 111984000,
    "ebitda": 316053000,
    "ebitdaratio": 0.4035905877,
    "operatingIncome": 119863000,
    "operatingIncomeRatio": 0.1530616024,
    "totalOtherIncomeExpensesNet": -53075000,
    "incomeBeforeTax": 66788000,
    "incomeBeforeTaxRatio": 0.0852863544,
    "incomeTaxExpense": 26021000,
    "netIncome": 40767000,
    "netIncomeRatio": 0.0520582861,
    "eps": 0.53,
    "epsdiluted": 0.43,
    "weightedAverageShsOut": 76918869,
    "weightedAverageShsOutDil": 94806978,
    "link": "https://www.sec.gov/Archives/edgar/data/1047166/000095013002007920/0000950130-02-007920-index.html",
    "finalLink": "https://www.sec.gov/Archives/edgar/data/1047166/000095013002007920/d10q.htm"
  },
  {
    "date": "2002-06-30",
    "symbol": "URI",
    "reportedCurrency": "USD",
    "cik": "0001067701",
    "fillingDate": "2002-08-14",
    "acceptedDate": "2002-08-14 15:10:59",
    "calendarYear": "2002",
    "period": "Q2",
    "revenue": 744759000,
    "costOfRevenue": 410937000,
    "grossProfit": 333822000,
    "grossProfitRatio": 0.4482282188,
    "researchAndDevelopmentExpenses": 0,
    "generalAndAdministrativeExpenses": 106525000,
    "sellingAndMarketingExpenses": 0,
    "sellingGeneralAndAdministrativeExpenses": 106525000,
    "otherExpenses": 13854000,
    "operatingExpenses": 120379000,
    "costAndExpenses": 531316000,
    "interestIncome": 0,
    "interestExpense": 128801000,
    "depreciationAndAmortization": 92214000,
    "ebitda": 145180000,
    "ebitdaratio": 0.1949355429,
    "operatingIncome": 132883000,
    "operatingIncomeRatio": 0.1784241614,
    "totalOtherIncomeExpensesNet": -49089000,
    "incomeBeforeTax": 83794000,
    "incomeBeforeTaxRatio": 0.1125115641,
    "incomeTaxExpense": 32680000,
    "netIncome": 51114000,
    "netIncomeRatio": 0.0686315976,
    "eps": 0.67,
    "epsdiluted": 0.51,
    "weightedAverageShsOut": 76289553,
    "weightedAverageShsOutDil": 97484376,
    "link": "https://www.sec.gov/Archives/edgar/data/1047166/000095013002005909/0000950130-02-005909-index.html",
    "finalLink": "https://www.sec.gov/Archives/edgar/data/1047166/000095013002005909/d10q.htm"
  },
  {
    "date": "2002-03-31",
    "symbol": "URI",
    "reportedCurrency": "USD",
    "cik": "0001067701",
    "fillingDate": "2002-05-15",
    "acceptedDate": "2002-05-15 12:56:01",
    "calendarYear": "2002",
    "period": "Q1",
    "revenue": 598965000,
    "costOfRevenue": 341707000,
    "grossProfit": 257258000,
    "grossProfitRatio": 0.4295042281,
    "researchAndDevelopmentExpenses": 0,
    "generalAndAdministrativeExpenses": 98495000,
    "sellingAndMarketingExpenses": 0,
    "sellingGeneralAndAdministrativeExpenses": 98495000,
    "otherExpenses": 13884000,
    "operatingExpenses": 112379000,
    "costAndExpenses": 454086000,
    "interestIncome": 0,
    "interestExpense": 422635000,
    "depreciationAndAmortization": 89805000,
    "ebitda": 239606000,
    "ebitdaratio": 0.4000333909,
    "operatingIncome": 66829000,
    "operatingIncomeRatio": 0.111574132,
    "totalOtherIncomeExpensesNet": -54397000,
    "incomeBeforeTax": 12432000,
    "incomeBeforeTaxRatio": 0.0207558038,
    "incomeTaxExpense": 4848000,
    "netIncome": -280755000,
    "netIncomeRatio": -0.4687335654,
    "eps": -3.82,
    "epsdiluted": -2.88,
    "weightedAverageShsOut": 73521000,
    "weightedAverageShsOutDil": 97341000,
    "link": "https://www.sec.gov/Archives/edgar/data/1047166/000095013002003656/0000950130-02-003656-index.html",
    "finalLink": "https://www.sec.gov/Archives/edgar/data/1047166/000095013002003656/d10q.txt"
  },
  {
    "date": "2001-12-31",
    "symbol": "URI",
    "reportedCurrency": "USD",
    "cik": "0001067701",
    "fillingDate": "2002-03-29",
    "acceptedDate": "2002-03-29 00:00:00",
    "calendarYear": "2001",
    "period": "Q4",
    "revenue": 704005000,
    "costOfRevenue": 698269000,
    "grossProfit": 5736000,
    "grossProfitRatio": 0.0081476694,
    "researchAndDevelopmentExpenses": 0,
    "generalAndAdministrativeExpenses": 109080000,
    "sellingAndMarketingExpenses": 0,
    "sellingGeneralAndAdministrativeExpenses": 109080000,
    "otherExpenses": 26474000,
    "operatingExpenses": 135554000,
    "costAndExpenses": 833823000,
    "interestIncome": 0,
    "interestExpense": 0,
    "depreciationAndAmortization": 110076000,
    "ebitda": -19742000,
    "ebitdaratio": -0.0280424145,
    "operatingIncome": 110044000,
    "operatingIncomeRatio": 0.1563113898,
    "totalOtherIncomeExpensesNet": -55047000,
    "incomeBeforeTax": 54997000,
    "incomeBeforeTaxRatio": 0.0781201838,
    "incomeTaxExpense": 22823000,
    "netIncome": 32174000,
    "netIncomeRatio": 0.04570138,
    "eps": 0.44,
    "epsdiluted": 0.33,
    "weightedAverageShsOut": 73496073,
    "weightedAverageShsOutDil": 97484375,
    "link": "https://www.sec.gov/Archives/edgar/data/1047166/000095013002002206/0000950130-02-002206-index.html",
    "finalLink": "https://www.sec.gov/Archives/edgar/data/1047166/000095013002002206/d10k.txt"
  },
  {
    "date": "2001-09-30",
    "symbol": "URI",
    "reportedCurrency": "USD",
    "cik": "0001067701",
    "fillingDate": "2001-11-14",
    "acceptedDate": "2001-11-14 00:00:00",
    "calendarYear": "2001",
    "period": "Q3",
    "revenue": 795483000,
    "costOfRevenue": 408733000,
    "grossProfit": 386750000,
    "grossProfitRatio": 0.4861826086,
    "researchAndDevelopmentExpenses": 0,
    "generalAndAdministrativeExpenses": 110956000,
    "sellingAndMarketingExpenses": 0,
    "sellingGeneralAndAdministrativeExpenses": 110956000,
    "otherExpenses": 27051000,
    "operatingExpenses": 138007000,
    "costAndExpenses": 546740000,
    "interestIncome": 0,
    "interestExpense": 142233000,
    "depreciationAndAmortization": 110840000,
    "ebitda": 359583000,
    "ebitdaratio": 0.4520310302,
    "operatingIncome": 167235000,
    "operatingIncomeRatio": 0.2102307655,
    "totalOtherIncomeExpensesNet": -61163000,
    "incomeBeforeTax": 106072000,
    "incomeBeforeTaxRatio": 0.1333428873,
    "incomeTaxExpense": 44020000,
    "netIncome": 62052000,
    "netIncomeRatio": 0.0780054382,
    "eps": 0.85,
    "epsdiluted": 0.63,
    "weightedAverageShsOut": 73002354,
    "weightedAverageShsOutDil": 94611112,
    "link": "https://www.sec.gov/Archives/edgar/data/1047166/000095013001505370/0000950130-01-505370-index.html",
    "finalLink": "https://www.sec.gov/Archives/edgar/data/1047166/000095013001505370/d10q.txt"
  },
  {
    "date": "2001-06-30",
    "symbol": "URI",
    "reportedCurrency": "USD",
    "cik": "0001067701",
    "fillingDate": "2001-08-14",
    "acceptedDate": "2001-08-14 00:00:00",
    "calendarYear": "2001",
    "period": "Q2",
    "revenue": 768013000,
    "costOfRevenue": 400397000,
    "grossProfit": 367616000,
    "grossProfitRatio": 0.4786585644,
    "researchAndDevelopmentExpenses": 0,
    "generalAndAdministrativeExpenses": 112822000,
    "sellingAndMarketingExpenses": 0,
    "sellingGeneralAndAdministrativeExpenses": 112822000,
    "otherExpenses": 27131000,
    "operatingExpenses": 139953000,
    "costAndExpenses": 540350000,
    "interestIncome": 0,
    "interestExpense": 227858000,
    "depreciationAndAmortization": 112142000,
    "ebitda": 339805000,
    "ebitdaratio": 0.4424469377,
    "operatingIncome": 117188000,
    "operatingIncomeRatio": 0.1525859588,
    "totalOtherIncomeExpensesNet": -69539000,
    "incomeBeforeTax": 47649000,
    "incomeBeforeTaxRatio": 0.0620419186,
    "incomeTaxExpense": 22714000,
    "netIncome": 13618000,
    "netIncomeRatio": 0.0177314707,
    "eps": 0.19,
    "epsdiluted": 0.14,
    "weightedAverageShsOut": 71673685,
    "weightedAverageShsOutDil": 85300001,
    "link": "https://www.sec.gov/Archives/edgar/data/1067701/000095013001503898/0000950130-01-503898-index.htm",
    "finalLink": "https://www.sec.gov/Archives/edgar/data/1067701/000095013001503898/d10q.txt"
  },
  {
    "date": "2001-03-31",
    "symbol": "URI",
    "reportedCurrency": "USD",
    "cik": "0001067701",
    "fillingDate": "2001-05-15",
    "acceptedDate": "2001-05-15 00:00:00",
    "calendarYear": "2001",
    "period": "Q1",
    "revenue": 619104000,
    "costOfRevenue": 339736000,
    "grossProfit": 279368000,
    "grossProfitRatio": 0.4512456712,
    "researchAndDevelopmentExpenses": 0,
    "generalAndAdministrativeExpenses": 108893000,
    "sellingAndMarketingExpenses": 0,
    "sellingGeneralAndAdministrativeExpenses": 108893000,
    "otherExpenses": 26107000,
    "operatingExpenses": 135000000,
    "costAndExpenses": 474736000,
    "interestIncome": 0,
    "interestExpense": 139930000,
    "depreciationAndAmortization": 100844000,
    "ebitda": 246606000,
    "ebitdaratio": 0.39832726,
    "operatingIncome": 67567000,
    "operatingIncomeRatio": 0.1091367525,
    "totalOtherIncomeExpensesNet": -61735000,
    "incomeBeforeTax": 5832000,
    "incomeBeforeTaxRatio": 0.0094200651,
    "incomeTaxExpense": 2420000,
    "netIncome": 3412000,
    "netIncomeRatio": 0.0055111904,
    "eps": 0.05,
    "epsdiluted": 0.04,
    "weightedAverageShsOut": 68240001,
    "weightedAverageShsOutDil": 85300001,
    "link": "https://www.sec.gov/Archives/edgar/data/1047166/000095013001501665/0000950130-01-501665-index.html",
    "finalLink": "https://www.sec.gov/Archives/edgar/data/1047166/000095013001501665/d10q.txt"
  },
  {
    "date": "2000-12-31",
    "symbol": "URI",
    "reportedCurrency": "USD",
    "cik": "0001067701",
    "fillingDate": "2001-03-22",
    "acceptedDate": "2001-03-22 00:00:00",
    "calendarYear": "2000",
    "period": "Q4",
    "revenue": 750920000,
    "costOfRevenue": 399242000,
    "grossProfit": 351678000,
    "grossProfitRatio": 0.4683295158,
    "researchAndDevelopmentExpenses": 0,
    "generalAndAdministrativeExpenses": 118869000,
    "sellingAndMarketingExpenses": 0,
    "sellingGeneralAndAdministrativeExpenses": 118869000,
    "otherExpenses": 105285000,
    "operatingExpenses": 224154000,
    "costAndExpenses": 623396000,
    "interestIncome": 0,
    "interestExpense": 64306000,
    "depreciationAndAmortization": 105285000,
    "ebitda": 232809000,
    "ebitdaratio": 0.3100316945,
    "operatingIncome": 127524000,
    "operatingIncomeRatio": 0.1698236829,
    "totalOtherIncomeExpensesNet": -65346000,
    "incomeBeforeTax": 62178000,
    "incomeBeforeTaxRatio": 0.082802429,
    "incomeTaxExpense": 25804000,
    "netIncome": 36374000,
    "netIncomeRatio": 0.0484392479,
    "eps": 0.53,
    "epsdiluted": 0.43,
    "weightedAverageShsOut": 68240000,
    "weightedAverageShsOutDil": 85300000,
    "link": "https://www.sec.gov/Archives/edgar/data/1047166/000095013001500286/0000950130-01-500286-index.html",
    "finalLink": "https://www.sec.gov/Archives/edgar/data/1047166/000095013001500286/d10k.txt"
  },
  {
    "date": "2000-09-30",
    "symbol": "URI",
    "reportedCurrency": "USD",
    "cik": "0001067701",
    "fillingDate": "2000-11-14",
    "acceptedDate": "2000-11-14 00:00:00",
    "calendarYear": "2000",
    "period": "Q3",
    "revenue": 859033000,
    "costOfRevenue": 430827000,
    "grossProfit": 428206000,
    "grossProfitRatio": 0.4984744474,
    "researchAndDevelopmentExpenses": 0,
    "generalAndAdministrativeExpenses": 124492000,
    "sellingAndMarketingExpenses": 0,
    "sellingGeneralAndAdministrativeExpenses": 124492000,
    "otherExpenses": 109391000,
    "operatingExpenses": 233883000,
    "costAndExpenses": 664710000,
    "interestIncome": 0,
    "interestExpense": 64965000,
    "depreciationAndAmortization": 109391000,
    "ebitda": 303714000,
    "ebitdaratio": 0.3535533559,
    "operatingIncome": 194323000,
    "operatingIncomeRatio": 0.226211333,
    "totalOtherIncomeExpensesNet": -65449000,
    "incomeBeforeTax": 128874000,
    "incomeBeforeTaxRatio": 0.1500221761,
    "incomeTaxExpense": 53483000,
    "netIncome": 75391000,
    "netIncomeRatio": 0.0877626354,
    "eps": 1.07,
    "epsdiluted": 0.79,
    "weightedAverageShsOut": 70458879,
    "weightedAverageShsOutDil": 91636843,
    "link": "https://www.sec.gov/Archives/edgar/data/1047166/000095013000006024/0000950130-00-006024-index.html",
    "finalLink": "https://www.sec.gov/Archives/edgar/data/1047166/000095013000006024/0000950130-00-006024-0001.txt"
  },
  {
    "date": "2000-06-30",
    "symbol": "URI",
    "reportedCurrency": "USD",
    "cik": "0001067701",
    "fillingDate": "2000-08-11",
    "acceptedDate": "2000-08-11 00:00:00",
    "calendarYear": "2000",
    "period": "Q2",
    "revenue": 729946000,
    "costOfRevenue": 372616000,
    "grossProfit": 357330000,
    "grossProfitRatio": 0.4895293624,
    "researchAndDevelopmentExpenses": 0,
    "generalAndAdministrativeExpenses": 109119000,
    "sellingAndMarketingExpenses": 0,
    "sellingGeneralAndAdministrativeExpenses": 109119000,
    "otherExpenses": 106235000,
    "operatingExpenses": 215354000,
    "costAndExpenses": 587970000,
    "interestIncome": 0,
    "interestExpense": 61186000,
    "depreciationAndAmortization": 106235000,
    "ebitda": 248211000,
    "ebitdaratio": 0.3400402222,
    "operatingIncome": 141976000,
    "operatingIncomeRatio": 0.1945020591,
    "totalOtherIncomeExpensesNet": -61294000,
    "incomeBeforeTax": 80682000,
    "incomeBeforeTaxRatio": 0.110531464,
    "incomeTaxExpense": 33483000,
    "netIncome": 47199000,
    "netIncomeRatio": 0.0646609475,
    "eps": 0.66,
    "epsdiluted": 0.51,
    "weightedAverageShsOut": 71513637,
    "weightedAverageShsOutDil": 91636843,
    "link": "https://www.sec.gov/Archives/edgar/data/1047166/000095013000004399/0000950130-00-004399-index.html",
    "finalLink": "https://www.sec.gov/Archives/edgar/data/1047166/000095013000004399/0000950130-00-004399-0001.txt"
  },
  {
    "date": "2000-03-31",
    "symbol": "URI",
    "reportedCurrency": "USD",
    "cik": "0001067701",
    "fillingDate": "2000-05-15",
    "acceptedDate": "2000-05-15 00:00:00",
    "calendarYear": "2000",
    "period": "Q1",
    "revenue": 578962000,
    "costOfRevenue": 299475000,
    "grossProfit": 279487000,
    "grossProfitRatio": 0.4827380726,
    "researchAndDevelopmentExpenses": 0,
    "generalAndAdministrativeExpenses": 101850000,
    "sellingAndMarketingExpenses": 0,
    "sellingGeneralAndAdministrativeExpenses": 101850000,
    "otherExpenses": 93521000,
    "operatingExpenses": 195371000,
    "costAndExpenses": 494846000,
    "interestIncome": 0,
    "interestExpense": 54150000,
    "depreciationAndAmortization": 93521000,
    "ebitda": 177637000,
    "ebitdaratio": 0.3068197913,
    "operatingIncome": 84116000,
    "operatingIncomeRatio": 0.1452876009,
    "totalOtherIncomeExpensesNet": -54354000,
    "incomeBeforeTax": 29762000,
    "incomeBeforeTaxRatio": 0.0514057917,
    "incomeTaxExpense": 12351000,
    "netIncome": 17411000,
    "netIncomeRatio": 0.0300727854,
    "eps": 0.24,
    "epsdiluted": 0.19,
    "weightedAverageShsOut": 72545834,
    "weightedAverageShsOutDil": 91636843,
    "link": "https://www.sec.gov/Archives/edgar/data/1047166/000095013000002916/0000950130-00-002916-index.html",
    "finalLink": "https://www.sec.gov/Archives/edgar/data/1047166/000095013000002916/0000950130-00-002916.txt"
  },
  {
    "date": "1999-12-31",
    "symbol": "URI",
    "reportedCurrency": "USD",
    "cik": "0001067701",
    "fillingDate": "2000-03-30",
    "acceptedDate": "2000-03-30 00:00:00",
    "calendarYear": "1999",
    "period": "Q4",
    "revenue": 669000000,
    "costOfRevenue": 342400000,
    "grossProfit": 326600000,
    "grossProfitRatio": 0.4881913303,
    "researchAndDevelopmentExpenses": 0,
    "generalAndAdministrativeExpenses": 104400000,
    "sellingAndMarketingExpenses": 0,
    "sellingGeneralAndAdministrativeExpenses": 104400000,
    "otherExpenses": 96400000,
    "operatingExpenses": 200800000,
    "costAndExpenses": 543200000,
    "interestIncome": 0,
    "interestExpense": 69600000,
    "depreciationAndAmortization": 96400000,
    "ebitda": 222200000,
    "ebitdaratio": 0.3321375187,
    "operatingIncome": 125800000,
    "operatingIncomeRatio": 0.1880418535,
    "totalOtherIncomeExpensesNet": -50600000,
    "incomeBeforeTax": 75200000,
    "incomeBeforeTaxRatio": 0.112406577,
    "incomeTaxExpense": 30800000,
    "netIncome": 44400000,
    "netIncomeRatio": 0.066367713,
    "eps": 0.61,
    "epsdiluted": 0.48,
    "weightedAverageShsOut": 72545833,
    "weightedAverageShsOutDil": 91636842,
    "link": "https://www.sec.gov/Archives/edgar/data/1047166/000095013000001778/0000950130-00-001778-index.html",
    "finalLink": "https://www.sec.gov/Archives/edgar/data/1047166/000095013000001778/0000950130-00-001778.txt"
  },
  {
    "date": "1999-09-30",
    "symbol": "URI",
    "reportedCurrency": "USD",
    "cik": "0001067701",
    "fillingDate": "1999-11-15",
    "acceptedDate": "1999-11-15 00:00:00",
    "calendarYear": "1999",
    "period": "Q3",
    "revenue": 668600000,
    "costOfRevenue": 333700000,
    "grossProfit": 334900000,
    "grossProfitRatio": 0.5008973975,
    "researchAndDevelopmentExpenses": 0,
    "generalAndAdministrativeExpenses": 98300000,
    "sellingAndMarketingExpenses": 0,
    "sellingGeneralAndAdministrativeExpenses": 98300000,
    "otherExpenses": 94600000,
    "operatingExpenses": 192900000,
    "costAndExpenses": 526600000,
    "interestIncome": 0,
    "interestExpense": 46300000,
    "depreciationAndAmortization": 94600000,
    "ebitda": 236600000,
    "ebitdaratio": 0.3538737661,
    "operatingIncome": 142000000,
    "operatingIncomeRatio": 0.2123840862,
    "totalOtherIncomeExpensesNet": -46700000,
    "incomeBeforeTax": 95300000,
    "incomeBeforeTaxRatio": 0.1425366437,
    "incomeTaxExpense": 39100000,
    "netIncome": 56200000,
    "netIncomeRatio": 0.0840562369,
    "eps": 0.78,
    "epsdiluted": 0.6,
    "weightedAverageShsOut": 71936000,
    "weightedAverageShsOutDil": 98999000,
    "link": "https://www.sec.gov/Archives/edgar/data/1067701/000095013099006490/0000950130-99-006490-index.html",
    "finalLink": "https://www.sec.gov/Archives/edgar/data/1047166/000095013099006490/"
  },
  {
    "date": "1999-06-30",
    "symbol": "URI",
    "reportedCurrency": "USD",
    "cik": "0001067701",
    "fillingDate": "1999-08-16",
    "acceptedDate": "1999-08-16 00:00:00",
    "calendarYear": "1999",
    "period": "Q2",
    "revenue": 503700000,
    "costOfRevenue": 253700000,
    "grossProfit": 250000000,
    "grossProfitRatio": 0.4963271789,
    "researchAndDevelopmentExpenses": 0,
    "generalAndAdministrativeExpenses": 84600000,
    "sellingAndMarketingExpenses": 0,
    "sellingGeneralAndAdministrativeExpenses": 84600000,
    "otherExpenses": 80300000,
    "operatingExpenses": 164900000,
    "costAndExpenses": 418600000,
    "interestIncome": 0,
    "interestExpense": 50600000,
    "depreciationAndAmortization": 80300000,
    "ebitda": 165362000,
    "ebitdaratio": 0.3282946198,
    "operatingIncome": 85100000,
    "operatingIncomeRatio": 0.1689497717,
    "totalOtherIncomeExpensesNet": -41162000,
    "incomeBeforeTax": 43900000,
    "incomeBeforeTaxRatio": 0.0871550526,
    "incomeTaxExpense": 18000000,
    "netIncome": 25900000,
    "netIncomeRatio": 0.0514194957,
    "eps": 0.36,
    "epsdiluted": 0.28,
    "weightedAverageShsOut": 71944445,
    "weightedAverageShsOutDil": 92500001,
    "link": "https://www.sec.gov/Archives/edgar/data/1067701/000095013099004864/0000950130-99-004864-index.html",
    "finalLink": "https://www.sec.gov/Archives/edgar/data/1047166/000095013099004864/"
  },
  {
    "date": "1999-03-31",
    "symbol": "URI",
    "reportedCurrency": "USD",
    "cik": "0001067701",
    "fillingDate": "1999-05-17",
    "acceptedDate": "1999-05-17 00:00:00",
    "calendarYear": "1999",
    "period": "Q1",
    "revenue": 392300000,
    "costOfRevenue": 198300000,
    "grossProfit": 194000000,
    "grossProfitRatio": 0.4945195004,
    "researchAndDevelopmentExpenses": 0,
    "generalAndAdministrativeExpenses": 65300000,
    "sellingAndMarketingExpenses": 0,
    "sellingGeneralAndAdministrativeExpenses": 65300000,
    "otherExpenses": 72200000,
    "operatingExpenses": 137500000,
    "costAndExpenses": 335800000,
    "interestIncome": 0,
    "interestExpense": 28800000,
    "depreciationAndAmortization": 72200000,
    "ebitda": 128709000,
    "ebitdaratio": 0.3280881978,
    "operatingIncome": 56500000,
    "operatingIncomeRatio": 0.1440224318,
    "totalOtherIncomeExpensesNet": -29009000,
    "incomeBeforeTax": 27500000,
    "incomeBeforeTaxRatio": 0.0700994137,
    "incomeTaxExpense": 11300000,
    "netIncome": 16200000,
    "netIncomeRatio": 0.0412949274,
    "eps": 0.24,
    "epsdiluted": 0.18,
    "weightedAverageShsOut": 67500001,
    "weightedAverageShsOutDil": 90000001,
    "link": "https://www.sec.gov/Archives/edgar/data/1067701/000095013099003085/0000950130-99-003085-index.html",
    "finalLink": "https://www.sec.gov/Archives/edgar/data/1047166/"
  },
  {
    "date": "1998-12-31",
    "symbol": "URI",
    "reportedCurrency": "USD",
    "cik": "0001067701",
    "fillingDate": "1999-03-29",
    "acceptedDate": "1999-03-29 00:00:00",
    "calendarYear": "1998",
    "period": "Q4",
    "revenue": 416000000,
    "costOfRevenue": 209900000,
    "grossProfit": 206100000,
    "grossProfitRatio": 0.4954326923,
    "researchAndDevelopmentExpenses": 0,
    "generalAndAdministrativeExpenses": 0,
    "sellingAndMarketingExpenses": 0,
    "sellingGeneralAndAdministrativeExpenses": 66800000,
    "otherExpenses": 68200000,
    "operatingExpenses": 135000000,
    "costAndExpenses": 344900000,
    "interestIncome": 0,
    "interestExpense": 47000000,
    "depreciationAndAmortization": 68200000,
    "ebitda": 139300000,
    "ebitdaratio": 0.3348557692,
    "operatingIncome": 71100000,
    "operatingIncomeRatio": 0.1709134615,
    "totalOtherIncomeExpensesNet": -34500000,
    "incomeBeforeTax": 36600000,
    "incomeBeforeTaxRatio": 0.0879807692,
    "incomeTaxExpense": 18300000,
    "netIncome": 18300000,
    "netIncomeRatio": 0.0439903846,
    "eps": 0.27,
    "epsdiluted": 0.2,
    "weightedAverageShsOut": 67500000,
    "weightedAverageShsOutDil": 90000000,
    "link": "https://www.sec.gov/Archives/edgar/data/1067701/000095013099001716/0000950130-99-001716-index.html",
    "finalLink": "https://www.sec.gov/Archives/edgar/data/1047166/"
  },
  {
    "date": "1998-09-30",
    "symbol": "URI",
    "reportedCurrency": "USD",
    "cik": "0001067701",
    "fillingDate": "1998-11-16",
    "acceptedDate": "1998-11-16 00:00:00",
    "calendarYear": "1998",
    "period": "Q3",
    "revenue": 379100000,
    "costOfRevenue": 125800000,
    "grossProfit": 253300000,
    "grossProfitRatio": 0.668161435,
    "researchAndDevelopmentExpenses": 0,
    "generalAndAdministrativeExpenses": 0,
    "sellingAndMarketingExpenses": 0,
    "sellingGeneralAndAdministrativeExpenses": 60400000,
    "otherExpenses": 125800000,
    "operatingExpenses": 186200000,
    "costAndExpenses": 312000000,
    "interestIncome": 0,
    "interestExpense": 132100000,
    "depreciationAndAmortization": 125800000,
    "ebitda": 192900000,
    "ebitdaratio": 0.5088367185,
    "operatingIncome": 67100000,
    "operatingIncomeRatio": 0.1769981535,
    "totalOtherIncomeExpensesNet": -68900000,
    "incomeBeforeTax": -1800000,
    "incomeBeforeTaxRatio": -0.0047480876,
    "incomeTaxExpense": 8400000,
    "netIncome": -31500000,
    "netIncomeRatio": -0.0830915326,
    "eps": -0.46,
    "epsdiluted": -0.41,
    "weightedAverageShsOut": 68478261,
    "weightedAverageShsOutDil": 76829269,
    "link": "https://www.sec.gov/Archives/edgar/data/1067701/000095013098005541/0000950130-98-005541-index.html",
    "finalLink": "https://www.sec.gov/Archives/edgar/data/1047166/"
  },
  {
    "date": "1998-06-30",
    "symbol": "URI",
    "reportedCurrency": "USD",
    "cik": "0001067701",
    "fillingDate": "1998-08-14",
    "acceptedDate": "1998-08-14 00:00:00",
    "calendarYear": "1998",
    "period": "Q2",
    "revenue": 88200000,
    "costOfRevenue": 45100000,
    "grossProfit": 43100000,
    "grossProfitRatio": 0.4886621315,
    "researchAndDevelopmentExpenses": 0,
    "generalAndAdministrativeExpenses": 0,
    "sellingAndMarketingExpenses": 0,
    "sellingGeneralAndAdministrativeExpenses": 17300000,
    "otherExpenses": 12700000,
    "operatingExpenses": 30000000,
    "costAndExpenses": 75100000,
    "interestIncome": 0,
    "interestExpense": 3500000,
    "depreciationAndAmortization": 12700000,
    "ebitda": 83000000,
    "ebitdaratio": 0.9410430839,
    "operatingIncome": 13100000,
    "operatingIncomeRatio": 0.1485260771,
    "totalOtherIncomeExpensesNet": 19100000,
    "incomeBeforeTax": 9500000,
    "incomeBeforeTaxRatio": 0.1077097506,
    "incomeTaxExpense": 3900000,
    "netIncome": 5600000,
    "netIncomeRatio": 0.0634920635,
    "eps": 0.31,
    "epsdiluted": 0.28,
    "weightedAverageShsOut": 26000000,
    "weightedAverageShsOutDil": 28888889,
    "link": "https://www.sec.gov/Archives/edgar/data/1067701/000095013098004075/0000950130-98-004075-index.html",
    "finalLink": "https://www.sec.gov/Archives/edgar/data/1047166/"
  },
  {
    "date": "1998-03-31",
    "symbol": "URI",
    "reportedCurrency": "USD",
    "cik": "0001067701",
    "fillingDate": "1998-03-31",
    "acceptedDate": "1998-03-31 00:00:00",
    "calendarYear": "1998",
    "period": "Q1",
    "revenue": 39200000,
    "costOfRevenue": 20400000,
    "grossProfit": 18800000,
    "grossProfitRatio": 0.4795918367,
    "researchAndDevelopmentExpenses": 0,
    "generalAndAdministrativeExpenses": 0,
    "sellingAndMarketingExpenses": 0,
    "sellingGeneralAndAdministrativeExpenses": 7800000,
    "otherExpenses": 5700000,
    "operatingExpenses": 13500000,
    "costAndExpenses": 33900000,
    "interestIncome": 0,
    "interestExpense": 500000,
    "depreciationAndAmortization": 5700000,
    "ebitda": 51000000,
    "ebitdaratio": 1.3010204082,
    "operatingIncome": 5300000,
    "operatingIncomeRatio": 0.1352040816,
    "totalOtherIncomeExpensesNet": 6000000,
    "incomeBeforeTax": 4400000,
    "incomeBeforeTaxRatio": 0.112244898,
    "incomeTaxExpense": 1800000,
    "netIncome": 2600000,
    "netIncomeRatio": 0.0663265306,
    "eps": 0.11,
    "epsdiluted": 0.11,
    "weightedAverageShsOut": 33314000,
    "weightedAverageShsOutDil": 33314000,
    "link": null,
    "finalLink": null
  },
  {
    "date": "1997-12-31",
    "symbol": "URI",
    "reportedCurrency": "USD",
    "cik": "0001067701",
    "fillingDate": "1997-12-31",
    "acceptedDate": "1997-12-31 00:00:00",
    "calendarYear": "1997",
    "period": "Q4",
    "revenue": 10600000,
    "costOfRevenue": 5800000,
    "grossProfit": 4800000,
    "grossProfitRatio": 0.4528301887,
    "researchAndDevelopmentExpenses": 0,
    "generalAndAdministrativeExpenses": 0,
    "sellingAndMarketingExpenses": 0,
    "sellingGeneralAndAdministrativeExpenses": 3300000,
    "otherExpenses": 1300000,
    "operatingExpenses": 4600000,
    "costAndExpenses": 10400000,
    "interestIncome": 0,
    "interestExpense": 0,
    "depreciationAndAmortization": 1300000,
    "ebitda": 1500000,
    "ebitdaratio": 0.141509434,
    "operatingIncome": 200000,
    "operatingIncomeRatio": 0.0188679245,
    "totalOtherIncomeExpensesNet": 300000,
    "incomeBeforeTax": 500000,
    "incomeBeforeTaxRatio": 0.0471698113,
    "incomeTaxExpense": 500000,
    "netIncome": 0,
    "netIncomeRatio": 0,
    "eps": 0,
    "epsdiluted": 0,
    "weightedAverageShsOut": 23899000,
    "weightedAverageShsOutDil": 33314000,
    "link": null,
    "finalLink": null
  }
]