[
  {
    "date": "2024-12-31",
    "symbol": "URI",
    "reportedCurrency": "USD",
    "cik": "0001067701",
    "fillingDate": "2025-01-29",
    "acceptedDate": "2025-01-29 16:20:35",
    "calendarYear": "2024",
    "period": "FY",
    "revenue": 15345000000,
    "costOfRevenue": 9632000000,
    "grossProfit": 5713000000,
    "grossProfitRatio": 0.372303682,
    "researchAndDevelopmentExpenses": 0,
    "generalAndAdministrativeExpenses": 0,
    "sellingAndMarketingExpenses": 0,
    "sellingGeneralAndAdministrativeExpenses": 1645000000,
    "otherExpenses": 0,
    "operatingExpenses": 1645000000,
    "costAndExpenses": 11277000000,
    "interestIncome": 0,
    "interestExpense": 691000000,
    "depreciationAndAmortization": 2903000000,
    "ebitda": 6982000000,
    "ebitdaratio": 0.4550016292,
    "operatingIncome": 4068000000,
    "operatingIncomeRatio": 0.2651026393,
    "totalOtherIncomeExpensesNet": -680000000,
    "incomeBeforeTax": 3388000000,
    "incomeBeforeTaxRatio": 0.2207885305,
    "incomeTaxExpense": 813000000,
    "netIncome": 2575000000,
    "netIncomeRatio": 0.1678071033,
    "eps": 38.82,
    "epsdiluted": 38.69,
    "weightedAverageShsOut": 66345000,
    "weightedAverageShsOutDil": 66567000,
    "link": "https://www.sec.gov/Archives/edgar/data/1067701/000106770125000008/0001067701-25-000008-index.htm",
    "finalLink": "https://www.sec.gov/Archives/edgar/data/1047166/000106770125000008/uri-20241231.htm"
  },
  {
    "date": "2023-12-31",
    "symbol": "URI",
    "reportedCurrency": "USD",
    "cik": "0001067701",
    "fillingDate": "2024-01-24",
    "acceptedDate": "2024-01-24 16:27:28",
    "calendarYear": "2023",
    "period": "FY",
    "revenue": 14332000000,
    "costOfRevenue": 8950000000,
    "grossProfit": 5382000000,
    "grossProfitRatio": 0.3755233045,
    "researchAndDevelopmentExpenses": 0,
    "generalAndAdministrativeExpenses": 0,
    "sellingAndMarketingExpenses": 0,
    "sellingGeneralAndAdministrativeExpenses": 1527000000,
    "otherExpenses": 0,
    "operatingExpenses": 1527000000,
    "costAndExpenses": 10477000000,
    "interestIncome": 0,
    "interestExpense": 635000000,
    "depreciationAndAmortization": 2781000000,
    "ebitda": 6627000000,
    "ebitdaratio": 0.4623918504,
    "operatingIncome": 3855000000,
    "operatingIncomeRatio": 0.2689785096,
    "totalOtherIncomeExpensesNet": -644000000,
    "incomeBeforeTax": 3211000000,
    "incomeBeforeTaxRatio": 0.2240440971,
    "incomeTaxExpense": 787000000,
    "netIncome": 2424000000,
    "netIncomeRatio": 0.1691320123,
    "eps": 35.4,
    "epsdiluted": 35.28,
    "weightedAverageShsOut": 68470000,
    "weightedAverageShsOutDil": 68710000,
    "link": "https://www.sec.gov/Archives/edgar/data/1067701/000106770124000007/0001067701-24-000007-index.htm",
    "finalLink": "https://www.sec.gov/Archives/edgar/data/1047166/000106770124000007/uri-20231231.htm"
  },
  {
    "date": "2022-12-31",
    "symbol": "URI",
    "reportedCurrency": "USD",
    "cik": "0001067701",
    "fillingDate": "2023-01-25",
    "acceptedDate": "2023-01-25 16:21:53",
    "calendarYear": "2022",
    "period": "FY",
    "revenue": 11642000000,
    "costOfRevenue": 7010000000,
    "grossProfit": 4632000000,
    "grossProfitRatio": 0.3978697818,
    "researchAndDevelopmentExpenses": 0,
    "generalAndAdministrativeExpenses": 0,
    "sellingAndMarketingExpenses": 0,
    "sellingGeneralAndAdministrativeExpenses": 1400000000,
    "otherExpenses": 0,
    "operatingExpenses": 1400000000,
    "costAndExpenses": 8410000000,
    "interestIncome": 0,
    "interestExpense": 445000000,
    "depreciationAndAmortization": 2217000000,
    "ebitda": 5464000000,
    "ebitdaratio": 0.4693351658,
    "operatingIncome": 3232000000,
    "operatingIncomeRatio": 0.27761553,
    "totalOtherIncomeExpensesNet": -430000000,
    "incomeBeforeTax": 2802000000,
    "incomeBeforeTaxRatio": 0.2406802955,
    "incomeTaxExpense": 697000000,
    "netIncome": 2105000000,
    "netIncomeRatio": 0.1808108572,
    "eps": 29.77,
    "epsdiluted": 29.66,
    "weightedAverageShsOut": 70703000,
    "weightedAverageShsOutDil": 70973000,
    "link": "https://www.sec.gov/Archives/edgar/data/1067701/000106770123000010/0001067701-23-000010-index.htm",
    "finalLink": "https://www.sec.gov/Archives/edgar/data/1047166/000106770123000010/uri-20221231.htm"
  },
  {
    "date": "2021-12-31",
    "symbol": "URI",
    "reportedCurrency": "USD",
    "cik": "0001067701",
    "fillingDate": "2022-01-26",
    "acceptedDate": "2022-01-26 16:21:38",
    "calendarYear": "2021",
    "period": "FY",
    "revenue": 9716000000,
    "costOfRevenue": 6221000000,
    "grossProfit": 3495000000,
    "grossProfitRatio": 0.3597159325,
    "researchAndDevelopmentExpenses": 0,
    "generalAndAdministrativeExpenses": 0,
    "sellingAndMarketingExpenses": 0,
    "sellingGeneralAndAdministrativeExpenses": 1199000000,
    "otherExpenses": 0,
    "operatingExpenses": 1199000000,
    "costAndExpenses": 7420000000,
    "interestIncome": 0,
    "interestExpense": 424000000,
    "depreciationAndAmortization": 1969000000,
    "ebitda": 4239000000,
    "ebitdaratio": 0.4362906546,
    "operatingIncome": 2296000000,
    "operatingIncomeRatio": 0.2363112392,
    "totalOtherIncomeExpensesNet": -450000000,
    "incomeBeforeTax": 1846000000,
    "incomeBeforeTaxRatio": 0.1899958831,
    "incomeTaxExpense": 460000000,
    "netIncome": 1386000000,
    "netIncomeRatio": 0.1426512968,
    "eps": 19.14,
    "epsdiluted": 19.03,
    "weightedAverageShsOut": 72432000,
    "weightedAverageShsOutDil": 72817000,
    "link": "https://www.sec.gov/Archives/edgar/data/1067701/000106770122000008/0001067701-22-000008-index.htm",
    "finalLink": "https://www.sec.gov/Archives/edgar/data/1047166/000106770122000008/uri-20211231.htm"
  },
  {
    "date": "2020-12-31",
    "symbol": "URI",
    "reportedCurrency": "USD",
    "cik": "0001067701",
    "fillingDate": "2021-01-27",
    "acceptedDate": "2021-01-27 16:24:35",
    "calendarYear": "2020",
    "period": "FY",
    "revenue": 8530000000,
    "costOfRevenue": 5698000000,
    "grossProfit": 2832000000,
    "grossProfitRatio": 0.3320046893,
    "researchAndDevelopmentExpenses": 0,
    "generalAndAdministrativeExpenses": 0,
    "sellingAndMarketingExpenses": 0,
    "sellingGeneralAndAdministrativeExpenses": 979000000,
    "otherExpenses": 0,
    "operatingExpenses": 979000000,
    "costAndExpenses": 6677000000,
    "interestIncome": 0,
    "interestExpense": 669000000,
    "depreciationAndAmortization": 1952000000,
    "ebitda": 3760000000,
    "ebitdaratio": 0.4407971864,
    "operatingIncome": 1853000000,
    "operatingIncomeRatio": 0.2172332943,
    "totalOtherIncomeExpensesNet": -714000000,
    "incomeBeforeTax": 1139000000,
    "incomeBeforeTaxRatio": 0.1335287222,
    "incomeTaxExpense": 249000000,
    "netIncome": 890000000,
    "netIncomeRatio": 0.1043376319,
    "eps": 12.25,
    "epsdiluted": 12.2,
    "weightedAverageShsOut": 72658000,
    "weightedAverageShsOutDil": 72929000,
    "link": "https://www.sec.gov/Archives/edgar/data/1067701/000106770121000008/0001067701-21-000008-index.htm",
    "finalLink": "https://www.sec.gov/Archives/edgar/data/1047166/000106770121000008/uri-20201231.htm"
  },
  {
    "date": "2019-12-31",
    "symbol": "URI",
    "reportedCurrency": "USD",
    "cik": "0001067701",
    "fillingDate": "2020-01-29",
    "acceptedDate": "2020-01-29 16:35:59",
    "calendarYear": "2019",
    "period": "FY",
    "revenue": 9351000000,
    "costOfRevenue": 6088000000,
    "grossProfit": 3263000000,
    "grossProfitRatio": 0.3489466367,
    "researchAndDevelopmentExpenses": 0,
    "generalAndAdministrativeExpenses": 0,
    "sellingAndMarketingExpenses": 0,
    "sellingGeneralAndAdministrativeExpenses": 1092000000,
    "otherExpenses": 0,
    "operatingExpenses": 1092000000,
    "costAndExpenses": 7180000000,
    "interestIncome": 0,
    "interestExpense": 648000000,
    "depreciationAndAmortization": 2038000000,
    "ebitda": 4200000000,
    "ebitdaratio": 0.4491498235,
    "operatingIncome": 2171000000,
    "operatingIncomeRatio": 0.2321676826,
    "totalOtherIncomeExpensesNet": -657000000,
    "incomeBeforeTax": 1514000000,
    "incomeBeforeTaxRatio": 0.1619078173,
    "incomeTaxExpense": 340000000,
    "netIncome": 1174000000,
    "netIncomeRatio": 0.1255480697,
    "eps": 15.18,
    "epsdiluted": 15.11,
    "weightedAverageShsOut": 77341000,
    "weightedAverageShsOutDil": 77710000,
    "link": "https://www.sec.gov/Archives/edgar/data/1067701/000106770120000008/0001067701-20-000008-index.htm",
    "finalLink": "https://www.sec.gov/Archives/edgar/data/1047166/000106770120000008/uri-2019123110k.htm"
  },
  {
    "date": "2018-12-31",
    "symbol": "URI",
    "reportedCurrency": "USD",
    "cik": "0001067701",
    "fillingDate": "2019-01-23",
    "acceptedDate": "2019-01-23 16:40:59",
    "calendarYear": "2018",
    "period": "FY",
    "revenue": 8047000000,
    "costOfRevenue": 4991000000,
    "grossProfit": 3056000000,
    "grossProfitRatio": 0.379768858,
    "researchAndDevelopmentExpenses": 0,
    "generalAndAdministrativeExpenses": 0,
    "sellingAndMarketingExpenses": 0,
    "sellingGeneralAndAdministrativeExpenses": 1038000000,
    "otherExpenses": 0,
    "operatingExpenses": 1038000000,
    "costAndExpenses": 6029000000,
    "interestIncome": 0,
    "interestExpense": 481000000,
    "depreciationAndAmortization": 1671000000,
    "ebitda": 3628000000,
    "ebitdaratio": 0.4508512489,
    "operatingIncome": 2018000000,
    "operatingIncomeRatio": 0.250776687,
    "totalOtherIncomeExpensesNet": -542000000,
    "incomeBeforeTax": 1476000000,
    "incomeBeforeTaxRatio": 0.1834223934,
    "incomeTaxExpense": 380000000,
    "netIncome": 1096000000,
    "netIncomeRatio": 0.136199826,
    "eps": 13.25,
    "epsdiluted": 13.13,
    "weightedAverageShsOut": 82700000,
    "weightedAverageShsOutDil": 83500000,
    "link": "https://www.sec.gov/Archives/edgar/data/1067701/000106770119000007/0001067701-19-000007-index.htm",
    "finalLink": "https://www.sec.gov/Archives/edgar/data/1047166/000106770119000007/uri-2018123110k.htm"
  },
  {
    "date": "2017-12-31",
    "symbol": "URI",
    "reportedCurrency": "USD",
    "cik": "0001067701",
    "fillingDate": "2018-01-24",
    "acceptedDate": "2018-01-24 16:30:00",
    "calendarYear": "2017",
    "period": "FY",
    "revenue": 6641000000,
    "costOfRevenue": 4113000000,
    "grossProfit": 2528000000,
    "grossProfitRatio": 0.3806655624,
    "researchAndDevelopmentExpenses": 0,
    "generalAndAdministrativeExpenses": 0,
    "sellingAndMarketingExpenses": 0,
    "sellingGeneralAndAdministrativeExpenses": 903000000,
    "otherExpenses": 0,
    "operatingExpenses": 903000000,
    "costAndExpenses": 5016000000,
    "interestIncome": 0,
    "interestExpense": 464000000,
    "depreciationAndAmortization": 1383000000,
    "ebitda": 2843000000,
    "ebitdaratio": 0.428098178,
    "operatingIncome": 1625000000,
    "operatingIncomeRatio": 0.2446920644,
    "totalOtherIncomeExpensesNet": -577000000,
    "incomeBeforeTax": 1048000000,
    "incomeBeforeTaxRatio": 0.1578075591,
    "incomeTaxExpense": -298000000,
    "netIncome": 1346000000,
    "netIncomeRatio": 0.2026803192,
    "eps": 15.91,
    "epsdiluted": 15.73,
    "weightedAverageShsOut": 84600000,
    "weightedAverageShsOutDil": 85600000,
    "link": "https://www.sec.gov/Archives/edgar/data/1067701/000106770118000006/0001067701-18-000006-index.htm",
    "finalLink": "https://www.sec.gov/Archives/edgar/data/1047166/000106770118000006/uri-2017123110k.htm"
  },
  {
    "date": "2016-12-31",
    "symbol": "URI",
    "reportedCurrency": "USD",
    "cik": "0001067701",
    "fillingDate": "2017-01-25",
    "acceptedDate": "2017-01-25 16:40:38",
    "calendarYear": "2016",
    "period": "FY",
    "revenue": 5762000000,
    "costOfRevenue": 3585000000,
    "grossProfit": 2177000000,
    "grossProfitRatio": 0.3778202013,
    "researchAndDevelopmentExpenses": 0,
    "generalAndAdministrativeExpenses": 0,
    "sellingAndMarketingExpenses": 0,
    "sellingGeneralAndAdministrativeExpenses": 719000000,
    "otherExpenses": 0,
    "operatingExpenses": 719000000,
    "costAndExpenses": 4304000000,
    "interestIncome": 0,
    "interestExpense": 511000000,
    "depreciationAndAmortization": 1245000000,
    "ebitda": 2566000000,
    "ebitdaratio": 0.4453314821,
    "operatingIncome": 1458000000,
    "operatingIncomeRatio": 0.2530371399,
    "totalOtherIncomeExpensesNet": -549000000,
    "incomeBeforeTax": 909000000,
    "incomeBeforeTaxRatio": 0.157757723,
    "incomeTaxExpense": 343000000,
    "netIncome": 566000000,
    "netIncomeRatio": 0.0982297813,
    "eps": 6.49,
    "epsdiluted": 6.45,
    "weightedAverageShsOut": 87200000,
    "weightedAverageShsOutDil": 87800000,
    "link": "https://www.sec.gov/Archives/edgar/data/1067701/000106770117000006/0001067701-17-000006-index.htm",
    "finalLink": "https://www.sec.gov/Archives/edgar/data/1047166/000106770117000006/uri-2016123110k.htm"
  },
  {
    "date": "2015-12-31",
    "symbol": "URI",
    "reportedCurrency": "USD",
    "cik": "0001067701",
    "fillingDate": "2016-01-27",
    "acceptedDate": "2016-01-27 16:36:44",
    "calendarYear": "2015",
    "period": "FY",
    "revenue": 5817000000,
    "costOfRevenue": 3569000000,
    "grossProfit": 2248000000,
    "grossProfitRatio": 0.3864534984,
    "researchAndDevelopmentExpenses": 0,
    "generalAndAdministrativeExpenses": 0,
    "sellingAndMarketingExpenses": 0,
    "sellingGeneralAndAdministrativeExpenses": 714000000,
    "otherExpenses": 0,
    "operatingExpenses": 714000000,
    "costAndExpenses": 4283000000,
    "interestIncome": 0,
    "interestExpense": 567000000,
    "depreciationAndAmortization": 1244000000,
    "ebitda": 2653000000,
    "ebitdaratio": 0.4560770156,
    "operatingIncome": 1534000000,
    "operatingIncomeRatio": 0.2637098161,
    "totalOtherIncomeExpensesNet": -571000000,
    "incomeBeforeTax": 963000000,
    "incomeBeforeTaxRatio": 0.1655492522,
    "incomeTaxExpense": 378000000,
    "netIncome": 585000000,
    "netIncomeRatio": 0.1005673027,
    "eps": 6.14,
    "epsdiluted": 6.07,
    "weightedAverageShsOut": 95200000,
    "weightedAverageShsOutDil": 96400000,
    "link": "https://www.sec.gov/Archives/edgar/data/1067701/000106770116000039/0001067701-16-000039-index.htm",
    "finalLink": "https://www.sec.gov/Archives/edgar/data/1047166/000106770116000039/uri-2015123110k.htm"
  },
  {
    "date": "2014-12-31",
    "symbol": "URI",
    "reportedCurrency": "USD",
    "cik": "0001067701",
    "fillingDate": "2015-01-21",
    "acceptedDate": "2015-01-21 17:09:24",
    "calendarYear": "2014",
    "period": "FY",
    "revenue": 5685000000,
    "costOfRevenue": 3485000000,
    "grossProfit": 2200000000,
    "grossProfitRatio": 0.3869832894,
    "researchAndDevelopmentExpenses": 0,
    "generalAndAdministrativeExpenses": 0,
    "sellingAndMarketingExpenses": 0,
    "sellingGeneralAndAdministrativeExpenses": 758000000,
    "otherExpenses": 0,
    "operatingExpenses": 758000000,
    "costAndExpenses": 4243000000,
    "interestIncome": 0,
    "interestExpense": 555000000,
    "depreciationAndAmortization": 1193000000,
    "ebitda": 2520000000,
    "ebitdaratio": 0.4432717678,
    "operatingIncome": 1442000000,
    "operatingIncomeRatio": 0.253649956,
    "totalOtherIncomeExpensesNet": -592000000,
    "incomeBeforeTax": 850000000,
    "incomeBeforeTaxRatio": 0.1495162709,
    "incomeTaxExpense": 310000000,
    "netIncome": 540000000,
    "netIncomeRatio": 0.0949868074,
    "eps": 5.54,
    "epsdiluted": 5.15,
    "weightedAverageShsOut": 97489000,
    "weightedAverageShsOutDil": 104956000,
    "link": "https://www.sec.gov/Archives/edgar/data/1067701/000106770115000006/0001067701-15-000006-index.htm",
    "finalLink": "https://www.sec.gov/Archives/edgar/data/1047166/000106770115000006/uri-2014123110k.htm"
  },
  {
    "date": "2013-12-31",
    "symbol": "URI",
    "reportedCurrency": "USD",
    "cik": "0001067701",
    "fillingDate": "2014-01-22",
    "acceptedDate": "2014-01-22 16:33:31",
    "calendarYear": "2013",
    "period": "FY",
    "revenue": 4955000000,
    "costOfRevenue": 3172000000,
    "grossProfit": 1783000000,
    "grossProfitRatio": 0.3598385469,
    "researchAndDevelopmentExpenses": 0,
    "generalAndAdministrativeExpenses": 0,
    "sellingAndMarketingExpenses": 0,
    "sellingGeneralAndAdministrativeExpenses": 642000000,
    "otherExpenses": 0,
    "operatingExpenses": 642000000,
    "costAndExpenses": 3814000000,
    "interestIncome": 0,
    "interestExpense": 478000000,
    "depreciationAndAmortization": 1094000000,
    "ebitda": 2106000000,
    "ebitdaratio": 0.425025227,
    "operatingIncome": 1141000000,
    "operatingIncomeRatio": 0.2302724521,
    "totalOtherIncomeExpensesNet": -536000000,
    "incomeBeforeTax": 605000000,
    "incomeBeforeTaxRatio": 0.12209889,
    "incomeTaxExpense": 218000000,
    "netIncome": 387000000,
    "netIncomeRatio": 0.0781029263,
    "eps": 4.14,
    "epsdiluted": 3.64,
    "weightedAverageShsOut": 93436000,
    "weightedAverageShsOutDil": 106291000,
    "link": "https://www.sec.gov/Archives/edgar/data/1067701/000106770114000004/0001067701-14-000004-index.htm",
    "finalLink": "https://www.sec.gov/Archives/edgar/data/1047166/000106770114000004/uri-2013123110k.htm"
  },
  {
    "date": "2012-12-31",
    "symbol": "URI",
    "reportedCurrency": "USD",
    "cik": "0001067701",
    "fillingDate": "2013-01-23",
    "acceptedDate": "2013-01-23 16:47:29",
    "calendarYear": "2012",
    "period": "FY",
    "revenue": 4117000000,
    "costOfRevenue": 2688000000,
    "grossProfit": 1429000000,
    "grossProfitRatio": 0.347097401,
    "researchAndDevelopmentExpenses": 0,
    "generalAndAdministrativeExpenses": 0,
    "sellingAndMarketingExpenses": 0,
    "sellingGeneralAndAdministrativeExpenses": 588000000,
    "otherExpenses": 0,
    "operatingExpenses": 588000000,
    "costAndExpenses": 3276000000,
    "interestIncome": 0,
    "interestExpense": 516000000,
    "depreciationAndAmortization": 882000000,
    "ebitda": 1416000000,
    "ebitdaratio": 0.343939762,
    "operatingIncome": 841000000,
    "operatingIncomeRatio": 0.2042749575,
    "totalOtherIncomeExpensesNet": -753000000,
    "incomeBeforeTax": 88000000,
    "incomeBeforeTaxRatio": 0.0213747875,
    "incomeTaxExpense": 13000000,
    "netIncome": 75000000,
    "netIncomeRatio": 0.0182171484,
    "eps": 0.9,
    "epsdiluted": 0.79,
    "weightedAverageShsOut": 83000000,
    "weightedAverageShsOutDil": 94800000,
    "link": "https://www.sec.gov/Archives/edgar/data/1047166/000106770113000004/0001067701-13-000004-index.html",
    "finalLink": "https://www.sec.gov/Archives/edgar/data/1047166/000106770113000004/uri-2012123110k.htm"
  },
  {
    "date": "2011-12-31",
    "symbol": "URI",
    "reportedCurrency": "USD",
    "cik": "0001067701",
    "fillingDate": "2012-01-25",
    "acceptedDate": "2012-01-25 16:43:06",
    "calendarYear": "2011",
    "period": "FY",
    "revenue": 2611000000,
    "costOfRevenue": 1743000000,
    "grossProfit": 868000000,
    "grossProfitRatio": 0.3324396783,
    "researchAndDevelopmentExpenses": 0,
    "generalAndAdministrativeExpenses": 0,
    "sellingAndMarketingExpenses": 0,
    "sellingGeneralAndAdministrativeExpenses": 407000000,
    "otherExpenses": 0,
    "operatingExpenses": 407000000,
    "costAndExpenses": 2150000000,
    "interestIncome": 0,
    "interestExpense": 305000000,
    "depreciationAndAmortization": 476000000,
    "ebitda": 875000000,
    "ebitdaratio": 0.3351206434,
    "operatingIncome": 461000000,
    "operatingIncomeRatio": 0.1765607047,
    "totalOtherIncomeExpensesNet": -297000000,
    "incomeBeforeTax": 164000000,
    "incomeBeforeTaxRatio": 0.0628111835,
    "incomeTaxExpense": 63000000,
    "netIncome": 101000000,
    "netIncomeRatio": 0.0386824971,
    "eps": 1.62,
    "epsdiluted": 1.38,
    "weightedAverageShsOut": 62184000,
    "weightedAverageShsOutDil": 73349000,
    "link": "https://www.sec.gov/Archives/edgar/data/1047166/000144530512000134/0001445305-12-000134-index.html",
    "finalLink": "https://www.sec.gov/Archives/edgar/data/1047166/000144530512000134/uri-2011123110k.htm"
  },
  {
    "date": "2010-12-31",
    "symbol": "URI",
    "reportedCurrency": "USD",
    "cik": "0001067701",
    "fillingDate": "2011-02-01",
    "acceptedDate": "2011-02-01 16:38:37",
    "calendarYear": "2010",
    "period": "FY",
    "revenue": 2237000000,
    "costOfRevenue": 1630000000,
    "grossProfit": 607000000,
    "grossProfitRatio": 0.2713455521,
    "researchAndDevelopmentExpenses": 0,
    "generalAndAdministrativeExpenses": 0,
    "sellingAndMarketingExpenses": 0,
    "sellingGeneralAndAdministrativeExpenses": 367000000,
    "otherExpenses": 131000000,
    "operatingExpenses": 367000000,
    "costAndExpenses": 1997000000,
    "interestIncome": 0,
    "interestExpense": 329000000,
    "depreciationAndAmortization": 440000000,
    "ebitda": 624000000,
    "ebitdaratio": 0.2789450156,
    "operatingIncome": 240000000,
    "operatingIncomeRatio": 0.1072865445,
    "totalOtherIncomeExpensesNet": -303000000,
    "incomeBeforeTax": -63000000,
    "incomeBeforeTaxRatio": -0.0281627179,
    "incomeTaxExpense": -41000000,
    "netIncome": -26000000,
    "netIncomeRatio": -0.011622709,
    "eps": -0.43,
    "epsdiluted": -0.43,
    "weightedAverageShsOut": 60455000,
    "weightedAverageShsOutDil": 60455000,
    "link": "https://www.sec.gov/Archives/edgar/data/1067701/000119312511020326/0001193125-11-020326-index.htm",
    "finalLink": "https://www.sec.gov/Archives/edgar/data/1047166/000119312511020326/d10k.htm"
  },
  {
    "date": "2009-12-31",
    "symbol": "URI",
    "reportedCurrency": "USD",
    "cik": "0001067701",
    "fillingDate": "2010-02-03",
    "acceptedDate": "2010-02-03 16:26:35",
    "calendarYear": "2009",
    "period": "FY",
    "revenue": 2358000000,
    "costOfRevenue": 1805000000,
    "grossProfit": 553000000,
    "grossProfitRatio": 0.2345207803,
    "researchAndDevelopmentExpenses": 0,
    "generalAndAdministrativeExpenses": 0,
    "sellingAndMarketingExpenses": 0,
    "sellingGeneralAndAdministrativeExpenses": 408000000,
    "otherExpenses": 0,
    "operatingExpenses": 408000000,
    "costAndExpenses": 2213000000,
    "interestIncome": 4000000,
    "interestExpense": 230000000,
    "depreciationAndAmortization": 465000000,
    "ebitda": 593000000,
    "ebitdaratio": 0.2514843087,
    "operatingIncome": 145000000,
    "operatingIncomeRatio": 0.0614927905,
    "totalOtherIncomeExpensesNet": -252000000,
    "incomeBeforeTax": -107000000,
    "incomeBeforeTaxRatio": -0.0453774385,
    "incomeTaxExpense": -47000000,
    "netIncome": -62000000,
    "netIncomeRatio": -0.026293469,
    "eps": -1.03,
    "epsdiluted": -1.03,
    "weightedAverageShsOut": 60100000,
    "weightedAverageShsOutDil": 60100000,
    "link": "https://www.sec.gov/Archives/edgar/data/1047166/000119312510020819/0001193125-10-020819-index.html",
    "finalLink": "https://www.sec.gov/Archives/edgar/data/1047166/000119312510020819/d10k.htm"
  },
  {
    "date": "2008-12-31",
    "symbol": "URI",
    "reportedCurrency": "USD",
    "cik": "0001067701",
    "fillingDate": "2009-02-26",
    "acceptedDate": "2009-02-25 20:10:57",
    "calendarYear": "2008",
    "period": "FY",
    "revenue": 3267000000,
    "costOfRevenue": 2222000000,
    "grossProfit": 1045000000,
    "grossProfitRatio": 0.3198653199,
    "researchAndDevelopmentExpenses": 0,
    "generalAndAdministrativeExpenses": 0,
    "sellingAndMarketingExpenses": 0,
    "sellingGeneralAndAdministrativeExpenses": 528000000,
    "otherExpenses": 142000000,
    "operatingExpenses": 517000000,
    "costAndExpenses": 2739000000,
    "interestIncome": 0,
    "interestExpense": 183000000,
    "depreciationAndAmortization": 513000000,
    "ebitda": -117000000,
    "ebitdaratio": -0.0358126722,
    "operatingIncome": 528000000,
    "operatingIncomeRatio": 0.1616161616,
    "totalOtherIncomeExpensesNet": -1341000000,
    "incomeBeforeTax": -813000000,
    "incomeBeforeTaxRatio": -0.2488521579,
    "incomeTaxExpense": -109000000,
    "netIncome": -704000000,
    "netIncomeRatio": -0.2154882155,
    "eps": -9.42,
    "epsdiluted": -9.42,
    "weightedAverageShsOut": 74734000,
    "weightedAverageShsOutDil": 74734000,
    "link": "https://www.sec.gov/Archives/edgar/data/1047166/000119312509037714/0001193125-09-037714-index.html",
    "finalLink": "https://www.sec.gov/Archives/edgar/data/1047166/000119312509037714/d10k.htm"
  },
  {
    "date": "2007-12-31",
    "symbol": "URI",
    "reportedCurrency": "USD",
    "cik": "0001067701",
    "fillingDate": "2008-02-29",
    "acceptedDate": "2008-02-28 17:32:30",
    "calendarYear": "2007",
    "period": "FY",
    "revenue": 3731000000,
    "costOfRevenue": 2477000000,
    "grossProfit": 1254000000,
    "grossProfitRatio": 0.3361029215,
    "researchAndDevelopmentExpenses": 0,
    "generalAndAdministrativeExpenses": 0,
    "sellingAndMarketingExpenses": 0,
    "sellingGeneralAndAdministrativeExpenses": 595000000,
    "otherExpenses": 0,
    "operatingExpenses": 595000000,
    "costAndExpenses": 3072000000,
    "interestIncome": 0,
    "interestExpense": 196000000,
    "depreciationAndAmortization": 488000000,
    "ebitda": 1262000000,
    "ebitdaratio": 0.3382471187,
    "operatingIncome": 659000000,
    "operatingIncomeRatio": 0.1766282498,
    "totalOtherIncomeExpensesNet": -81000000,
    "incomeBeforeTax": 578000000,
    "incomeBeforeTaxRatio": 0.1549182525,
    "incomeTaxExpense": 215000000,
    "netIncome": 362000000,
    "netIncomeRatio": 0.0970249263,
    "eps": 3.6,
    "epsdiluted": 3.25,
    "weightedAverageShsOut": 100445000,
    "weightedAverageShsOutDil": 113722000,
    "link": "https://www.sec.gov/Archives/edgar/data/1067701/000119312508042082/0001193125-08-042082-index.htm",
    "finalLink": "https://www.sec.gov/Archives/edgar/data/1047166/000119312508042082/d10k.htm"
  },
  {
    "date": "2006-12-31",
    "symbol": "URI",
    "reportedCurrency": "USD",
    "cik": "0001067701",
    "fillingDate": "2007-02-27",
    "acceptedDate": "2007-02-26 20:40:39",
    "calendarYear": "2006",
    "period": "FY",
    "revenue": 3640000000,
    "costOfRevenue": 2401000000,
    "grossProfit": 1239000000,
    "grossProfitRatio": 0.3403846154,
    "researchAndDevelopmentExpenses": 0,
    "generalAndAdministrativeExpenses": 0,
    "sellingAndMarketingExpenses": 0,
    "sellingGeneralAndAdministrativeExpenses": 613000000,
    "otherExpenses": 0,
    "operatingExpenses": 613000000,
    "costAndExpenses": 3014000000,
    "interestIncome": 0,
    "interestExpense": 246000000,
    "depreciationAndAmortization": 487000000,
    "ebitda": 1107000000,
    "ebitdaratio": 0.3041208791,
    "operatingIncome": 626000000,
    "operatingIncomeRatio": 0.171978022,
    "totalOtherIncomeExpensesNet": -221000000,
    "incomeBeforeTax": 405000000,
    "incomeBeforeTaxRatio": 0.1112637363,
    "incomeTaxExpense": 156000000,
    "netIncome": 224000000,
    "netIncomeRatio": 0.0615384615,
    "eps": 2.32,
    "epsdiluted": 2.06,
    "weightedAverageShsOut": 96609000,
    "weightedAverageShsOutDil": 113793000,
    "link": "https://www.sec.gov/Archives/edgar/data/1067701/000119312507040088/0001193125-07-040088-index.htm",
    "finalLink": "https://www.sec.gov/Archives/edgar/data/1047166/000119312507040088/d10k.htm"
  },
  {
    "date": "2005-12-31",
    "symbol": "URI",
    "reportedCurrency": "USD",
    "cik": "0001067701",
    "fillingDate": "2006-03-31",
    "acceptedDate": "2006-03-31 15:06:55",
    "calendarYear": "2005",
    "period": "FY",
    "revenue": 3563000000,
    "costOfRevenue": 2211000000,
    "grossProfit": 1077000000,
    "grossProfitRatio": 0.3022733651,
    "researchAndDevelopmentExpenses": 0,
    "generalAndAdministrativeExpenses": 0,
    "sellingAndMarketingExpenses": 0,
    "sellingGeneralAndAdministrativeExpenses": 596000000,
    "otherExpenses": 0,
    "operatingExpenses": 553000000,
    "costAndExpenses": 2764000000,
    "interestIncome": 0,
    "interestExpense": 566000000,
    "depreciationAndAmortization": 454000000,
    "ebitda": 980000000,
    "ebitdaratio": 0.2750491159,
    "operatingIncome": 524000000,
    "operatingIncomeRatio": 0.1470670783,
    "totalOtherIncomeExpensesNet": -193000000,
    "incomeBeforeTax": 310000000,
    "incomeBeforeTaxRatio": 0.0870053326,
    "incomeTaxExpense": 123000000,
    "netIncome": 187000000,
    "netIncomeRatio": 0.0524838619,
    "eps": 1.97,
    "epsdiluted": 1.8,
    "weightedAverageShsOut": 94814000,
    "weightedAverageShsOutDil": 110036000,
    "link": "https://www.sec.gov/Archives/edgar/data/1067701/000119312506070481/0001193125-06-070481-index.htm",
    "finalLink": "https://www.sec.gov/Archives/edgar/data/1047166/000119312506070481/d10k.htm"
  },
  {
    "date": "2004-12-31",
    "symbol": "URI",
    "reportedCurrency": "USD",
    "cik": "0001067701",
    "fillingDate": "2006-03-31",
    "acceptedDate": "2006-03-31 14:56:51",
    "calendarYear": "2004",
    "period": "FY",
    "revenue": 3094000000,
    "costOfRevenue": 2202000000,
    "grossProfit": 892000000,
    "grossProfitRatio": 0.2882999354,
    "researchAndDevelopmentExpenses": 0,
    "generalAndAdministrativeExpenses": 0,
    "sellingAndMarketingExpenses": 0,
    "sellingGeneralAndAdministrativeExpenses": 497000000,
    "otherExpenses": 177000000,
    "operatingExpenses": 497000000,
    "costAndExpenses": 2699000000,
    "interestIncome": 0,
    "interestExpense": 1103000000,
    "depreciationAndAmortization": 445000000,
    "ebitda": 526000000,
    "ebitdaratio": 0.1700064641,
    "operatingIncome": 395000000,
    "operatingIncomeRatio": 0.1276664512,
    "totalOtherIncomeExpensesNet": -483000000,
    "incomeBeforeTax": -88000000,
    "incomeBeforeTaxRatio": -0.0284421461,
    "incomeTaxExpense": -4000000,
    "netIncome": -84000000,
    "netIncomeRatio": -0.0271493213,
    "eps": -0.89,
    "epsdiluted": -0.81,
    "weightedAverageShsOut": 94611000,
    "weightedAverageShsOutDil": 104205000,
    "link": "https://www.sec.gov/Archives/edgar/data/1067701/000119312506070435/0001193125-06-070435-index.htm",
    "finalLink": "https://www.sec.gov/Archives/edgar/data/1047166/000119312506070435/d10k.htm"
  },
  {
    "date": "2003-12-31",
    "symbol": "URI",
    "reportedCurrency": "USD",
    "cik": "0001067701",
    "fillingDate": "2004-03-15",
    "acceptedDate": "2004-03-15 14:21:33",
    "calendarYear": "2003",
    "period": "FY",
    "revenue": 2867236000,
    "costOfRevenue": 1686658000,
    "grossProfit": 1180578000,
    "grossProfitRatio": 0.4117477599,
    "researchAndDevelopmentExpenses": 0,
    "generalAndAdministrativeExpenses": 451347000,
    "sellingAndMarketingExpenses": 0,
    "sellingGeneralAndAdministrativeExpenses": 451347000,
    "otherExpenses": 357464000,
    "operatingExpenses": 808811000,
    "costAndExpenses": 2495469000,
    "interestIncome": 0,
    "interestExpense": 1104913000,
    "depreciationAndAmortization": 428325000,
    "ebitda": 724000000,
    "ebitdaratio": 0.2525079903,
    "operatingIncome": 39157000,
    "operatingIncomeRatio": 0.0136567063,
    "totalOtherIncomeExpensesNet": -333670000,
    "incomeBeforeTax": -303222000,
    "incomeBeforeTaxRatio": -0.105754113,
    "incomeTaxExpense": -58912000,
    "netIncome": -244310000,
    "netIncomeRatio": -0.085207496,
    "eps": -3.16,
    "epsdiluted": -3.16,
    "weightedAverageShsOut": 77203648,
    "weightedAverageShsOutDil": 77203648,
    "link": "https://www.sec.gov/Archives/edgar/data/1067701/000119312504042021/0001193125-04-042021-index.htm",
    "finalLink": "https://www.sec.gov/Archives/edgar/data/1047166/000119312504042021/d10k.htm"
  },
  {
    "date": "2002-12-31",
    "symbol": "URI",
    "reportedCurrency": "USD",
    "cik": "0001067701",
    "fillingDate": "2003-03-28",
    "acceptedDate": "2003-03-27 19:32:17",
    "calendarYear": "2002",
    "period": "FY",
    "revenue": 2820989000,
    "costOfRevenue": 1609164000,
    "grossProfit": 1211825000,
    "grossProfitRatio": 0.4295745216,
    "researchAndDevelopmentExpenses": 0,
    "generalAndAdministrativeExpenses": 438918000,
    "sellingAndMarketingExpenses": 0,
    "sellingGeneralAndAdministrativeExpenses": 438918000,
    "otherExpenses": 307214000,
    "operatingExpenses": 746132000,
    "costAndExpenses": 2355296000,
    "interestIncome": 0,
    "interestExpense": 1130691000,
    "depreciationAndAmortization": 396293000,
    "ebitda": 844000000,
    "ebitdaratio": 0.2991858529,
    "operatingIncome": 111883000,
    "operatingIncomeRatio": 0.0396609132,
    "totalOtherIncomeExpensesNet": -228883000,
    "incomeBeforeTax": -101384000,
    "incomeBeforeTaxRatio": -0.0359391689,
    "incomeTaxExpense": 8102000,
    "netIncome": -397825000,
    "netIncomeRatio": -0.1410232369,
    "eps": -4.78,
    "epsdiluted": -4.78,
    "weightedAverageShsOut": 83196722,
    "weightedAverageShsOutDil": 83196722,
    "link": "https://www.sec.gov/Archives/edgar/data/1047166/000095013003002528/0000950130-03-002528-index.html",
    "finalLink": "https://www.sec.gov/Archives/edgar/data/1047166/000095013003002528/d10k.htm"
  },
  {
    "date": "2001-12-31",
    "symbol": "URI",
    "reportedCurrency": "USD",
    "cik": "0001067701",
    "fillingDate": "2002-03-29",
    "acceptedDate": "2002-03-29 00:00:00",
    "calendarYear": "2001",
    "period": "FY",
    "revenue": 2886605000,
    "costOfRevenue": 1847135000,
    "grossProfit": 1039470000,
    "grossProfitRatio": 0.3601012262,
    "researchAndDevelopmentExpenses": 0,
    "generalAndAdministrativeExpenses": 441751000,
    "sellingAndMarketingExpenses": 0,
    "sellingGeneralAndAdministrativeExpenses": 441751000,
    "otherExpenses": 106763000,
    "operatingExpenses": 548514000,
    "costAndExpenses": 2395649000,
    "interestIncome": 0,
    "interestExpense": 323066000,
    "depreciationAndAmortization": 433902000,
    "ebitda": 924858000,
    "ebitdaratio": 0.3203964519,
    "operatingIncome": 462034000,
    "operatingIncomeRatio": 0.160061387,
    "totalOtherIncomeExpensesNet": -247484000,
    "incomeBeforeTax": 214550000,
    "incomeBeforeTaxRatio": 0.0743260682,
    "incomeTaxExpense": 91977000,
    "netIncome": 111256000,
    "netIncomeRatio": 0.0385421629,
    "eps": 1.54,
    "epsdiluted": 1.18,
    "weightedAverageShsOut": 72244156,
    "weightedAverageShsOutDil": 94284747,
    "link": "https://www.sec.gov/Archives/edgar/data/1047166/000095013002002206/0000950130-02-002206-index.html",
    "finalLink": "https://www.sec.gov/Archives/edgar/data/1047166/000095013002002206/d10k.txt"
  },
  {
    "date": "2000-12-31",
    "symbol": "URI",
    "reportedCurrency": "USD",
    "cik": "0001067701",
    "fillingDate": "2001-03-22",
    "acceptedDate": "2001-03-22 00:00:00",
    "calendarYear": "2000",
    "period": "FY",
    "revenue": 2918861000,
    "costOfRevenue": 1502160000,
    "grossProfit": 1416701000,
    "grossProfitRatio": 0.4853608993,
    "researchAndDevelopmentExpenses": 0,
    "generalAndAdministrativeExpenses": 454330000,
    "sellingAndMarketingExpenses": 0,
    "sellingGeneralAndAdministrativeExpenses": 454330000,
    "otherExpenses": 414432000,
    "operatingExpenses": 868762000,
    "costAndExpenses": 2370922000,
    "interestIncome": 0,
    "interestExpense": 244607000,
    "depreciationAndAmortization": 414432000,
    "ebitda": 962371000,
    "ebitdaratio": 0.3297077182,
    "operatingIncome": 547939000,
    "operatingIncomeRatio": 0.1877235675,
    "totalOtherIncomeExpensesNet": -246443000,
    "incomeBeforeTax": 301496000,
    "incomeBeforeTaxRatio": 0.1032923459,
    "incomeTaxExpense": 125121000,
    "netIncome": 176375000,
    "netIncomeRatio": 0.0604259675,
    "eps": 2.48,
    "epsdiluted": 1.89,
    "weightedAverageShsOut": 71118952,
    "weightedAverageShsOutDil": 91636843,
    "link": "https://www.sec.gov/Archives/edgar/data/1047166/000095013001500286/0000950130-01-500286-index.html",
    "finalLink": "https://www.sec.gov/Archives/edgar/data/1047166/000095013001500286/d10k.txt"
  },
  {
    "date": "1999-12-31",
    "symbol": "URI",
    "reportedCurrency": "USD",
    "cik": "0001067701",
    "fillingDate": "2000-03-30",
    "acceptedDate": "2000-03-30 00:00:00",
    "calendarYear": "1999",
    "period": "FY",
    "revenue": 2233600000,
    "costOfRevenue": 1128100000,
    "grossProfit": 1105500000,
    "grossProfitRatio": 0.4949409026,
    "researchAndDevelopmentExpenses": 0,
    "generalAndAdministrativeExpenses": 352600000,
    "sellingAndMarketingExpenses": 0,
    "sellingGeneralAndAdministrativeExpenses": 352600000,
    "otherExpenses": 343500000,
    "operatingExpenses": 696100000,
    "costAndExpenses": 1824200000,
    "interestIncome": 0,
    "interestExpense": 195400000,
    "depreciationAndAmortization": 343500000,
    "ebitda": 752964000,
    "ebitdaratio": 0.337107808,
    "operatingIncome": 409400000,
    "operatingIncomeRatio": 0.1832915473,
    "totalOtherIncomeExpensesNet": -167649000,
    "incomeBeforeTax": 241800000,
    "incomeBeforeTaxRatio": 0.1082557307,
    "incomeTaxExpense": 99100000,
    "netIncome": 142700000,
    "netIncomeRatio": 0.063887894,
    "eps": 2,
    "epsdiluted": 1.53,
    "weightedAverageShsOut": 71333001,
    "weightedAverageShsOutDil": 93245752,
    "link": "https://www.sec.gov/Archives/edgar/data/1047166/000095013000001778/0000950130-00-001778-index.html",
    "finalLink": "https://www.sec.gov/Archives/edgar/data/1047166/000095013000001778/0000950130-00-001778.txt"
  },
  {
    "date": "1998-12-31",
    "symbol": "URI",
    "reportedCurrency": "USD",
    "cik": "0001067701",
    "fillingDate": "1999-03-29",
    "acceptedDate": "1999-03-29 00:00:00",
    "calendarYear": "1998",
    "period": "FY",
    "revenue": 1220300000,
    "costOfRevenue": 619600000,
    "grossProfit": 600700000,
    "grossProfitRatio": 0.4922560026,
    "researchAndDevelopmentExpenses": 0,
    "generalAndAdministrativeExpenses": 0,
    "sellingAndMarketingExpenses": 0,
    "sellingGeneralAndAdministrativeExpenses": 195600000,
    "otherExpenses": 212400000,
    "operatingExpenses": 408000000,
    "costAndExpenses": 1027600000,
    "interestIncome": 0,
    "interestExpense": 185900000,
    "depreciationAndAmortization": 212400000,
    "ebitda": 405100000,
    "ebitdaratio": 0.331967549,
    "operatingIncome": 192700000,
    "operatingIncomeRatio": 0.1579119889,
    "totalOtherIncomeExpensesNet": -114500000,
    "incomeBeforeTax": 78300000,
    "incomeBeforeTaxRatio": 0.0641645497,
    "incomeTaxExpense": 43500000,
    "netIncome": 13500000,
    "netIncomeRatio": 0.0110628534,
    "eps": 0.2,
    "epsdiluted": 0.18,
    "weightedAverageShsOut": 67500001,
    "weightedAverageShsOutDil": 75000001,
    "link": "https://www.sec.gov/Archives/edgar/data/1067701/000095013099001716/0000950130-99-001716-index.html",
    "finalLink": "https://www.sec.gov/Archives/edgar/data/1047166/"
  }
]