[
  {
    "date": "2025-06-30",
    "symbol": "USB",
    "reportedCurrency": "USD",
    "cik": "0000036104",
    "fillingDate": "2025-08-07",
    "acceptedDate": "2025-08-07 16:23:39",
    "calendarYear": "2025",
    "period": "Q2",
    "revenue": 10528000000,
    "costOfRevenue": 4054000000,
    "grossProfit": 6474000000,
    "grossProfitRatio": 0.6149316109,
    "researchAndDevelopmentExpenses": 0,
    "generalAndAdministrativeExpenses": 2600000000,
    "sellingAndMarketingExpenses": 161000000,
    "sellingGeneralAndAdministrativeExpenses": 2761000000,
    "otherExpenses": 1420000000,
    "operatingExpenses": 4181000000,
    "costAndExpenses": 8235000000,
    "interestIncome": 7604000000,
    "interestExpense": 3553000000,
    "depreciationAndAmortization": 217000000,
    "ebitda": 2510000000,
    "ebitdaratio": 0.2384118541,
    "operatingIncome": 2293000000,
    "operatingIncomeRatio": 0.217800152,
    "totalOtherIncomeExpensesNet": 0,
    "incomeBeforeTax": 2293000000,
    "incomeBeforeTaxRatio": 0.217800152,
    "incomeTaxExpense": 472000000,
    "netIncome": 1815000000,
    "netIncomeRatio": 0.1723974164,
    "eps": 1.11,
    "epsdiluted": 1.11,
    "weightedAverageShsOut": 1559000000,
    "weightedAverageShsOutDil": 1559000000,
    "link": "https://www.sec.gov/Archives/edgar/data/36104/000003610425000055/0000036104-25-000055-index.htm",
    "finalLink": "https://www.sec.gov/Archives/edgar/data/36104/000003610425000055/usb-20250630.htm"
  },
  {
    "date": "2025-03-31",
    "symbol": "USB",
    "reportedCurrency": "USD",
    "cik": "0000036104",
    "fillingDate": "2025-05-06",
    "acceptedDate": "2025-05-06 17:01:36",
    "calendarYear": "2025",
    "period": "Q1",
    "revenue": 10352000000,
    "costOfRevenue": 3961000000,
    "grossProfit": 6391000000,
    "grossProfitRatio": 0.6173686244,
    "researchAndDevelopmentExpenses": 0,
    "generalAndAdministrativeExpenses": 2637000000,
    "sellingAndMarketingExpenses": 182000000,
    "sellingGeneralAndAdministrativeExpenses": 2819000000,
    "otherExpenses": 1413000000,
    "operatingExpenses": 4232000000,
    "costAndExpenses": 8193000000,
    "interestIncome": 7516000000,
    "interestExpense": 3424000000,
    "depreciationAndAmortization": 215000000,
    "ebitda": 2374000000,
    "ebitdaratio": 0.2293276662,
    "operatingIncome": 2159000000,
    "operatingIncomeRatio": 0.2085587326,
    "totalOtherIncomeExpensesNet": 0,
    "incomeBeforeTax": 2159000000,
    "incomeBeforeTaxRatio": 0.2085587326,
    "incomeTaxExpense": 443000000,
    "netIncome": 1709000000,
    "netIncomeRatio": 0.1650888717,
    "eps": 1.03,
    "epsdiluted": 1.03,
    "weightedAverageShsOut": 1559000000,
    "weightedAverageShsOutDil": 1560000000,
    "link": "https://www.sec.gov/Archives/edgar/data/36104/000003610425000028/0000036104-25-000028-index.htm",
    "finalLink": "https://www.sec.gov/Archives/edgar/data/36104/000003610425000028/usb-20250331.htm"
  },
  {
    "date": "2024-12-31",
    "symbol": "USB",
    "reportedCurrency": "USD",
    "cik": "0000036104",
    "fillingDate": "2025-02-21",
    "acceptedDate": "2025-02-21 16:55:07",
    "calendarYear": "2024",
    "period": "Q4",
    "revenue": 10664000000,
    "costOfRevenue": 4245000000,
    "grossProfit": 6419000000,
    "grossProfitRatio": 0.6019317329,
    "researchAndDevelopmentExpenses": 0,
    "generalAndAdministrativeExpenses": 2607000000,
    "sellingAndMarketingExpenses": 160000000,
    "sellingGeneralAndAdministrativeExpenses": 2767000000,
    "otherExpenses": 1544000000,
    "operatingExpenses": 4311000000,
    "costAndExpenses": 8556000000,
    "interestIncome": 7831000000,
    "interestExpense": 3685000000,
    "depreciationAndAmortization": 238000000,
    "ebitda": 2346000000,
    "ebitdaratio": 0.2199924981,
    "operatingIncome": 2108000000,
    "operatingIncomeRatio": 0.1976744186,
    "totalOtherIncomeExpensesNet": 0,
    "incomeBeforeTax": 2108000000,
    "incomeBeforeTaxRatio": 0.1976744186,
    "incomeTaxExpense": 438000000,
    "netIncome": 1663000000,
    "netIncomeRatio": 0.1559452363,
    "eps": 1.01,
    "epsdiluted": 1.01,
    "weightedAverageShsOut": 1560000000,
    "weightedAverageShsOutDil": 1560000000,
    "link": "https://www.sec.gov/Archives/edgar/data/36104/000003610425000016/0000036104-25-000016-index.htm",
    "finalLink": "https://www.sec.gov/Archives/edgar/data/36104/000003610425000016/usb-20241231.htm"
  },
  {
    "date": "2024-09-30",
    "symbol": "USB",
    "reportedCurrency": "USD",
    "cik": "0000036104",
    "fillingDate": "2024-11-05",
    "acceptedDate": "2024-11-05 16:53:59",
    "calendarYear": "2024",
    "period": "Q3",
    "revenue": 10784000000,
    "costOfRevenue": 4508000000,
    "grossProfit": 6276000000,
    "grossProfitRatio": 0.5819732938,
    "researchAndDevelopmentExpenses": 0,
    "generalAndAdministrativeExpenses": 2637000000,
    "sellingAndMarketingExpenses": 165000000,
    "sellingGeneralAndAdministrativeExpenses": 2802000000,
    "otherExpenses": 1402000000,
    "operatingExpenses": 4204000000,
    "costAndExpenses": 8712000000,
    "interestIncome": 8086000000,
    "interestExpense": 3951000000,
    "depreciationAndAmortization": 231000000,
    "ebitda": 2303000000,
    "ebitdaratio": 0.2135571217,
    "operatingIncome": 2072000000,
    "operatingIncomeRatio": 0.1921364985,
    "totalOtherIncomeExpensesNet": 0,
    "incomeBeforeTax": 2072000000,
    "incomeBeforeTaxRatio": 0.1921364985,
    "incomeTaxExpense": 350000000,
    "netIncome": 1714000000,
    "netIncomeRatio": 0.1589391691,
    "eps": 1.03,
    "epsdiluted": 1.03,
    "weightedAverageShsOut": 1561000000,
    "weightedAverageShsOutDil": 1561000000,
    "link": "https://www.sec.gov/Archives/edgar/data/36104/000003610424000072/0000036104-24-000072-index.htm",
    "finalLink": "https://www.sec.gov/Archives/edgar/data/36104/000003610424000072/usb-20240930.htm"
  },
  {
    "date": "2024-06-30",
    "symbol": "USB",
    "reportedCurrency": "USD",
    "cik": "0000036104",
    "fillingDate": "2024-08-06",
    "acceptedDate": "2024-08-06 16:59:37",
    "calendarYear": "2024",
    "period": "Q2",
    "revenue": 10800000000,
    "costOfRevenue": 4530000000,
    "grossProfit": 6270000000,
    "grossProfitRatio": 0.5805555556,
    "researchAndDevelopmentExpenses": 0,
    "generalAndAdministrativeExpenses": 2619000000,
    "sellingAndMarketingExpenses": 158000000,
    "sellingGeneralAndAdministrativeExpenses": 2777000000,
    "otherExpenses": 1437000000,
    "operatingExpenses": 4214000000,
    "costAndExpenses": 8744000000,
    "interestIncome": 7985000000,
    "interestExpense": 3962000000,
    "depreciationAndAmortization": 234000000,
    "ebitda": 2290000000,
    "ebitdaratio": 0.212037037,
    "operatingIncome": 2056000000,
    "operatingIncomeRatio": 0.1903703704,
    "totalOtherIncomeExpensesNet": 0,
    "incomeBeforeTax": 2056000000,
    "incomeBeforeTaxRatio": 0.1903703704,
    "incomeTaxExpense": 445000000,
    "netIncome": 1603000000,
    "netIncomeRatio": 0.1484259259,
    "eps": 0.97,
    "epsdiluted": 0.97,
    "weightedAverageShsOut": 1560000000,
    "weightedAverageShsOutDil": 1561000000,
    "link": "https://www.sec.gov/Archives/edgar/data/36104/000003610424000052/0000036104-24-000052-index.htm",
    "finalLink": "https://www.sec.gov/Archives/edgar/data/36104/000003610424000052/usb-20240630.htm"
  },
  {
    "date": "2024-03-31",
    "symbol": "USB",
    "reportedCurrency": "USD",
    "cik": "0000036104",
    "fillingDate": "2024-05-01",
    "acceptedDate": "2024-05-01 16:35:41",
    "calendarYear": "2024",
    "period": "Q1",
    "revenue": 10464000000,
    "costOfRevenue": 4332000000,
    "grossProfit": 6132000000,
    "grossProfitRatio": 0.5860091743,
    "researchAndDevelopmentExpenses": 0,
    "generalAndAdministrativeExpenses": 2691000000,
    "sellingAndMarketingExpenses": 136000000,
    "sellingGeneralAndAdministrativeExpenses": 2827000000,
    "otherExpenses": 1632000000,
    "operatingExpenses": 4459000000,
    "costAndExpenses": 8791000000,
    "interestIncome": 7764000000,
    "interestExpense": 3779000000,
    "depreciationAndAmortization": 236000000,
    "ebitda": 1909000000,
    "ebitdaratio": 0.1824350153,
    "operatingIncome": 1673000000,
    "operatingIncomeRatio": 0.1598814985,
    "totalOtherIncomeExpensesNet": 0,
    "incomeBeforeTax": 1673000000,
    "incomeBeforeTaxRatio": 0.1598814985,
    "incomeTaxExpense": 347000000,
    "netIncome": 1319000000,
    "netIncomeRatio": 0.1260512232,
    "eps": 0.78,
    "epsdiluted": 0.78,
    "weightedAverageShsOut": 1559000000,
    "weightedAverageShsOutDil": 1559000000,
    "link": "https://www.sec.gov/Archives/edgar/data/36104/000003610424000037/0000036104-24-000037-index.htm",
    "finalLink": "https://www.sec.gov/Archives/edgar/data/36104/000003610424000037/usb-20240331.htm"
  },
  {
    "date": "2023-12-31",
    "symbol": "USB",
    "reportedCurrency": "USD",
    "cik": "0000036104",
    "fillingDate": "2024-02-20",
    "acceptedDate": "2024-02-20 17:10:20",
    "calendarYear": "2023",
    "period": "Q4",
    "revenue": 10383000000,
    "costOfRevenue": 4164000000,
    "grossProfit": 6219000000,
    "grossProfitRatio": 0.5989598382,
    "researchAndDevelopmentExpenses": 0,
    "generalAndAdministrativeExpenses": 2509000000,
    "sellingAndMarketingExpenses": 306000000,
    "sellingGeneralAndAdministrativeExpenses": 2815000000,
    "otherExpenses": 2404000000,
    "operatingExpenses": 5219000000,
    "costAndExpenses": 9383000000,
    "interestIncome": 7763000000,
    "interestExpense": 3652000000,
    "depreciationAndAmortization": 250000000,
    "ebitda": 1250000000,
    "ebitdaratio": 0.1203890976,
    "operatingIncome": 1000000000,
    "operatingIncomeRatio": 0.0963112781,
    "totalOtherIncomeExpensesNet": 0,
    "incomeBeforeTax": 1000000000,
    "incomeBeforeTaxRatio": 0.0963112781,
    "incomeTaxExpense": 139000000,
    "netIncome": 847000000,
    "netIncomeRatio": 0.0815756525,
    "eps": 0.49,
    "epsdiluted": 0.49,
    "weightedAverageShsOut": 1557000000,
    "weightedAverageShsOutDil": 1558000000,
    "link": "https://www.sec.gov/Archives/edgar/data/36104/000003610424000018/0000036104-24-000018-index.htm",
    "finalLink": "https://www.sec.gov/Archives/edgar/data/36104/000003610424000018/usb-20231231.htm"
  },
  {
    "date": "2023-09-30",
    "symbol": "USB",
    "reportedCurrency": "USD",
    "cik": "0000036104",
    "fillingDate": "2023-11-01",
    "acceptedDate": "2023-11-01 17:19:18",
    "calendarYear": "2023",
    "period": "Q3",
    "revenue": 10518000000,
    "costOfRevenue": 4033000000,
    "grossProfit": 6485000000,
    "grossProfitRatio": 0.616562084,
    "researchAndDevelopmentExpenses": 0,
    "generalAndAdministrativeExpenses": 2615000000,
    "sellingAndMarketingExpenses": 176000000,
    "sellingGeneralAndAdministrativeExpenses": 2791000000,
    "otherExpenses": 1739000000,
    "operatingExpenses": 4530000000,
    "costAndExpenses": 8563000000,
    "interestIncome": 7754000000,
    "interestExpense": 3518000000,
    "depreciationAndAmortization": 256000000,
    "ebitda": 2211000000,
    "ebitdaratio": 0.2102110667,
    "operatingIncome": 1955000000,
    "operatingIncomeRatio": 0.1858718388,
    "totalOtherIncomeExpensesNet": 0,
    "incomeBeforeTax": 1955000000,
    "incomeBeforeTaxRatio": 0.1858718388,
    "incomeTaxExpense": 431000000,
    "netIncome": 1523000000,
    "netIncomeRatio": 0.1447993915,
    "eps": 0.91,
    "epsdiluted": 0.91,
    "weightedAverageShsOut": 1548000000,
    "weightedAverageShsOutDil": 1549000000,
    "link": "https://www.sec.gov/Archives/edgar/data/36104/000119312523268341/0001193125-23-268341-index.htm",
    "finalLink": "https://www.sec.gov/Archives/edgar/data/36104/000119312523268341/d542369d10q.htm"
  },
  {
    "date": "2023-06-30",
    "symbol": "USB",
    "reportedCurrency": "USD",
    "cik": "0000036104",
    "fillingDate": "2023-08-07",
    "acceptedDate": "2023-08-04 18:15:21",
    "calendarYear": "2023",
    "period": "Q2",
    "revenue": 10252000000,
    "costOfRevenue": 3932000000,
    "grossProfit": 6320000000,
    "grossProfitRatio": 0.61646508,
    "researchAndDevelopmentExpenses": 0,
    "generalAndAdministrativeExpenses": 2646000000,
    "sellingAndMarketingExpenses": 122000000,
    "sellingGeneralAndAdministrativeExpenses": 2768000000,
    "otherExpenses": 1801000000,
    "operatingExpenses": 4569000000,
    "costAndExpenses": 8501000000,
    "interestIncome": 7526000000,
    "interestExpense": 3111000000,
    "depreciationAndAmortization": 255000000,
    "ebitda": 2006000000,
    "ebitdaratio": 0.1956691377,
    "operatingIncome": 1751000000,
    "operatingIncomeRatio": 0.1707959423,
    "totalOtherIncomeExpensesNet": 0,
    "incomeBeforeTax": 1751000000,
    "incomeBeforeTaxRatio": 0.1707959423,
    "incomeTaxExpense": 382000000,
    "netIncome": 1361000000,
    "netIncomeRatio": 0.1327545845,
    "eps": 0.84,
    "epsdiluted": 0.84,
    "weightedAverageShsOut": 1533000000,
    "weightedAverageShsOutDil": 1533000000,
    "link": "https://www.sec.gov/Archives/edgar/data/36104/000119312523204050/0001193125-23-204050-index.htm",
    "finalLink": "https://www.sec.gov/Archives/edgar/data/36104/000119312523204050/d425808d10q.htm"
  },
  {
    "date": "2023-03-31",
    "symbol": "USB",
    "reportedCurrency": "USD",
    "cik": "0000036104",
    "fillingDate": "2023-05-08",
    "acceptedDate": "2023-05-08 12:08:11",
    "calendarYear": "2023",
    "period": "Q1",
    "revenue": 9471000000,
    "costOfRevenue": 2757000000,
    "grossProfit": 6714000000,
    "grossProfitRatio": 0.7089008552,
    "researchAndDevelopmentExpenses": 0,
    "generalAndAdministrativeExpenses": 2646000000,
    "sellingAndMarketingExpenses": 122000000,
    "sellingGeneralAndAdministrativeExpenses": 2768000000,
    "otherExpenses": 1787000000,
    "operatingExpenses": 4555000000,
    "costAndExpenses": 7312000000,
    "interestIncome": 6964000000,
    "interestExpense": 2330000000,
    "depreciationAndAmortization": 257000000,
    "ebitda": 2416000000,
    "ebitdaratio": 0.255094499,
    "operatingIncome": 2159000000,
    "operatingIncomeRatio": 0.2279590328,
    "totalOtherIncomeExpensesNet": 0,
    "incomeBeforeTax": 2159000000,
    "incomeBeforeTaxRatio": 0.2279590328,
    "incomeTaxExpense": 455000000,
    "netIncome": 1698000000,
    "netIncomeRatio": 0.1792841305,
    "eps": 1.04,
    "epsdiluted": 1.04,
    "weightedAverageShsOut": 1532000000,
    "weightedAverageShsOutDil": 1532000000,
    "link": "https://www.sec.gov/Archives/edgar/data/36104/000119312523137980/0001193125-23-137980-index.htm",
    "finalLink": "https://www.sec.gov/Archives/edgar/data/36104/000119312523137980/d796135d10q.htm"
  },
  {
    "date": "2022-12-31",
    "symbol": "USB",
    "reportedCurrency": "USD",
    "cik": "0000036104",
    "fillingDate": "2023-02-27",
    "acceptedDate": "2023-02-27 15:41:21",
    "calendarYear": "2022",
    "period": "Q4",
    "revenue": 8017000000,
    "costOfRevenue": 2873000000,
    "grossProfit": 5144000000,
    "grossProfitRatio": 0.6416365224,
    "researchAndDevelopmentExpenses": 0,
    "generalAndAdministrativeExpenses": 2402000000,
    "sellingAndMarketingExpenses": 144000000,
    "sellingGeneralAndAdministrativeExpenses": 2546000000,
    "otherExpenses": 1497000000,
    "operatingExpenses": 4043000000,
    "costAndExpenses": 6916000000,
    "interestIncome": 5974000000,
    "interestExpense": 1681000000,
    "depreciationAndAmortization": 175000000,
    "ebitda": 1276000000,
    "ebitdaratio": 0.1591617812,
    "operatingIncome": 1101000000,
    "operatingIncomeRatio": 0.137333167,
    "totalOtherIncomeExpensesNet": 0,
    "incomeBeforeTax": 1101000000,
    "incomeBeforeTaxRatio": 0.137333167,
    "incomeTaxExpense": 171000000,
    "netIncome": 925000000,
    "netIncomeRatio": 0.1153798179,
    "eps": 0.57,
    "epsdiluted": 0.57,
    "weightedAverageShsOut": 1501000000,
    "weightedAverageShsOutDil": 1501000000,
    "link": "https://www.sec.gov/Archives/edgar/data/36104/000119312523050691/0001193125-23-050691-index.htm",
    "finalLink": "https://www.sec.gov/Archives/edgar/data/36104/000119312523050691/d410791d10k.htm"
  },
  {
    "date": "2022-09-30",
    "symbol": "USB",
    "reportedCurrency": "USD",
    "cik": "0000036104",
    "fillingDate": "2022-11-01",
    "acceptedDate": "2022-11-01 17:08:07",
    "calendarYear": "2022",
    "period": "Q3",
    "revenue": 7197000000,
    "costOfRevenue": 1263000000,
    "grossProfit": 5934000000,
    "grossProfitRatio": 0.8245102126,
    "researchAndDevelopmentExpenses": 0,
    "generalAndAdministrativeExpenses": 2260000000,
    "sellingAndMarketingExpenses": 126000000,
    "sellingGeneralAndAdministrativeExpenses": 2386000000,
    "otherExpenses": 1251000000,
    "operatingExpenses": 3637000000,
    "costAndExpenses": 4900000000,
    "interestIncome": 4728000000,
    "interestExpense": 901000000,
    "depreciationAndAmortization": 128000000,
    "ebitda": 2425000000,
    "ebitdaratio": 0.3369459497,
    "operatingIncome": 2297000000,
    "operatingIncomeRatio": 0.3191607614,
    "totalOtherIncomeExpensesNet": 0,
    "incomeBeforeTax": 2297000000,
    "incomeBeforeTaxRatio": 0.3191607614,
    "incomeTaxExpense": 481000000,
    "netIncome": 1812000000,
    "netIncomeRatio": 0.2517715715,
    "eps": 1.16,
    "epsdiluted": 1.16,
    "weightedAverageShsOut": 1486000000,
    "weightedAverageShsOutDil": 1486000000,
    "link": "https://www.sec.gov/Archives/edgar/data/36104/000119312522275036/0001193125-22-275036-index.htm",
    "finalLink": "https://www.sec.gov/Archives/edgar/data/36104/000119312522275036/d245647d10q.htm"
  },
  {
    "date": "2022-06-30",
    "symbol": "USB",
    "reportedCurrency": "USD",
    "cik": "0000036104",
    "fillingDate": "2022-08-04",
    "acceptedDate": "2022-08-04 10:33:49",
    "calendarYear": "2022",
    "period": "Q2",
    "revenue": 6373000000,
    "costOfRevenue": 701000000,
    "grossProfit": 5672000000,
    "grossProfitRatio": 0.8900047074,
    "researchAndDevelopmentExpenses": 0,
    "generalAndAdministrativeExpenses": 2246000000,
    "sellingAndMarketingExpenses": 106000000,
    "sellingGeneralAndAdministrativeExpenses": 2352000000,
    "otherExpenses": 1372000000,
    "operatingExpenses": 3724000000,
    "costAndExpenses": 4425000000,
    "interestIncome": 3825000000,
    "interestExpense": 390000000,
    "depreciationAndAmortization": 125000000,
    "ebitda": 2073000000,
    "ebitdaratio": 0.3252785188,
    "operatingIncome": 1948000000,
    "operatingIncomeRatio": 0.3056645222,
    "totalOtherIncomeExpensesNet": 0,
    "incomeBeforeTax": 1948000000,
    "incomeBeforeTaxRatio": 0.3056645222,
    "incomeTaxExpense": 414000000,
    "netIncome": 1531000000,
    "netIncomeRatio": 0.2402322297,
    "eps": 0.99,
    "epsdiluted": 0.99,
    "weightedAverageShsOut": 1486000000,
    "weightedAverageShsOutDil": 1487000000,
    "link": "https://www.sec.gov/Archives/edgar/data/36104/000119312522212040/0001193125-22-212040-index.htm",
    "finalLink": "https://www.sec.gov/Archives/edgar/data/36104/000119312522212040/d322057d10q.htm"
  },
  {
    "date": "2022-03-31",
    "symbol": "USB",
    "reportedCurrency": "USD",
    "cik": "0000036104",
    "fillingDate": "2022-05-03",
    "acceptedDate": "2022-05-03 16:50:25",
    "calendarYear": "2022",
    "period": "Q1",
    "revenue": 5814000000,
    "costOfRevenue": 357000000,
    "grossProfit": 5457000000,
    "grossProfitRatio": 0.9385964912,
    "researchAndDevelopmentExpenses": 0,
    "generalAndAdministrativeExpenses": 2249000000,
    "sellingAndMarketingExpenses": 80000000,
    "sellingGeneralAndAdministrativeExpenses": 2329000000,
    "otherExpenses": 1173000000,
    "operatingExpenses": 3502000000,
    "costAndExpenses": 3859000000,
    "interestIncome": 3418000000,
    "interestExpense": 245000000,
    "depreciationAndAmortization": 132000000,
    "ebitda": 2087000000,
    "ebitdaratio": 0.3589611283,
    "operatingIncome": 1955000000,
    "operatingIncomeRatio": 0.3362573099,
    "totalOtherIncomeExpensesNet": 0,
    "incomeBeforeTax": 1955000000,
    "incomeBeforeTaxRatio": 0.3362573099,
    "incomeTaxExpense": 397000000,
    "netIncome": 1557000000,
    "netIncomeRatio": 0.2678018576,
    "eps": 0.99,
    "epsdiluted": 0.99,
    "weightedAverageShsOut": 1485000000,
    "weightedAverageShsOutDil": 1486000000,
    "link": "https://www.sec.gov/Archives/edgar/data/36104/000119312522138788/0001193125-22-138788-index.htm",
    "finalLink": "https://www.sec.gov/Archives/edgar/data/36104/000119312522138788/d306477d10q.htm"
  },
  {
    "date": "2021-12-31",
    "symbol": "USB",
    "reportedCurrency": "USD",
    "cik": "0000036104",
    "fillingDate": "2022-02-22",
    "acceptedDate": "2022-02-22 17:14:10",
    "calendarYear": "2021",
    "period": "Q4",
    "revenue": 5889000000,
    "costOfRevenue": 219000000,
    "grossProfit": 5670000000,
    "grossProfitRatio": 0.9628120224,
    "researchAndDevelopmentExpenses": 0,
    "generalAndAdministrativeExpenses": 2223000000,
    "sellingAndMarketingExpenses": 129000000,
    "sellingGeneralAndAdministrativeExpenses": 2352000000,
    "otherExpenses": 1181000000,
    "operatingExpenses": 3533000000,
    "costAndExpenses": 3752000000,
    "interestIncome": 3355000000,
    "interestExpense": 232000000,
    "depreciationAndAmortization": 125000000,
    "ebitda": 2262000000,
    "ebitdaratio": 0.3841059603,
    "operatingIncome": 2137000000,
    "operatingIncomeRatio": 0.3628799457,
    "totalOtherIncomeExpensesNet": 0,
    "incomeBeforeTax": 2137000000,
    "incomeBeforeTaxRatio": 0.3628799457,
    "incomeTaxExpense": 459000000,
    "netIncome": 1673000000,
    "netIncomeRatio": 0.2840889795,
    "eps": 1.07,
    "epsdiluted": 1.07,
    "weightedAverageShsOut": 1483000000,
    "weightedAverageShsOutDil": 1484000000,
    "link": "https://www.sec.gov/Archives/edgar/data/36104/000119312522048709/0001193125-22-048709-index.htm",
    "finalLink": "https://www.sec.gov/Archives/edgar/data/36104/000119312522048709/d256232d10k.htm"
  },
  {
    "date": "2021-09-30",
    "symbol": "USB",
    "reportedCurrency": "USD",
    "cik": "0000036104",
    "fillingDate": "2021-11-02",
    "acceptedDate": "2021-11-02 16:50:07",
    "calendarYear": "2021",
    "period": "Q3",
    "revenue": 6102000000,
    "costOfRevenue": 75000000,
    "grossProfit": 6027000000,
    "grossProfitRatio": 0.9877089479,
    "researchAndDevelopmentExpenses": 0,
    "generalAndAdministrativeExpenses": 2183000000,
    "sellingAndMarketingExpenses": 99000000,
    "sellingGeneralAndAdministrativeExpenses": 2282000000,
    "otherExpenses": 1147000000,
    "operatingExpenses": 3429000000,
    "costAndExpenses": 3504000000,
    "interestIncome": 3409000000,
    "interestExpense": 238000000,
    "depreciationAndAmortization": 126000000,
    "ebitda": 2724000000,
    "ebitdaratio": 0.4464110128,
    "operatingIncome": 2598000000,
    "operatingIncomeRatio": 0.4257620452,
    "totalOtherIncomeExpensesNet": 0,
    "incomeBeforeTax": 2598000000,
    "incomeBeforeTaxRatio": 0.4257620452,
    "incomeTaxExpense": 564000000,
    "netIncome": 2028000000,
    "netIncomeRatio": 0.3323500492,
    "eps": 1.3,
    "epsdiluted": 1.3,
    "weightedAverageShsOut": 1483000000,
    "weightedAverageShsOutDil": 1484000000,
    "link": "https://www.sec.gov/Archives/edgar/data/36104/000119312521317037/0001193125-21-317037-index.htm",
    "finalLink": "https://www.sec.gov/Archives/edgar/data/36104/000119312521317037/d219476d10q.htm"
  },
  {
    "date": "2021-06-30",
    "symbol": "USB",
    "reportedCurrency": "USD",
    "cik": "0000036104",
    "fillingDate": "2021-08-03",
    "acceptedDate": "2021-08-03 16:31:15",
    "calendarYear": "2021",
    "period": "Q2",
    "revenue": 6001000000,
    "costOfRevenue": 75000000,
    "grossProfit": 5926000000,
    "grossProfitRatio": 0.987502083,
    "researchAndDevelopmentExpenses": 0,
    "generalAndAdministrativeExpenses": 2135000000,
    "sellingAndMarketingExpenses": 90000000,
    "sellingGeneralAndAdministrativeExpenses": 2225000000,
    "otherExpenses": 1162000000,
    "operatingExpenses": 3387000000,
    "costAndExpenses": 3462000000,
    "interestIncome": 3382000000,
    "interestExpense": 245000000,
    "depreciationAndAmortization": 124000000,
    "ebitda": 2663000000,
    "ebitdaratio": 0.4437593734,
    "operatingIncome": 2539000000,
    "operatingIncomeRatio": 0.4230961506,
    "totalOtherIncomeExpensesNet": 0,
    "incomeBeforeTax": 2539000000,
    "incomeBeforeTaxRatio": 0.4230961506,
    "incomeTaxExpense": 551000000,
    "netIncome": 1982000000,
    "netIncomeRatio": 0.330278287,
    "eps": 1.29,
    "epsdiluted": 1.28,
    "weightedAverageShsOut": 1489000000,
    "weightedAverageShsOutDil": 1490000000,
    "link": "https://www.sec.gov/Archives/edgar/data/36104/000119312521234982/0001193125-21-234982-index.htm",
    "finalLink": "https://www.sec.gov/Archives/edgar/data/36104/000119312521234982/d913559d10q.htm"
  },
  {
    "date": "2021-03-31",
    "symbol": "USB",
    "reportedCurrency": "USD",
    "cik": "0000036104",
    "fillingDate": "2021-05-04",
    "acceptedDate": "2021-05-04 16:56:02",
    "calendarYear": "2021",
    "period": "Q1",
    "revenue": 5722000000,
    "costOfRevenue": -549000000,
    "grossProfit": 6271000000,
    "grossProfitRatio": 1.0959454736,
    "researchAndDevelopmentExpenses": 0,
    "generalAndAdministrativeExpenses": 2187000000,
    "sellingAndMarketingExpenses": 48000000,
    "sellingGeneralAndAdministrativeExpenses": 2235000000,
    "otherExpenses": 1144000000,
    "operatingExpenses": 3379000000,
    "costAndExpenses": 2830000000,
    "interestIncome": 3341000000,
    "interestExpense": 278000000,
    "depreciationAndAmortization": 122000000,
    "ebitda": 3014000000,
    "ebitdaratio": 0.5267389025,
    "operatingIncome": 2892000000,
    "operatingIncomeRatio": 0.5054176861,
    "totalOtherIncomeExpensesNet": 0,
    "incomeBeforeTax": 2892000000,
    "incomeBeforeTaxRatio": 0.5054176861,
    "incomeTaxExpense": 607000000,
    "netIncome": 2280000000,
    "netIncomeRatio": 0.3984620762,
    "eps": 1.45,
    "epsdiluted": 1.45,
    "weightedAverageShsOut": 1502000000,
    "weightedAverageShsOutDil": 1503000000,
    "link": "https://www.sec.gov/Archives/edgar/data/36104/000119312521150169/0001193125-21-150169-index.htm",
    "finalLink": "https://www.sec.gov/Archives/edgar/data/36104/000119312521150169/d137164d10q.htm"
  },
  {
    "date": "2020-12-31",
    "symbol": "USB",
    "reportedCurrency": "USD",
    "cik": "0000036104",
    "fillingDate": "2021-02-23",
    "acceptedDate": "2021-02-23 17:13:37",
    "calendarYear": "2020",
    "period": "Q4",
    "revenue": 6029000000,
    "costOfRevenue": 745000000,
    "grossProfit": 5284000000,
    "grossProfitRatio": 0.8764305855,
    "researchAndDevelopmentExpenses": 0,
    "generalAndAdministrativeExpenses": 1945000000,
    "sellingAndMarketingExpenses": 105000000,
    "sellingGeneralAndAdministrativeExpenses": 2050000000,
    "otherExpenses": 1314000000,
    "operatingExpenses": 3364000000,
    "costAndExpenses": 4109000000,
    "interestIncome": 3479000000,
    "interestExpense": 304000000,
    "depreciationAndAmortization": 134000000,
    "ebitda": 2054000000,
    "ebitdaratio": 0.340686681,
    "operatingIncome": 1920000000,
    "operatingIncomeRatio": 0.3184607729,
    "totalOtherIncomeExpensesNet": 0,
    "incomeBeforeTax": 1920000000,
    "incomeBeforeTaxRatio": 0.3184607729,
    "incomeTaxExpense": 395000000,
    "netIncome": 1519000000,
    "netIncomeRatio": 0.2519489136,
    "eps": 0.95,
    "epsdiluted": 0.95,
    "weightedAverageShsOut": 1507000000,
    "weightedAverageShsOutDil": 1508000000,
    "link": "https://www.sec.gov/Archives/edgar/data/36104/000119312521052547/0001193125-21-052547-index.htm",
    "finalLink": "https://www.sec.gov/Archives/edgar/data/36104/000119312521052547/d14650d10k.htm"
  },
  {
    "date": "2020-09-30",
    "symbol": "USB",
    "reportedCurrency": "USD",
    "cik": "0000036104",
    "fillingDate": "2020-11-05",
    "acceptedDate": "2020-11-05 17:07:05",
    "calendarYear": "2020",
    "period": "Q3",
    "revenue": 6285000000,
    "costOfRevenue": 981000000,
    "grossProfit": 5304000000,
    "grossProfitRatio": 0.8439140811,
    "researchAndDevelopmentExpenses": 0,
    "generalAndAdministrativeExpenses": 2022000000,
    "sellingAndMarketingExpenses": 72000000,
    "sellingGeneralAndAdministrativeExpenses": 2094000000,
    "otherExpenses": 1277000000,
    "operatingExpenses": 3371000000,
    "costAndExpenses": 4352000000,
    "interestIncome": 3573000000,
    "interestExpense": 346000000,
    "depreciationAndAmortization": 133000000,
    "ebitda": 2066000000,
    "ebitdaratio": 0.3287191726,
    "operatingIncome": 1933000000,
    "operatingIncomeRatio": 0.307557677,
    "totalOtherIncomeExpensesNet": 0,
    "incomeBeforeTax": 1933000000,
    "incomeBeforeTaxRatio": 0.307557677,
    "incomeTaxExpense": 347000000,
    "netIncome": 1580000000,
    "netIncomeRatio": 0.2513922037,
    "eps": 0.99,
    "epsdiluted": 0.99,
    "weightedAverageShsOut": 1506000000,
    "weightedAverageShsOutDil": 1507000000,
    "link": "https://www.sec.gov/Archives/edgar/data/36104/000119312520286983/0001193125-20-286983-index.htm",
    "finalLink": "https://www.sec.gov/Archives/edgar/data/36104/000119312520286983/d947218d10q.htm"
  },
  {
    "date": "2020-06-30",
    "symbol": "USB",
    "reportedCurrency": "USD",
    "cik": "0000036104",
    "fillingDate": "2020-08-06",
    "acceptedDate": "2020-08-06 16:41:05",
    "calendarYear": "2020",
    "period": "Q2",
    "revenue": 6286000000,
    "costOfRevenue": 2209000000,
    "grossProfit": 4077000000,
    "grossProfitRatio": 0.6485841553,
    "researchAndDevelopmentExpenses": 0,
    "generalAndAdministrativeExpenses": 1999000000,
    "sellingAndMarketingExpenses": 67000000,
    "sellingGeneralAndAdministrativeExpenses": 2066000000,
    "otherExpenses": 1252000000,
    "operatingExpenses": 3318000000,
    "costAndExpenses": 5527000000,
    "interestIncome": 3672000000,
    "interestExpense": 472000000,
    "depreciationAndAmortization": 131000000,
    "ebitda": 890000000,
    "ebitdaratio": 0.1415844734,
    "operatingIncome": 759000000,
    "operatingIncomeRatio": 0.1207445116,
    "totalOtherIncomeExpensesNet": 0,
    "incomeBeforeTax": 759000000,
    "incomeBeforeTaxRatio": 0.1207445116,
    "incomeTaxExpense": 64000000,
    "netIncome": 689000000,
    "netIncomeRatio": 0.1096086542,
    "eps": 0.41,
    "epsdiluted": 0.41,
    "weightedAverageShsOut": 1506000000,
    "weightedAverageShsOutDil": 1507000000,
    "link": "https://www.sec.gov/Archives/edgar/data/36104/000119312520211979/0001193125-20-211979-index.htm",
    "finalLink": "https://www.sec.gov/Archives/edgar/data/36104/000119312520211979/d890129d10q.htm"
  },
  {
    "date": "2020-03-31",
    "symbol": "USB",
    "reportedCurrency": "USD",
    "cik": "0000036104",
    "fillingDate": "2020-05-07",
    "acceptedDate": "2020-05-07 16:40:41",
    "calendarYear": "2020",
    "period": "Q1",
    "revenue": 6641000000,
    "costOfRevenue": 1886000000,
    "grossProfit": 4755000000,
    "grossProfitRatio": 0.7160066255,
    "researchAndDevelopmentExpenses": 0,
    "generalAndAdministrativeExpenses": 1972000000,
    "sellingAndMarketingExpenses": 74000000,
    "sellingGeneralAndAdministrativeExpenses": 2046000000,
    "otherExpenses": 1270000000,
    "operatingExpenses": 3316000000,
    "costAndExpenses": 5202000000,
    "interestIncome": 4116000000,
    "interestExpense": 893000000,
    "depreciationAndAmortization": 129000000,
    "ebitda": 1568000000,
    "ebitdaratio": 0.2361090197,
    "operatingIncome": 1439000000,
    "operatingIncomeRatio": 0.2166842343,
    "totalOtherIncomeExpensesNet": 0,
    "incomeBeforeTax": 1439000000,
    "incomeBeforeTaxRatio": 0.2166842343,
    "incomeTaxExpense": 260000000,
    "netIncome": 1171000000,
    "netIncomeRatio": 0.1763288661,
    "eps": 0.72,
    "epsdiluted": 0.72,
    "weightedAverageShsOut": 1518000000,
    "weightedAverageShsOutDil": 1519000000,
    "link": "https://www.sec.gov/Archives/edgar/data/36104/000119312520136359/0001193125-20-136359-index.htm",
    "finalLink": "https://www.sec.gov/Archives/edgar/data/36104/000119312520136359/d897119d10q.htm"
  },
  {
    "date": "2019-12-31",
    "symbol": "USB",
    "reportedCurrency": "USD",
    "cik": "0000036104",
    "fillingDate": "2020-02-20",
    "acceptedDate": "2020-02-20 16:58:09",
    "calendarYear": "2019",
    "period": "Q4",
    "revenue": 6691000000,
    "costOfRevenue": 1443000000,
    "grossProfit": 5248000000,
    "grossProfitRatio": 0.7843371693,
    "researchAndDevelopmentExpenses": 0,
    "generalAndAdministrativeExpenses": 1912000000,
    "sellingAndMarketingExpenses": 117000000,
    "sellingGeneralAndAdministrativeExpenses": 2029000000,
    "otherExpenses": 1372000000,
    "operatingExpenses": 3401000000,
    "costAndExpenses": 4844000000,
    "interestIncome": 4255000000,
    "interestExpense": 1048000000,
    "depreciationAndAmortization": 130000000,
    "ebitda": 1977000000,
    "ebitdaratio": 0.2954715289,
    "operatingIncome": 1847000000,
    "operatingIncomeRatio": 0.2760424451,
    "totalOtherIncomeExpensesNet": 0,
    "incomeBeforeTax": 1847000000,
    "incomeBeforeTaxRatio": 0.2760424451,
    "incomeTaxExpense": 354000000,
    "netIncome": 1486000000,
    "netIncomeRatio": 0.2220893738,
    "eps": 0.91,
    "epsdiluted": 0.9,
    "weightedAverageShsOut": 1556000000,
    "weightedAverageShsOutDil": 1558000000,
    "link": "https://www.sec.gov/Archives/edgar/data/36104/000119312520043622/0001193125-20-043622-index.htm",
    "finalLink": "https://www.sec.gov/Archives/edgar/data/36104/000119312520043622/d597518d10k.htm"
  },
  {
    "date": "2019-09-30",
    "symbol": "USB",
    "reportedCurrency": "USD",
    "cik": "0000036104",
    "fillingDate": "2019-11-08",
    "acceptedDate": "2019-11-07 17:37:06",
    "calendarYear": "2019",
    "period": "Q3",
    "revenue": 7051000000,
    "costOfRevenue": 1523000000,
    "grossProfit": 5528000000,
    "grossProfitRatio": 0.7840022692,
    "researchAndDevelopmentExpenses": 0,
    "generalAndAdministrativeExpenses": 1919000000,
    "sellingAndMarketingExpenses": 109000000,
    "sellingGeneralAndAdministrativeExpenses": 2028000000,
    "otherExpenses": 1116000000,
    "operatingExpenses": 3144000000,
    "costAndExpenses": 4667000000,
    "interestIncome": 4437000000,
    "interestExpense": 1156000000,
    "depreciationAndAmortization": 127000000,
    "ebitda": 2511000000,
    "ebitdaratio": 0.3561196993,
    "operatingIncome": 2384000000,
    "operatingIncomeRatio": 0.3381080698,
    "totalOtherIncomeExpensesNet": 0,
    "incomeBeforeTax": 2384000000,
    "incomeBeforeTaxRatio": 0.3381080698,
    "incomeTaxExpense": 467000000,
    "netIncome": 1908000000,
    "netIncomeRatio": 0.2705999149,
    "eps": 1.16,
    "epsdiluted": 1.15,
    "weightedAverageShsOut": 1575000000,
    "weightedAverageShsOutDil": 1578000000,
    "link": "https://www.sec.gov/Archives/edgar/data/36104/000119312519287486/0001193125-19-287486-index.htm",
    "finalLink": "https://www.sec.gov/Archives/edgar/data/36104/000119312519287486/d796072d10q.htm"
  },
  {
    "date": "2019-06-30",
    "symbol": "USB",
    "reportedCurrency": "USD",
    "cik": "0000036104",
    "fillingDate": "2019-08-01",
    "acceptedDate": "2019-08-01 16:27:21",
    "calendarYear": "2019",
    "period": "Q2",
    "revenue": 6941000000,
    "costOfRevenue": 1511000000,
    "grossProfit": 5430000000,
    "grossProfitRatio": 0.7823080248,
    "researchAndDevelopmentExpenses": 0,
    "generalAndAdministrativeExpenses": 1888000000,
    "sellingAndMarketingExpenses": 111000000,
    "sellingGeneralAndAdministrativeExpenses": 1999000000,
    "otherExpenses": 1154000000,
    "operatingExpenses": 3153000000,
    "costAndExpenses": 4664000000,
    "interestIncome": 4451000000,
    "interestExpense": 1146000000,
    "depreciationAndAmortization": 125000000,
    "ebitda": 2402000000,
    "ebitdaratio": 0.3460596456,
    "operatingIncome": 2277000000,
    "operatingIncomeRatio": 0.3280507132,
    "totalOtherIncomeExpensesNet": 0,
    "incomeBeforeTax": 2277000000,
    "incomeBeforeTaxRatio": 0.3280507132,
    "incomeTaxExpense": 449000000,
    "netIncome": 1821000000,
    "netIncomeRatio": 0.2623541276,
    "eps": 1.09,
    "epsdiluted": 1.09,
    "weightedAverageShsOut": 1590000000,
    "weightedAverageShsOutDil": 1592000000,
    "link": "https://www.sec.gov/Archives/edgar/data/36104/000119312519210903/0001193125-19-210903-index.htm",
    "finalLink": "https://www.sec.gov/Archives/edgar/data/36104/000119312519210903/d737804d10q.htm"
  },
  {
    "date": "2019-03-31",
    "symbol": "USB",
    "reportedCurrency": "USD",
    "cik": "0000036104",
    "fillingDate": "2019-05-09",
    "acceptedDate": "2019-05-09 15:45:55",
    "calendarYear": "2019",
    "period": "Q1",
    "revenue": 6642000000,
    "costOfRevenue": 1469000000,
    "grossProfit": 5173000000,
    "grossProfitRatio": 0.7788316772,
    "researchAndDevelopmentExpenses": 0,
    "generalAndAdministrativeExpenses": 1892000000,
    "sellingAndMarketingExpenses": 89000000,
    "sellingGeneralAndAdministrativeExpenses": 1981000000,
    "otherExpenses": 1106000000,
    "operatingExpenses": 3087000000,
    "costAndExpenses": 4556000000,
    "interestIncome": 4351000000,
    "interestExpense": 1092000000,
    "depreciationAndAmortization": 120000000,
    "ebitda": 2206000000,
    "ebitdaratio": 0.3321288768,
    "operatingIncome": 2086000000,
    "operatingIncomeRatio": 0.3140620295,
    "totalOtherIncomeExpensesNet": 0,
    "incomeBeforeTax": 2086000000,
    "incomeBeforeTaxRatio": 0.3140620295,
    "incomeTaxExpense": 378000000,
    "netIncome": 1699000000,
    "netIncomeRatio": 0.2557964469,
    "eps": 1.01,
    "epsdiluted": 1,
    "weightedAverageShsOut": 1602000000,
    "weightedAverageShsOutDil": 1605000000,
    "link": "https://www.sec.gov/Archives/edgar/data/36104/000119312519142913/0001193125-19-142913-index.htm",
    "finalLink": "https://www.sec.gov/Archives/edgar/data/36104/000119312519142913/d686529d10q.htm"
  },
  {
    "date": "2018-12-31",
    "symbol": "USB",
    "reportedCurrency": "USD",
    "cik": "0000036104",
    "fillingDate": "2019-02-22",
    "acceptedDate": "2019-02-21 18:03:40",
    "calendarYear": "2018",
    "period": "Q4",
    "revenue": 6469000000,
    "costOfRevenue": 1376000000,
    "grossProfit": 5093000000,
    "grossProfitRatio": 0.7872932447,
    "researchAndDevelopmentExpenses": 0,
    "generalAndAdministrativeExpenses": 1876000000,
    "sellingAndMarketingExpenses": 115000000,
    "sellingGeneralAndAdministrativeExpenses": 1991000000,
    "otherExpenses": 949000000,
    "operatingExpenses": 2940000000,
    "costAndExpenses": 4316000000,
    "interestIncome": 4311000000,
    "interestExpense": 1008000000,
    "depreciationAndAmortization": 121000000,
    "ebitda": 2274000000,
    "ebitdaratio": 0.3515226465,
    "operatingIncome": 2153000000,
    "operatingIncomeRatio": 0.3328180553,
    "totalOtherIncomeExpensesNet": 0,
    "incomeBeforeTax": 2153000000,
    "incomeBeforeTaxRatio": 0.3328180553,
    "incomeTaxExpense": 291000000,
    "netIncome": 1856000000,
    "netIncomeRatio": 0.2869067862,
    "eps": 1.1,
    "epsdiluted": 1.1,
    "weightedAverageShsOut": 1615000000,
    "weightedAverageShsOutDil": 1618000000,
    "link": "https://www.sec.gov/Archives/edgar/data/36104/000119312519047201/0001193125-19-047201-index.htm",
    "finalLink": "https://www.sec.gov/Archives/edgar/data/36104/000119312519047201/d584906d10k.htm"
  },
  {
    "date": "2018-09-30",
    "symbol": "USB",
    "reportedCurrency": "USD",
    "cik": "0000036104",
    "fillingDate": "2018-11-02",
    "acceptedDate": "2018-11-02 10:24:35",
    "calendarYear": "2018",
    "period": "Q3",
    "revenue": 6541000000,
    "costOfRevenue": 1215000000,
    "grossProfit": 5326000000,
    "grossProfitRatio": 0.8142485858,
    "researchAndDevelopmentExpenses": 0,
    "generalAndAdministrativeExpenses": 1823000000,
    "sellingAndMarketingExpenses": 106000000,
    "sellingGeneralAndAdministrativeExpenses": 1929000000,
    "otherExpenses": 1115000000,
    "operatingExpenses": 3044000000,
    "costAndExpenses": 4259000000,
    "interestIncome": 4123000000,
    "interestExpense": 872000000,
    "depreciationAndAmortization": 118000000,
    "ebitda": 2400000000,
    "ebitdaratio": 0.3669163736,
    "operatingIncome": 2282000000,
    "operatingIncomeRatio": 0.3488763186,
    "totalOtherIncomeExpensesNet": 0,
    "incomeBeforeTax": 2282000000,
    "incomeBeforeTaxRatio": 0.3488763186,
    "incomeTaxExpense": 460000000,
    "netIncome": 1815000000,
    "netIncomeRatio": 0.2774805076,
    "eps": 1.06,
    "epsdiluted": 1.06,
    "weightedAverageShsOut": 1629000000,
    "weightedAverageShsOutDil": 1633000000,
    "link": "https://www.sec.gov/Archives/edgar/data/36104/000119312518316582/0001193125-18-316582-index.htm",
    "finalLink": "https://www.sec.gov/Archives/edgar/data/36104/000119312518316582/d586012d10q.htm"
  },
  {
    "date": "2018-06-30",
    "symbol": "USB",
    "reportedCurrency": "USD",
    "cik": "0000036104",
    "fillingDate": "2018-08-02",
    "acceptedDate": "2018-08-02 16:24:59",
    "calendarYear": "2018",
    "period": "Q2",
    "revenue": 6362000000,
    "costOfRevenue": 1078000000,
    "grossProfit": 5284000000,
    "grossProfitRatio": 0.8305564288,
    "researchAndDevelopmentExpenses": 0,
    "generalAndAdministrativeExpenses": 1841000000,
    "sellingAndMarketingExpenses": 111000000,
    "sellingGeneralAndAdministrativeExpenses": 1952000000,
    "otherExpenses": 1133000000,
    "operatingExpenses": 3085000000,
    "costAndExpenses": 4163000000,
    "interestIncome": 3948000000,
    "interestExpense": 751000000,
    "depreciationAndAmortization": 115000000,
    "ebitda": 2314000000,
    "ebitdaratio": 0.3637221,
    "operatingIncome": 2199000000,
    "operatingIncomeRatio": 0.3456460233,
    "totalOtherIncomeExpensesNet": 0,
    "incomeBeforeTax": 2199000000,
    "incomeBeforeTaxRatio": 0.3456460233,
    "incomeTaxExpense": 441000000,
    "netIncome": 1750000000,
    "netIncomeRatio": 0.2750707325,
    "eps": 1.02,
    "epsdiluted": 1.02,
    "weightedAverageShsOut": 1642000000,
    "weightedAverageShsOutDil": 1646000000,
    "link": "https://www.sec.gov/Archives/edgar/data/36104/000119312518236628/0001193125-18-236628-index.htm",
    "finalLink": "https://www.sec.gov/Archives/edgar/data/36104/000119312518236628/d602654d10q.htm"
  },
  {
    "date": "2018-03-31",
    "symbol": "USB",
    "reportedCurrency": "USD",
    "cik": "0000036104",
    "fillingDate": "2018-05-03",
    "acceptedDate": "2018-05-03 16:31:45",
    "calendarYear": "2018",
    "period": "Q1",
    "revenue": 6063000000,
    "costOfRevenue": 964000000,
    "grossProfit": 5099000000,
    "grossProfitRatio": 0.8410028039,
    "researchAndDevelopmentExpenses": 0,
    "generalAndAdministrativeExpenses": 1853000000,
    "sellingAndMarketingExpenses": 97000000,
    "sellingGeneralAndAdministrativeExpenses": 1950000000,
    "otherExpenses": 1105000000,
    "operatingExpenses": 3055000000,
    "costAndExpenses": 4019000000,
    "interestIncome": 3791000000,
    "interestExpense": 623000000,
    "depreciationAndAmortization": 113000000,
    "ebitda": 2157000000,
    "ebitdaratio": 0.355764473,
    "operatingIncome": 2044000000,
    "operatingIncomeRatio": 0.3371268349,
    "totalOtherIncomeExpensesNet": 0,
    "incomeBeforeTax": 2044000000,
    "incomeBeforeTaxRatio": 0.3371268349,
    "incomeTaxExpense": 362000000,
    "netIncome": 1675000000,
    "netIncomeRatio": 0.276265875,
    "eps": 0.97,
    "epsdiluted": 0.96,
    "weightedAverageShsOut": 1652000000,
    "weightedAverageShsOutDil": 1657000000,
    "link": "https://www.sec.gov/Archives/edgar/data/36104/000119312518150855/0001193125-18-150855-index.htm",
    "finalLink": "https://www.sec.gov/Archives/edgar/data/36104/000119312518150855/d543976d10q.htm"
  },
  {
    "date": "2017-12-31",
    "symbol": "USB",
    "reportedCurrency": "USD",
    "cik": "0000036104",
    "fillingDate": "2018-02-22",
    "acceptedDate": "2018-02-22 15:07:08",
    "calendarYear": "2017",
    "period": "Q4",
    "revenue": 6181000000,
    "costOfRevenue": 931000000,
    "grossProfit": 5250000000,
    "grossProfitRatio": 0.8493771234,
    "researchAndDevelopmentExpenses": 0,
    "generalAndAdministrativeExpenses": 1803000000,
    "sellingAndMarketingExpenses": 251000000,
    "sellingGeneralAndAdministrativeExpenses": 2054000000,
    "otherExpenses": 1885000000,
    "operatingExpenses": 3939000000,
    "costAndExpenses": 4870000000,
    "interestIncome": 3740000000,
    "interestExpense": 596000000,
    "depreciationAndAmortization": 118000000,
    "ebitda": 1429000000,
    "ebitdaratio": 0.2311923637,
    "operatingIncome": 1311000000,
    "operatingIncomeRatio": 0.2121016017,
    "totalOtherIncomeExpensesNet": 0,
    "incomeBeforeTax": 1311000000,
    "incomeBeforeTaxRatio": 0.2121016017,
    "incomeTaxExpense": -375000000,
    "netIncome": 1682000000,
    "netIncomeRatio": 0.2721242517,
    "eps": 0.97,
    "epsdiluted": 0.97,
    "weightedAverageShsOut": 1659000000,
    "weightedAverageShsOutDil": 1664000000,
    "link": "https://www.sec.gov/Archives/edgar/data/36104/000119312518053893/0001193125-18-053893-index.htm",
    "finalLink": "https://www.sec.gov/Archives/edgar/data/36104/000119312518053893/d492040d10k.htm"
  },
  {
    "date": "2017-09-30",
    "symbol": "USB",
    "reportedCurrency": "USD",
    "cik": "0000036104",
    "fillingDate": "2017-11-03",
    "acceptedDate": "2017-11-03 15:01:53",
    "calendarYear": "2017",
    "period": "Q3",
    "revenue": 6044000000,
    "costOfRevenue": 888000000,
    "grossProfit": 5156000000,
    "grossProfitRatio": 0.8530774322,
    "researchAndDevelopmentExpenses": 0,
    "generalAndAdministrativeExpenses": 1708000000,
    "sellingAndMarketingExpenses": 92000000,
    "sellingGeneralAndAdministrativeExpenses": 1800000000,
    "otherExpenses": 1198000000,
    "operatingExpenses": 2998000000,
    "costAndExpenses": 3886000000,
    "interestIncome": 3704000000,
    "interestExpense": 528000000,
    "depreciationAndAmortization": 117000000,
    "ebitda": 2275000000,
    "ebitdaratio": 0.3764063534,
    "operatingIncome": 2158000000,
    "operatingIncomeRatio": 0.3570483124,
    "totalOtherIncomeExpensesNet": 0,
    "incomeBeforeTax": 2158000000,
    "incomeBeforeTaxRatio": 0.3570483124,
    "incomeTaxExpense": 589000000,
    "netIncome": 1563000000,
    "netIncomeRatio": 0.2586035738,
    "eps": 0.89,
    "epsdiluted": 0.88,
    "weightedAverageShsOut": 1672000000,
    "weightedAverageShsOutDil": 1678000000,
    "link": "https://www.sec.gov/Archives/edgar/data/36104/000119312517332564/0001193125-17-332564-index.htm",
    "finalLink": "https://www.sec.gov/Archives/edgar/data/36104/000119312517332564/d455406d10q.htm"
  },
  {
    "date": "2017-06-30",
    "symbol": "USB",
    "reportedCurrency": "USD",
    "cik": "0000036104",
    "fillingDate": "2017-08-04",
    "acceptedDate": "2017-08-04 13:08:32",
    "calendarYear": "2017",
    "period": "Q2",
    "revenue": 5867000000,
    "costOfRevenue": 820000000,
    "grossProfit": 5047000000,
    "grossProfitRatio": 0.8602352139,
    "researchAndDevelopmentExpenses": 0,
    "generalAndAdministrativeExpenses": 1690000000,
    "sellingAndMarketingExpenses": 109000000,
    "sellingGeneralAndAdministrativeExpenses": 1799000000,
    "otherExpenses": 1185000000,
    "operatingExpenses": 2984000000,
    "costAndExpenses": 3804000000,
    "interestIncome": 3519000000,
    "interestExpense": 470000000,
    "depreciationAndAmortization": 116000000,
    "ebitda": 2179000000,
    "ebitdaratio": 0.3713993523,
    "operatingIncome": 2063000000,
    "operatingIncomeRatio": 0.3516277484,
    "totalOtherIncomeExpensesNet": 0,
    "incomeBeforeTax": 2063000000,
    "incomeBeforeTaxRatio": 0.3516277484,
    "incomeTaxExpense": 551000000,
    "netIncome": 1500000000,
    "netIncomeRatio": 0.2556672916,
    "eps": 0.85,
    "epsdiluted": 0.85,
    "weightedAverageShsOut": 1684000000,
    "weightedAverageShsOutDil": 1690000000,
    "link": "https://www.sec.gov/Archives/edgar/data/36104/000119312517248499/0001193125-17-248499-index.htm",
    "finalLink": "https://www.sec.gov/Archives/edgar/data/36104/000119312517248499/d407829d10q.htm"
  },
  {
    "date": "2017-03-31",
    "symbol": "USB",
    "reportedCurrency": "USD",
    "cik": "0000036104",
    "fillingDate": "2017-05-05",
    "acceptedDate": "2017-05-05 15:11:29",
    "calendarYear": "2017",
    "period": "Q1",
    "revenue": 5652000000,
    "costOfRevenue": 758000000,
    "grossProfit": 4894000000,
    "grossProfitRatio": 0.8658881812,
    "researchAndDevelopmentExpenses": 0,
    "generalAndAdministrativeExpenses": 1692000000,
    "sellingAndMarketingExpenses": 90000000,
    "sellingGeneralAndAdministrativeExpenses": 1782000000,
    "otherExpenses": 1127000000,
    "operatingExpenses": 2909000000,
    "costAndExpenses": 3667000000,
    "interestIncome": 3393000000,
    "interestExpense": 413000000,
    "depreciationAndAmortization": 117000000,
    "ebitda": 2102000000,
    "ebitdaratio": 0.3719037509,
    "operatingIncome": 1985000000,
    "operatingIncomeRatio": 0.3512031139,
    "totalOtherIncomeExpensesNet": 0,
    "incomeBeforeTax": 1985000000,
    "incomeBeforeTaxRatio": 0.3512031139,
    "incomeTaxExpense": 499000000,
    "netIncome": 1473000000,
    "netIncomeRatio": 0.2606157113,
    "eps": 0.82,
    "epsdiluted": 0.82,
    "weightedAverageShsOut": 1694000000,
    "weightedAverageShsOutDil": 1701000000,
    "link": "https://www.sec.gov/Archives/edgar/data/36104/000119312517160671/0001193125-17-160671-index.htm",
    "finalLink": "https://www.sec.gov/Archives/edgar/data/36104/000119312517160671/d334122d10q.htm"
  },
  {
    "date": "2016-12-31",
    "symbol": "USB",
    "reportedCurrency": "USD",
    "cik": "0000036104",
    "fillingDate": "2017-02-23",
    "acceptedDate": "2017-02-23 15:41:34",
    "calendarYear": "2016",
    "period": "Q4",
    "revenue": 5805000000,
    "costOfRevenue": 761000000,
    "grossProfit": 5044000000,
    "grossProfitRatio": 0.8689061154,
    "researchAndDevelopmentExpenses": 0,
    "generalAndAdministrativeExpenses": 1618000000,
    "sellingAndMarketingExpenses": 107000000,
    "sellingGeneralAndAdministrativeExpenses": 1725000000,
    "otherExpenses": 1279000000,
    "operatingExpenses": 3004000000,
    "costAndExpenses": 3765000000,
    "interestIncome": 3374000000,
    "interestExpense": 419000000,
    "depreciationAndAmortization": 117000000,
    "ebitda": 2157000000,
    "ebitdaratio": 0.3715762274,
    "operatingIncome": 2040000000,
    "operatingIncomeRatio": 0.3514211886,
    "totalOtherIncomeExpensesNet": 0,
    "incomeBeforeTax": 2040000000,
    "incomeBeforeTaxRatio": 0.3514211886,
    "incomeTaxExpense": 549000000,
    "netIncome": 1478000000,
    "netIncomeRatio": 0.2546080965,
    "eps": 0.82,
    "epsdiluted": 0.82,
    "weightedAverageShsOut": 1700000000,
    "weightedAverageShsOutDil": 1705000000,
    "link": "https://www.sec.gov/Archives/edgar/data/36104/000119312517053947/0001193125-17-053947-index.htm",
    "finalLink": "https://www.sec.gov/Archives/edgar/data/36104/000119312517053947/d291857d10k.htm"
  },
  {
    "date": "2016-09-30",
    "symbol": "USB",
    "reportedCurrency": "USD",
    "cik": "0000036104",
    "fillingDate": "2016-11-04",
    "acceptedDate": "2016-11-04 13:04:10",
    "calendarYear": "2016",
    "period": "Q3",
    "revenue": 5765000000,
    "costOfRevenue": 752000000,
    "grossProfit": 5013000000,
    "grossProfitRatio": 0.8695576756,
    "researchAndDevelopmentExpenses": 0,
    "generalAndAdministrativeExpenses": 1609000000,
    "sellingAndMarketingExpenses": 102000000,
    "sellingGeneralAndAdministrativeExpenses": 1711000000,
    "otherExpenses": 1220000000,
    "operatingExpenses": 2931000000,
    "costAndExpenses": 3683000000,
    "interestIncome": 3320000000,
    "interestExpense": 427000000,
    "depreciationAndAmortization": 117000000,
    "ebitda": 2199000000,
    "ebitdaratio": 0.3814397225,
    "operatingIncome": 2082000000,
    "operatingIncomeRatio": 0.3611448395,
    "totalOtherIncomeExpensesNet": 0,
    "incomeBeforeTax": 2082000000,
    "incomeBeforeTaxRatio": 0.3611448395,
    "incomeTaxExpense": 566000000,
    "netIncome": 1502000000,
    "netIncomeRatio": 0.2605377277,
    "eps": 0.84,
    "epsdiluted": 0.84,
    "weightedAverageShsOut": 1710000000,
    "weightedAverageShsOutDil": 1716000000,
    "link": "https://www.sec.gov/Archives/edgar/data/36104/000119312516759887/0001193125-16-759887-index.htm",
    "finalLink": "https://www.sec.gov/Archives/edgar/data/36104/000119312516759887/d231217d10q.htm"
  },
  {
    "date": "2016-06-30",
    "symbol": "USB",
    "reportedCurrency": "USD",
    "cik": "0000036104",
    "fillingDate": "2016-08-05",
    "acceptedDate": "2016-08-05 13:21:41",
    "calendarYear": "2016",
    "period": "Q2",
    "revenue": 5804000000,
    "costOfRevenue": 734000000,
    "grossProfit": 5070000000,
    "grossProfitRatio": 0.8735354928,
    "researchAndDevelopmentExpenses": 0,
    "generalAndAdministrativeExpenses": 1555000000,
    "sellingAndMarketingExpenses": 149000000,
    "sellingGeneralAndAdministrativeExpenses": 1704000000,
    "otherExpenses": 1288000000,
    "operatingExpenses": 2992000000,
    "costAndExpenses": 3726000000,
    "interestIncome": 3252000000,
    "interestExpense": 407000000,
    "depreciationAndAmortization": 117000000,
    "ebitda": 2195000000,
    "ebitdaratio": 0.3781874569,
    "operatingIncome": 2078000000,
    "operatingIncomeRatio": 0.3580289456,
    "totalOtherIncomeExpensesNet": 0,
    "incomeBeforeTax": 2078000000,
    "incomeBeforeTaxRatio": 0.3580289456,
    "incomeTaxExpense": 542000000,
    "netIncome": 1522000000,
    "netIncomeRatio": 0.2622329428,
    "eps": 0.83,
    "epsdiluted": 0.83,
    "weightedAverageShsOut": 1725000000,
    "weightedAverageShsOutDil": 1731000000,
    "link": "https://www.sec.gov/Archives/edgar/data/36104/000119312516673126/0001193125-16-673126-index.htm",
    "finalLink": "https://www.sec.gov/Archives/edgar/data/36104/000119312516673126/d176571d10q.htm"
  },
  {
    "date": "2016-03-31",
    "symbol": "USB",
    "reportedCurrency": "USD",
    "cik": "0000036104",
    "fillingDate": "2016-05-06",
    "acceptedDate": "2016-05-06 12:40:00",
    "calendarYear": "2016",
    "period": "Q1",
    "revenue": 5370000000,
    "costOfRevenue": 716000000,
    "grossProfit": 4654000000,
    "grossProfitRatio": 0.8666666667,
    "researchAndDevelopmentExpenses": 0,
    "generalAndAdministrativeExpenses": 1549000000,
    "sellingAndMarketingExpenses": 77000000,
    "sellingGeneralAndAdministrativeExpenses": 1626000000,
    "otherExpenses": 1123000000,
    "operatingExpenses": 2749000000,
    "costAndExpenses": 3465000000,
    "interestIncome": 3221000000,
    "interestExpense": 386000000,
    "depreciationAndAmortization": 119000000,
    "ebitda": 2024000000,
    "ebitdaratio": 0.3769087523,
    "operatingIncome": 1905000000,
    "operatingIncomeRatio": 0.3547486034,
    "totalOtherIncomeExpensesNet": 0,
    "incomeBeforeTax": 1905000000,
    "incomeBeforeTaxRatio": 0.3547486034,
    "incomeTaxExpense": 504000000,
    "netIncome": 1386000000,
    "netIncomeRatio": 0.2581005587,
    "eps": 0.77,
    "epsdiluted": 0.76,
    "weightedAverageShsOut": 1737000000,
    "weightedAverageShsOutDil": 1743000000,
    "link": "https://www.sec.gov/Archives/edgar/data/36104/000119312516581459/0001193125-16-581459-index.htm",
    "finalLink": "https://www.sec.gov/Archives/edgar/data/36104/000119312516581459/d150924d10q.htm"
  },
  {
    "date": "2015-12-31",
    "symbol": "USB",
    "reportedCurrency": "USD",
    "cik": "0000036104",
    "fillingDate": "2016-02-25",
    "acceptedDate": "2016-02-25 17:16:00",
    "calendarYear": "2015",
    "period": "Q4",
    "revenue": 5496000000,
    "costOfRevenue": 642000000,
    "grossProfit": 4854000000,
    "grossProfitRatio": 0.8831877729,
    "researchAndDevelopmentExpenses": 0,
    "generalAndAdministrativeExpenses": 1484000000,
    "sellingAndMarketingExpenses": 96000000,
    "sellingGeneralAndAdministrativeExpenses": 1580000000,
    "otherExpenses": 1229000000,
    "operatingExpenses": 2809000000,
    "costAndExpenses": 3451000000,
    "interestIncome": 3156000000,
    "interestExpense": 337000000,
    "depreciationAndAmortization": 123000000,
    "ebitda": 2168000000,
    "ebitdaratio": 0.3944687045,
    "operatingIncome": 2045000000,
    "operatingIncomeRatio": 0.3720887918,
    "totalOtherIncomeExpensesNet": 0,
    "incomeBeforeTax": 2045000000,
    "incomeBeforeTaxRatio": 0.3720887918,
    "incomeTaxExpense": 556000000,
    "netIncome": 1476000000,
    "netIncomeRatio": 0.268558952,
    "eps": 0.8,
    "epsdiluted": 0.8,
    "weightedAverageShsOut": 1747000000,
    "weightedAverageShsOutDil": 1754000000,
    "link": "https://www.sec.gov/Archives/edgar/data/36104/000119312516478568/0001193125-16-478568-index.htm",
    "finalLink": "https://www.sec.gov/Archives/edgar/data/36104/000119312516478568/d69262d10k.htm"
  },
  {
    "date": "2015-09-30",
    "symbol": "USB",
    "reportedCurrency": "USD",
    "cik": "0000036104",
    "fillingDate": "2015-11-04",
    "acceptedDate": "2015-11-04 17:02:52",
    "calendarYear": "2015",
    "period": "Q3",
    "revenue": 5443000000,
    "costOfRevenue": 631000000,
    "grossProfit": 4812000000,
    "grossProfitRatio": 0.8840712842,
    "researchAndDevelopmentExpenses": 0,
    "generalAndAdministrativeExpenses": 1510000000,
    "sellingAndMarketingExpenses": 99000000,
    "sellingGeneralAndAdministrativeExpenses": 1609000000,
    "otherExpenses": 1166000000,
    "operatingExpenses": 2775000000,
    "costAndExpenses": 3406000000,
    "interestIncome": 3117000000,
    "interestExpense": 349000000,
    "depreciationAndAmortization": 118000000,
    "ebitda": 2155000000,
    "ebitdaratio": 0.3959213669,
    "operatingIncome": 2037000000,
    "operatingIncomeRatio": 0.3742421459,
    "totalOtherIncomeExpensesNet": 0,
    "incomeBeforeTax": 2037000000,
    "incomeBeforeTaxRatio": 0.3742421459,
    "incomeTaxExpense": 534000000,
    "netIncome": 1489000000,
    "netIncomeRatio": 0.2735623737,
    "eps": 0.81,
    "epsdiluted": 0.81,
    "weightedAverageShsOut": 1758000000,
    "weightedAverageShsOutDil": 1766000000,
    "link": "https://www.sec.gov/Archives/edgar/data/36104/000119312515366273/0001193125-15-366273-index.htm",
    "finalLink": "https://www.sec.gov/Archives/edgar/data/36104/000119312515366273/d50444d10q.htm"
  },
  {
    "date": "2015-06-30",
    "symbol": "USB",
    "reportedCurrency": "USD",
    "cik": "0000036104",
    "fillingDate": "2015-08-05",
    "acceptedDate": "2015-08-05 15:04:39",
    "calendarYear": "2015",
    "period": "Q2",
    "revenue": 5340000000,
    "costOfRevenue": 633000000,
    "grossProfit": 4707000000,
    "grossProfitRatio": 0.8814606742,
    "researchAndDevelopmentExpenses": 0,
    "generalAndAdministrativeExpenses": 1489000000,
    "sellingAndMarketingExpenses": 96000000,
    "sellingGeneralAndAdministrativeExpenses": 1585000000,
    "otherExpenses": 1097000000,
    "operatingExpenses": 2682000000,
    "costAndExpenses": 3315000000,
    "interestIncome": 3068000000,
    "interestExpense": 352000000,
    "depreciationAndAmortization": 120000000,
    "ebitda": 2145000000,
    "ebitdaratio": 0.4016853933,
    "operatingIncome": 2025000000,
    "operatingIncomeRatio": 0.3792134831,
    "totalOtherIncomeExpensesNet": 0,
    "incomeBeforeTax": 2025000000,
    "incomeBeforeTaxRatio": 0.3792134831,
    "incomeTaxExpense": 528000000,
    "netIncome": 1483000000,
    "netIncomeRatio": 0.2777153558,
    "eps": 0.8,
    "epsdiluted": 0.8,
    "weightedAverageShsOut": 1771000000,
    "weightedAverageShsOutDil": 1779000000,
    "link": "https://www.sec.gov/Archives/edgar/data/36104/000119312515278501/0001193125-15-278501-index.htm",
    "finalLink": "https://www.sec.gov/Archives/edgar/data/36104/000119312515278501/d938086d10q.htm"
  },
  {
    "date": "2015-03-31",
    "symbol": "USB",
    "reportedCurrency": "USD",
    "cik": "0000036104",
    "fillingDate": "2015-05-06",
    "acceptedDate": "2015-05-06 16:11:12",
    "calendarYear": "2015",
    "period": "Q1",
    "revenue": 5215000000,
    "costOfRevenue": 627000000,
    "grossProfit": 4588000000,
    "grossProfitRatio": 0.8797698945,
    "researchAndDevelopmentExpenses": 0,
    "generalAndAdministrativeExpenses": 1496000000,
    "sellingAndMarketingExpenses": 70000000,
    "sellingGeneralAndAdministrativeExpenses": 1566000000,
    "otherExpenses": 1099000000,
    "operatingExpenses": 2665000000,
    "costAndExpenses": 3292000000,
    "interestIncome": 3061000000,
    "interestExpense": 363000000,
    "depreciationAndAmortization": 120000000,
    "ebitda": 2043000000,
    "ebitdaratio": 0.3917545542,
    "operatingIncome": 1923000000,
    "operatingIncomeRatio": 0.3687440077,
    "totalOtherIncomeExpensesNet": 0,
    "incomeBeforeTax": 1923000000,
    "incomeBeforeTaxRatio": 0.3687440077,
    "incomeTaxExpense": 479000000,
    "netIncome": 1431000000,
    "netIncomeRatio": 0.274400767,
    "eps": 0.77,
    "epsdiluted": 0.76,
    "weightedAverageShsOut": 1781000000,
    "weightedAverageShsOutDil": 1789000000,
    "link": "https://www.sec.gov/Archives/edgar/data/36104/000119312515174506/0001193125-15-174506-index.htm",
    "finalLink": "https://www.sec.gov/Archives/edgar/data/36104/000119312515174506/d897379d10q.htm"
  },
  {
    "date": "2014-12-31",
    "symbol": "USB",
    "reportedCurrency": "USD",
    "cik": "0000036104",
    "fillingDate": "2015-02-27",
    "acceptedDate": "2015-02-27 13:57:50",
    "calendarYear": "2014",
    "period": "Q4",
    "revenue": 5472000000,
    "costOfRevenue": 646000000,
    "grossProfit": 4826000000,
    "grossProfitRatio": 0.8819444444,
    "researchAndDevelopmentExpenses": 0,
    "generalAndAdministrativeExpenses": 1396000000,
    "sellingAndMarketingExpenses": 129000000,
    "sellingGeneralAndAdministrativeExpenses": 1525000000,
    "otherExpenses": 1279000000,
    "operatingExpenses": 2804000000,
    "costAndExpenses": 3450000000,
    "interestIncome": 3102000000,
    "interestExpense": 358000000,
    "depreciationAndAmortization": 128000000,
    "ebitda": 2150000000,
    "ebitdaratio": 0.3929093567,
    "operatingIncome": 2022000000,
    "operatingIncomeRatio": 0.3695175439,
    "totalOtherIncomeExpensesNet": 0,
    "incomeBeforeTax": 2022000000,
    "incomeBeforeTaxRatio": 0.3695175439,
    "incomeTaxExpense": 521000000,
    "netIncome": 1488000000,
    "netIncomeRatio": 0.2719298246,
    "eps": 0.79,
    "epsdiluted": 0.79,
    "weightedAverageShsOut": 1787000000,
    "weightedAverageShsOutDil": 1796000000,
    "link": "https://www.sec.gov/Archives/edgar/data/36104/000119312515068728/0001193125-15-068728-index.htm",
    "finalLink": "https://www.sec.gov/Archives/edgar/data/36104/000119312515068728/d826004d10k.htm"
  },
  {
    "date": "2014-09-30",
    "symbol": "USB",
    "reportedCurrency": "USD",
    "cik": "0000036104",
    "fillingDate": "2014-11-06",
    "acceptedDate": "2014-11-06 15:09:21",
    "calendarYear": "2014",
    "period": "Q3",
    "revenue": 5299000000,
    "costOfRevenue": 676000000,
    "grossProfit": 4623000000,
    "grossProfitRatio": 0.8724287601,
    "researchAndDevelopmentExpenses": 0,
    "generalAndAdministrativeExpenses": 1382000000,
    "sellingAndMarketingExpenses": 78000000,
    "sellingGeneralAndAdministrativeExpenses": 1460000000,
    "otherExpenses": 1154000000,
    "operatingExpenses": 2614000000,
    "costAndExpenses": 3290000000,
    "interestIncome": 3057000000,
    "interestExpense": 365000000,
    "depreciationAndAmortization": 127000000,
    "ebitda": 2136000000,
    "ebitdaratio": 0.4030949236,
    "operatingIncome": 2009000000,
    "operatingIncomeRatio": 0.3791281374,
    "totalOtherIncomeExpensesNet": 0,
    "incomeBeforeTax": 2009000000,
    "incomeBeforeTaxRatio": 0.3791281374,
    "incomeTaxExpense": 523000000,
    "netIncome": 1471000000,
    "netIncomeRatio": 0.2775995471,
    "eps": 0.78,
    "epsdiluted": 0.78,
    "weightedAverageShsOut": 1798000000,
    "weightedAverageShsOutDil": 1807000000,
    "link": "https://www.sec.gov/Archives/edgar/data/36104/000119312514400765/0001193125-14-400765-index.htm",
    "finalLink": "https://www.sec.gov/Archives/edgar/data/36104/000119312514400765/d772448d10q.htm"
  },
  {
    "date": "2014-06-30",
    "symbol": "USB",
    "reportedCurrency": "USD",
    "cik": "0000036104",
    "fillingDate": "2014-08-06",
    "acceptedDate": "2014-08-06 14:14:21",
    "calendarYear": "2014",
    "period": "Q2",
    "revenue": 5491000000,
    "costOfRevenue": 682000000,
    "grossProfit": 4809000000,
    "grossProfitRatio": 0.8757967583,
    "researchAndDevelopmentExpenses": 0,
    "generalAndAdministrativeExpenses": 1382000000,
    "sellingAndMarketingExpenses": 96000000,
    "sellingGeneralAndAdministrativeExpenses": 1478000000,
    "otherExpenses": 1275000000,
    "operatingExpenses": 2753000000,
    "costAndExpenses": 3435000000,
    "interestIncome": 3047000000,
    "interestExpense": 358000000,
    "depreciationAndAmortization": 123000000,
    "ebitda": 2179000000,
    "ebitdaratio": 0.3968311783,
    "operatingIncome": 2056000000,
    "operatingIncomeRatio": 0.3744308869,
    "totalOtherIncomeExpensesNet": 0,
    "incomeBeforeTax": 2056000000,
    "incomeBeforeTaxRatio": 0.3744308869,
    "incomeTaxExpense": 547000000,
    "netIncome": 1495000000,
    "netIncomeRatio": 0.2722637042,
    "eps": 0.79,
    "epsdiluted": 0.78,
    "weightedAverageShsOut": 1811000000,
    "weightedAverageShsOutDil": 1821000000,
    "link": "https://www.sec.gov/Archives/edgar/data/36104/000119312514297896/0001193125-14-297896-index.htm",
    "finalLink": "https://www.sec.gov/Archives/edgar/data/36104/000119312514297896/d735676d10q.htm"
  },
  {
    "date": "2014-03-31",
    "symbol": "USB",
    "reportedCurrency": "USD",
    "cik": "0000036104",
    "fillingDate": "2014-05-07",
    "acceptedDate": "2014-05-07 15:09:34",
    "calendarYear": "2014",
    "period": "Q1",
    "revenue": 5130000000,
    "costOfRevenue": 678000000,
    "grossProfit": 4452000000,
    "grossProfitRatio": 0.8678362573,
    "researchAndDevelopmentExpenses": 0,
    "generalAndAdministrativeExpenses": 1404000000,
    "sellingAndMarketingExpenses": 79000000,
    "sellingGeneralAndAdministrativeExpenses": 1483000000,
    "otherExpenses": 1061000000,
    "operatingExpenses": 2544000000,
    "costAndExpenses": 3222000000,
    "interestIncome": 3022000000,
    "interestExpense": 372000000,
    "depreciationAndAmortization": 123000000,
    "ebitda": 2031000000,
    "ebitdaratio": 0.3959064327,
    "operatingIncome": 1908000000,
    "operatingIncomeRatio": 0.3719298246,
    "totalOtherIncomeExpensesNet": 0,
    "incomeBeforeTax": 1908000000,
    "incomeBeforeTaxRatio": 0.3719298246,
    "incomeTaxExpense": 496000000,
    "netIncome": 1397000000,
    "netIncomeRatio": 0.2723196881,
    "eps": 0.73,
    "epsdiluted": 0.73,
    "weightedAverageShsOut": 1818000000,
    "weightedAverageShsOutDil": 1828000000,
    "link": "https://www.sec.gov/Archives/edgar/data/36104/000119312514187251/0001193125-14-187251-index.htm",
    "finalLink": "https://www.sec.gov/Archives/edgar/data/36104/000119312514187251/d694900d10q.htm"
  },
  {
    "date": "2013-12-31",
    "symbol": "USB",
    "reportedCurrency": "USD",
    "cik": "0000036104",
    "fillingDate": "2014-02-21",
    "acceptedDate": "2014-02-21 14:41:09",
    "calendarYear": "2013",
    "period": "Q4",
    "revenue": 5224000000,
    "costOfRevenue": 668000000,
    "grossProfit": 4556000000,
    "grossProfitRatio": 0.8721286371,
    "researchAndDevelopmentExpenses": 0,
    "generalAndAdministrativeExpenses": 1378000000,
    "sellingAndMarketingExpenses": 103000000,
    "sellingGeneralAndAdministrativeExpenses": 1481000000,
    "otherExpenses": 1201000000,
    "operatingExpenses": 2682000000,
    "costAndExpenses": 3350000000,
    "interestIncome": 3068000000,
    "interestExpense": 391000000,
    "depreciationAndAmortization": 131000000,
    "ebitda": 2005000000,
    "ebitdaratio": 0.383805513,
    "operatingIncome": 1874000000,
    "operatingIncomeRatio": 0.3587289433,
    "totalOtherIncomeExpensesNet": 0,
    "incomeBeforeTax": 1874000000,
    "incomeBeforeTaxRatio": 0.3587289433,
    "incomeTaxExpense": 403000000,
    "netIncome": 1456000000,
    "netIncomeRatio": 0.2787136294,
    "eps": 0.76,
    "epsdiluted": 0.76,
    "weightedAverageShsOut": 1821000000,
    "weightedAverageShsOutDil": 1832000000,
    "link": "https://www.sec.gov/Archives/edgar/data/36104/000119312514062530/0001193125-14-062530-index.htm",
    "finalLink": "https://www.sec.gov/Archives/edgar/data/36104/000119312514062530/d633758d10k.htm"
  },
  {
    "date": "2013-09-30",
    "symbol": "USB",
    "reportedCurrency": "USD",
    "cik": "0000036104",
    "fillingDate": "2013-11-01",
    "acceptedDate": "2013-11-01 15:04:06",
    "calendarYear": "2013",
    "period": "Q3",
    "revenue": 5245000000,
    "costOfRevenue": 708000000,
    "grossProfit": 4537000000,
    "grossProfitRatio": 0.8650142993,
    "researchAndDevelopmentExpenses": 0,
    "generalAndAdministrativeExpenses": 1366000000,
    "sellingAndMarketingExpenses": 85000000,
    "sellingGeneralAndAdministrativeExpenses": 1451000000,
    "otherExpenses": 1114000000,
    "operatingExpenses": 2565000000,
    "costAndExpenses": 3273000000,
    "interestIncome": 3068000000,
    "interestExpense": 410000000,
    "depreciationAndAmortization": 129000000,
    "ebitda": 2101000000,
    "ebitdaratio": 0.4005719733,
    "operatingIncome": 1972000000,
    "operatingIncomeRatio": 0.3759771211,
    "totalOtherIncomeExpensesNet": 0,
    "incomeBeforeTax": 1972000000,
    "incomeBeforeTaxRatio": 0.3759771211,
    "incomeTaxExpense": 542000000,
    "netIncome": 1468000000,
    "netIncomeRatio": 0.2798856053,
    "eps": 0.76,
    "epsdiluted": 0.76,
    "weightedAverageShsOut": 1832000000,
    "weightedAverageShsOutDil": 1843000000,
    "link": "https://www.sec.gov/Archives/edgar/data/36104/000119312513422783/0001193125-13-422783-index.htm",
    "finalLink": "https://www.sec.gov/Archives/edgar/data/36104/000119312513422783/d595135d10q.htm"
  },
  {
    "date": "2013-06-30",
    "symbol": "USB",
    "reportedCurrency": "USD",
    "cik": "0000036104",
    "fillingDate": "2013-08-07",
    "acceptedDate": "2013-08-07 16:49:15",
    "calendarYear": "2013",
    "period": "Q2",
    "revenue": 5314000000,
    "costOfRevenue": 784000000,
    "grossProfit": 4530000000,
    "grossProfitRatio": 0.8524651863,
    "researchAndDevelopmentExpenses": 0,
    "generalAndAdministrativeExpenses": 1375000000,
    "sellingAndMarketingExpenses": 96000000,
    "sellingGeneralAndAdministrativeExpenses": 1471000000,
    "otherExpenses": 1086000000,
    "operatingExpenses": 2557000000,
    "costAndExpenses": 3341000000,
    "interestIncome": 3038000000,
    "interestExpense": 422000000,
    "depreciationAndAmortization": 129000000,
    "ebitda": 2102000000,
    "ebitdaratio": 0.395558901,
    "operatingIncome": 1973000000,
    "operatingIncomeRatio": 0.3712834023,
    "totalOtherIncomeExpensesNet": 0,
    "incomeBeforeTax": 1973000000,
    "incomeBeforeTaxRatio": 0.3712834023,
    "incomeTaxExpense": 529000000,
    "netIncome": 1484000000,
    "netIncomeRatio": 0.2792623259,
    "eps": 0.76,
    "epsdiluted": 0.76,
    "weightedAverageShsOut": 1843000000,
    "weightedAverageShsOutDil": 1853000000,
    "link": "https://www.sec.gov/Archives/edgar/data/36104/000119312513324389/0001193125-13-324389-index.htm",
    "finalLink": "https://www.sec.gov/Archives/edgar/data/36104/000119312513324389/d544929d10q.htm"
  },
  {
    "date": "2013-03-31",
    "symbol": "USB",
    "reportedCurrency": "USD",
    "cik": "0000036104",
    "fillingDate": "2013-05-03",
    "acceptedDate": "2013-05-03 16:09:44",
    "calendarYear": "2013",
    "period": "Q1",
    "revenue": 5276000000,
    "costOfRevenue": 861000000,
    "grossProfit": 4415000000,
    "grossProfitRatio": 0.836808188,
    "researchAndDevelopmentExpenses": 0,
    "generalAndAdministrativeExpenses": 1392000000,
    "sellingAndMarketingExpenses": 73000000,
    "sellingGeneralAndAdministrativeExpenses": 1465000000,
    "otherExpenses": 1005000000,
    "operatingExpenses": 2470000000,
    "costAndExpenses": 3331000000,
    "interestIncome": 3111000000,
    "interestExpense": 458000000,
    "depreciationAndAmortization": 131000000,
    "ebitda": 2076000000,
    "ebitdaratio": 0.393479909,
    "operatingIncome": 1945000000,
    "operatingIncomeRatio": 0.3686504928,
    "totalOtherIncomeExpensesNet": 0,
    "incomeBeforeTax": 1945000000,
    "incomeBeforeTaxRatio": 0.3686504928,
    "incomeTaxExpense": 558000000,
    "netIncome": 1428000000,
    "netIncomeRatio": 0.2706595906,
    "eps": 0.73,
    "epsdiluted": 0.73,
    "weightedAverageShsOut": 1858000000,
    "weightedAverageShsOutDil": 1867000000,
    "link": "https://www.sec.gov/Archives/edgar/data/36104/000119312513199123/0001193125-13-199123-index.htm",
    "finalLink": "https://www.sec.gov/Archives/edgar/data/36104/000119312513199123/d500358d10q.htm"
  },
  {
    "date": "2012-12-31",
    "symbol": "USB",
    "reportedCurrency": "USD",
    "cik": "0000036104",
    "fillingDate": "2013-02-22",
    "acceptedDate": "2013-02-22 13:10:06",
    "calendarYear": "2012",
    "period": "Q4",
    "revenue": 5461000000,
    "costOfRevenue": 912000000,
    "grossProfit": 4549000000,
    "grossProfitRatio": 0.8329976195,
    "researchAndDevelopmentExpenses": 0,
    "generalAndAdministrativeExpenses": 1088000000,
    "sellingAndMarketingExpenses": 103000000,
    "sellingGeneralAndAdministrativeExpenses": 1191000000,
    "otherExpenses": 1431000000,
    "operatingExpenses": 2622000000,
    "costAndExpenses": 3534000000,
    "interestIncome": 3196000000,
    "interestExpense": 469000000,
    "depreciationAndAmortization": 141000000,
    "ebitda": 2068000000,
    "ebitdaratio": 0.3786852225,
    "operatingIncome": 1927000000,
    "operatingIncomeRatio": 0.3528657755,
    "totalOtherIncomeExpensesNet": 0,
    "incomeBeforeTax": 1927000000,
    "incomeBeforeTaxRatio": 0.3528657755,
    "incomeTaxExpense": 552000000,
    "netIncome": 1420000000,
    "netIncomeRatio": 0.2600256363,
    "eps": 0.72,
    "epsdiluted": 0.72,
    "weightedAverageShsOut": 1872339000,
    "weightedAverageShsOutDil": 1880000000,
    "link": "https://www.sec.gov/Archives/edgar/data/36104/000119312513071069/0001193125-13-071069-index.htm",
    "finalLink": "https://www.sec.gov/Archives/edgar/data/36104/000119312513071069/d445313d10k.htm"
  },
  {
    "date": "2012-09-30",
    "symbol": "USB",
    "reportedCurrency": "USD",
    "cik": "0000036104",
    "fillingDate": "2012-11-05",
    "acceptedDate": "2012-11-05 15:16:51",
    "calendarYear": "2012",
    "period": "Q3",
    "revenue": 5623000000,
    "costOfRevenue": 989000000,
    "grossProfit": 4634000000,
    "grossProfitRatio": 0.824115241,
    "researchAndDevelopmentExpenses": 0,
    "generalAndAdministrativeExpenses": 1334000000,
    "sellingAndMarketingExpenses": 96000000,
    "sellingGeneralAndAdministrativeExpenses": 1430000000,
    "otherExpenses": 1179000000,
    "operatingExpenses": 2609000000,
    "costAndExpenses": 3598000000,
    "interestIncome": 3227000000,
    "interestExpense": 501000000,
    "depreciationAndAmortization": 139000000,
    "ebitda": 2164000000,
    "ebitdaratio": 0.3848479459,
    "operatingIncome": 2025000000,
    "operatingIncomeRatio": 0.3601280455,
    "totalOtherIncomeExpensesNet": 0,
    "incomeBeforeTax": 2025000000,
    "incomeBeforeTaxRatio": 0.3601280455,
    "incomeTaxExpense": 593000000,
    "netIncome": 1474000000,
    "netIncomeRatio": 0.2621376489,
    "eps": 0.74,
    "epsdiluted": 0.74,
    "weightedAverageShsOut": 1886000000,
    "weightedAverageShsOutDil": 1897000000,
    "link": "https://www.sec.gov/Archives/edgar/data/36104/000119312512451606/0001193125-12-451606-index.htm",
    "finalLink": "https://www.sec.gov/Archives/edgar/data/36104/000119312512451606/d406579d10q.htm"
  },
  {
    "date": "2012-06-30",
    "symbol": "USB",
    "reportedCurrency": "USD",
    "cik": "0000036104",
    "fillingDate": "2012-08-03",
    "acceptedDate": "2012-08-03 13:55:14",
    "calendarYear": "2012",
    "period": "Q2",
    "revenue": 5583000000,
    "costOfRevenue": 1040000000,
    "grossProfit": 4543000000,
    "grossProfitRatio": 0.8137202221,
    "researchAndDevelopmentExpenses": 0,
    "generalAndAdministrativeExpenses": 1305000000,
    "sellingAndMarketingExpenses": 80000000,
    "sellingGeneralAndAdministrativeExpenses": 1385000000,
    "otherExpenses": 1216000000,
    "operatingExpenses": 2601000000,
    "costAndExpenses": 3641000000,
    "interestIncome": 3228000000,
    "interestExpense": 570000000,
    "depreciationAndAmortization": 141000000,
    "ebitda": 2083000000,
    "ebitdaratio": 0.3730969013,
    "operatingIncome": 1942000000,
    "operatingIncomeRatio": 0.3478416622,
    "totalOtherIncomeExpensesNet": 0,
    "incomeBeforeTax": 1942000000,
    "incomeBeforeTaxRatio": 0.3478416622,
    "incomeTaxExpense": 564000000,
    "netIncome": 1415000000,
    "netIncomeRatio": 0.253447967,
    "eps": 0.71,
    "epsdiluted": 0.71,
    "weightedAverageShsOut": 1888000000,
    "weightedAverageShsOutDil": 1898000000,
    "link": "https://www.sec.gov/Archives/edgar/data/36104/000119312512334354/0001193125-12-334354-index.htm",
    "finalLink": "https://www.sec.gov/Archives/edgar/data/36104/000119312512334354/d354826d10q.htm"
  },
  {
    "date": "2012-03-31",
    "symbol": "USB",
    "reportedCurrency": "USD",
    "cik": "0000036104",
    "fillingDate": "2012-05-07",
    "acceptedDate": "2012-05-04 21:24:06",
    "calendarYear": "2012",
    "period": "Q1",
    "revenue": 5471000000,
    "costOfRevenue": 1079000000,
    "grossProfit": 4392000000,
    "grossProfitRatio": 0.8027782855,
    "researchAndDevelopmentExpenses": 0,
    "generalAndAdministrativeExpenses": 1312000000,
    "sellingAndMarketingExpenses": 109000000,
    "sellingGeneralAndAdministrativeExpenses": 1421000000,
    "otherExpenses": 1139000000,
    "operatingExpenses": 2560000000,
    "costAndExpenses": 3639000000,
    "interestIncome": 3232000000,
    "interestExpense": 598000000,
    "depreciationAndAmortization": 140000000,
    "ebitda": 1972000000,
    "ebitdaratio": 0.3604459879,
    "operatingIncome": 1832000000,
    "operatingIncomeRatio": 0.3348565162,
    "totalOtherIncomeExpensesNet": 0,
    "incomeBeforeTax": 1832000000,
    "incomeBeforeTaxRatio": 0.3348565162,
    "incomeTaxExpense": 527000000,
    "netIncome": 1338000000,
    "netIncomeRatio": 0.2445622373,
    "eps": 0.68,
    "epsdiluted": 0.67,
    "weightedAverageShsOut": 1901000000,
    "weightedAverageShsOutDil": 1910000000,
    "link": "https://www.sec.gov/Archives/edgar/data/36104/000119312512212780/0001193125-12-212780-index.htm",
    "finalLink": "https://www.sec.gov/Archives/edgar/data/36104/000119312512212780/d317330d10q.htm"
  },
  {
    "date": "2011-12-31",
    "symbol": "USB",
    "reportedCurrency": "USD",
    "cik": "0000036104",
    "fillingDate": "2012-02-23",
    "acceptedDate": "2012-02-23 15:31:05",
    "calendarYear": "2011",
    "period": "Q4",
    "revenue": 5342000000,
    "costOfRevenue": 1100000000,
    "grossProfit": 4242000000,
    "grossProfitRatio": 0.7940846125,
    "researchAndDevelopmentExpenses": 0,
    "generalAndAdministrativeExpenses": 470000000,
    "sellingAndMarketingExpenses": 112000000,
    "sellingGeneralAndAdministrativeExpenses": 582000000,
    "otherExpenses": 1805000000,
    "operatingExpenses": 2387000000,
    "costAndExpenses": 3487000000,
    "interestIncome": 3220000000,
    "interestExpense": 603000000,
    "depreciationAndAmortization": 144000000,
    "ebitda": 1999000000,
    "ebitdaratio": 0.3742044178,
    "operatingIncome": 1855000000,
    "operatingIncomeRatio": 0.3472482216,
    "totalOtherIncomeExpensesNet": 0,
    "incomeBeforeTax": 1855000000,
    "incomeBeforeTaxRatio": 0.3472482216,
    "incomeTaxExpense": 527000000,
    "netIncome": 1350000000,
    "netIncomeRatio": 0.2527143392,
    "eps": 0.69,
    "epsdiluted": 0.69,
    "weightedAverageShsOut": 1904000000,
    "weightedAverageShsOutDil": 1911000000,
    "link": "https://www.sec.gov/Archives/edgar/data/36104/000119312512075125/0001193125-12-075125-index.htm",
    "finalLink": "https://www.sec.gov/Archives/edgar/data/36104/000119312512075125/d261300d10k.htm"
  },
  {
    "date": "2011-09-30",
    "symbol": "USB",
    "reportedCurrency": "USD",
    "cik": "0000036104",
    "fillingDate": "2011-11-04",
    "acceptedDate": "2011-11-04 17:16:24",
    "calendarYear": "2011",
    "period": "Q3",
    "revenue": 5380000000,
    "costOfRevenue": 1153000000,
    "grossProfit": 4227000000,
    "grossProfitRatio": 0.7856877323,
    "researchAndDevelopmentExpenses": 0,
    "generalAndAdministrativeExpenses": 1300000000,
    "sellingAndMarketingExpenses": 102000000,
    "sellingGeneralAndAdministrativeExpenses": 1402000000,
    "otherExpenses": 1083000000,
    "operatingExpenses": 2485000000,
    "costAndExpenses": 3638000000,
    "interestIncome": 3200000000,
    "interestExpense": 634000000,
    "depreciationAndAmortization": 143000000,
    "ebitda": 1885000000,
    "ebitdaratio": 0.3503717472,
    "operatingIncome": 1742000000,
    "operatingIncomeRatio": 0.3237918216,
    "totalOtherIncomeExpensesNet": 0,
    "incomeBeforeTax": 1742000000,
    "incomeBeforeTaxRatio": 0.3237918216,
    "incomeTaxExpense": 490000000,
    "netIncome": 1273000000,
    "netIncomeRatio": 0.2366171004,
    "eps": 0.65,
    "epsdiluted": 0.64,
    "weightedAverageShsOut": 1915000000,
    "weightedAverageShsOutDil": 1922000000,
    "link": "https://www.sec.gov/Archives/edgar/data/36104/000095012311095416/0000950123-11-095416-index.htm",
    "finalLink": "https://www.sec.gov/Archives/edgar/data/36104/000095012311095416/c66223e10vq.htm"
  },
  {
    "date": "2011-06-30",
    "symbol": "USB",
    "reportedCurrency": "USD",
    "cik": "0000036104",
    "fillingDate": "2011-08-08",
    "acceptedDate": "2011-08-08 16:10:31",
    "calendarYear": "2011",
    "period": "Q2",
    "revenue": 5265000000,
    "costOfRevenue": 1203000000,
    "grossProfit": 4062000000,
    "grossProfitRatio": 0.7715099715,
    "researchAndDevelopmentExpenses": 0,
    "generalAndAdministrativeExpenses": 1479000000,
    "sellingAndMarketingExpenses": 90000000,
    "sellingGeneralAndAdministrativeExpenses": 1569000000,
    "otherExpenses": 856000000,
    "operatingExpenses": 2425000000,
    "costAndExpenses": 3628000000,
    "interestIncome": 3119000000,
    "interestExpense": 631000000,
    "depreciationAndAmortization": 141000000,
    "ebitda": 1778000000,
    "ebitdaratio": 0.3377018044,
    "operatingIncome": 1637000000,
    "operatingIncomeRatio": 0.3109211776,
    "totalOtherIncomeExpensesNet": 0,
    "incomeBeforeTax": 1637000000,
    "incomeBeforeTaxRatio": 0.3109211776,
    "incomeTaxExpense": 458000000,
    "netIncome": 1203000000,
    "netIncomeRatio": 0.2284900285,
    "eps": 0.61,
    "epsdiluted": 0.6,
    "weightedAverageShsOut": 1921000000,
    "weightedAverageShsOutDil": 1929000000,
    "link": "https://www.sec.gov/Archives/edgar/data/36104/000095012311074425/0000950123-11-074425-index.htm",
    "finalLink": "https://www.sec.gov/Archives/edgar/data/36104/000095012311074425/c64684e10vq.htm"
  },
  {
    "date": "2011-03-31",
    "symbol": "USB",
    "reportedCurrency": "USD",
    "cik": "0000036104",
    "fillingDate": "2011-05-06",
    "acceptedDate": "2011-05-06 16:17:07",
    "calendarYear": "2011",
    "period": "Q1",
    "revenue": 5118000000,
    "costOfRevenue": 1403000000,
    "grossProfit": 3715000000,
    "grossProfitRatio": 0.7258694803,
    "researchAndDevelopmentExpenses": 0,
    "generalAndAdministrativeExpenses": 1263000000,
    "sellingAndMarketingExpenses": 65000000,
    "sellingGeneralAndAdministrativeExpenses": 1328000000,
    "otherExpenses": 992000000,
    "operatingExpenses": 2320000000,
    "costAndExpenses": 3723000000,
    "interestIncome": 3100000000,
    "interestExpense": 648000000,
    "depreciationAndAmortization": 137000000,
    "ebitda": 1532000000,
    "ebitdaratio": 0.299335678,
    "operatingIncome": 1395000000,
    "operatingIncomeRatio": 0.2725674091,
    "totalOtherIncomeExpensesNet": 0,
    "incomeBeforeTax": 1395000000,
    "incomeBeforeTaxRatio": 0.2725674091,
    "incomeTaxExpense": 366000000,
    "netIncome": 1046000000,
    "netIncomeRatio": 0.2043767097,
    "eps": 0.52,
    "epsdiluted": 0.52,
    "weightedAverageShsOut": 1918000000,
    "weightedAverageShsOutDil": 1928000000,
    "link": "https://www.sec.gov/Archives/edgar/data/36104/000095012311046628/0000950123-11-046628-index.htm",
    "finalLink": "https://www.sec.gov/Archives/edgar/data/36104/000095012311046628/c63321e10vq.htm"
  },
  {
    "date": "2010-12-31",
    "symbol": "USB",
    "reportedCurrency": "USD",
    "cik": "0000036104",
    "fillingDate": "2011-02-28",
    "acceptedDate": "2011-02-28 17:14:25",
    "calendarYear": "2010",
    "period": "Q4",
    "revenue": 5315000000,
    "costOfRevenue": 1559000000,
    "grossProfit": 3756000000,
    "grossProfitRatio": 0.7066792098,
    "researchAndDevelopmentExpenses": 0,
    "generalAndAdministrativeExpenses": 947000000,
    "sellingAndMarketingExpenses": 106000000,
    "sellingGeneralAndAdministrativeExpenses": 1053000000,
    "otherExpenses": 1432000000,
    "operatingExpenses": 2485000000,
    "costAndExpenses": 4044000000,
    "interestIncome": 3093000000,
    "interestExpense": 647000000,
    "depreciationAndAmortization": 89000000,
    "ebitda": 1360000000,
    "ebitdaratio": 0.2558795861,
    "operatingIncome": 1271000000,
    "operatingIncomeRatio": 0.2391345249,
    "totalOtherIncomeExpensesNet": 0,
    "incomeBeforeTax": 1271000000,
    "incomeBeforeTaxRatio": 0.2391345249,
    "incomeTaxExpense": 315000000,
    "netIncome": 974000000,
    "netIncomeRatio": 0.1832549389,
    "eps": 0.5,
    "epsdiluted": 0.49,
    "weightedAverageShsOut": 1914000000,
    "weightedAverageShsOutDil": 1922000000,
    "link": "https://www.sec.gov/Archives/edgar/data/36104/000095012311019888/0000950123-11-019888-index.htm",
    "finalLink": "https://www.sec.gov/Archives/edgar/data/36104/000095012311019888/x59846e10vk.htm"
  },
  {
    "date": "2010-09-30",
    "symbol": "USB",
    "reportedCurrency": "USD",
    "cik": "0000036104",
    "fillingDate": "2010-11-08",
    "acceptedDate": "2010-11-08 16:48:03",
    "calendarYear": "2010",
    "period": "Q3",
    "revenue": 5187000000,
    "costOfRevenue": 1648000000,
    "grossProfit": 3539000000,
    "grossProfitRatio": 0.6822826297,
    "researchAndDevelopmentExpenses": 0,
    "generalAndAdministrativeExpenses": 1404000000,
    "sellingAndMarketingExpenses": 108000000,
    "sellingGeneralAndAdministrativeExpenses": 1512000000,
    "otherExpenses": 873000000,
    "operatingExpenses": 2385000000,
    "costAndExpenses": 4033000000,
    "interestIncome": 3077000000,
    "interestExpense": 653000000,
    "depreciationAndAmortization": 90000000,
    "ebitda": 1244000000,
    "ebitdaratio": 0.2398303451,
    "operatingIncome": 1154000000,
    "operatingIncomeRatio": 0.2224792751,
    "totalOtherIncomeExpensesNet": 0,
    "incomeBeforeTax": 1154000000,
    "incomeBeforeTaxRatio": 0.2224792751,
    "incomeTaxExpense": 260000000,
    "netIncome": 908000000,
    "netIncomeRatio": 0.1750530172,
    "eps": 0.46,
    "epsdiluted": 0.45,
    "weightedAverageShsOut": 1913000000,
    "weightedAverageShsOutDil": 1920000000,
    "link": "https://www.sec.gov/Archives/edgar/data/36104/000095012310102514/0000950123-10-102514-index.htm",
    "finalLink": "https://www.sec.gov/Archives/edgar/data/36104/000095012310102514/c59631e10vq.htm"
  },
  {
    "date": "2010-06-30",
    "symbol": "USB",
    "reportedCurrency": "USD",
    "cik": "0000036104",
    "fillingDate": "2010-08-06",
    "acceptedDate": "2010-08-06 16:52:03",
    "calendarYear": "2010",
    "period": "Q2",
    "revenue": 5105000000,
    "costOfRevenue": 1777000000,
    "grossProfit": 3328000000,
    "grossProfitRatio": 0.6519098923,
    "researchAndDevelopmentExpenses": 0,
    "generalAndAdministrativeExpenses": 1379000000,
    "sellingAndMarketingExpenses": 86000000,
    "sellingGeneralAndAdministrativeExpenses": 1465000000,
    "otherExpenses": 912000000,
    "operatingExpenses": 2377000000,
    "costAndExpenses": 4154000000,
    "interestIncome": 2995000000,
    "interestExpense": 638000000,
    "depreciationAndAmortization": 91000000,
    "ebitda": 1042000000,
    "ebitdaratio": 0.2041136141,
    "operatingIncome": 951000000,
    "operatingIncomeRatio": 0.186287953,
    "totalOtherIncomeExpensesNet": 0,
    "incomeBeforeTax": 951000000,
    "incomeBeforeTaxRatio": 0.186287953,
    "incomeTaxExpense": 199000000,
    "netIncome": 766000000,
    "netIncomeRatio": 0.1500489716,
    "eps": 0.45,
    "epsdiluted": 0.45,
    "weightedAverageShsOut": 1912000000,
    "weightedAverageShsOutDil": 1921000000,
    "link": "https://www.sec.gov/Archives/edgar/data/36104/000095012310074384/0000950123-10-074384-index.htm",
    "finalLink": "https://www.sec.gov/Archives/edgar/data/36104/000095012310074384/c58151e10vq.htm"
  },
  {
    "date": "2010-03-31",
    "symbol": "USB",
    "reportedCurrency": "USD",
    "cik": "0000036104",
    "fillingDate": "2010-05-07",
    "acceptedDate": "2010-05-07 16:56:30",
    "calendarYear": "2010",
    "period": "Q1",
    "revenue": 4911000000,
    "costOfRevenue": 1951000000,
    "grossProfit": 2960000000,
    "grossProfitRatio": 0.6027285685,
    "researchAndDevelopmentExpenses": 0,
    "generalAndAdministrativeExpenses": 1300000000,
    "sellingAndMarketingExpenses": 60000000,
    "sellingGeneralAndAdministrativeExpenses": 1360000000,
    "otherExpenses": 776000000,
    "operatingExpenses": 2136000000,
    "costAndExpenses": 4087000000,
    "interestIncome": 2993000000,
    "interestExpense": 641000000,
    "depreciationAndAmortization": 97000000,
    "ebitda": 921000000,
    "ebitdaratio": 0.1875381796,
    "operatingIncome": 824000000,
    "operatingIncomeRatio": 0.1677866015,
    "totalOtherIncomeExpensesNet": 0,
    "incomeBeforeTax": 824000000,
    "incomeBeforeTaxRatio": 0.1677866015,
    "incomeTaxExpense": 161000000,
    "netIncome": 669000000,
    "netIncomeRatio": 0.1362248015,
    "eps": 0.34,
    "epsdiluted": 0.34,
    "weightedAverageShsOut": 1910000000,
    "weightedAverageShsOutDil": 1919000000,
    "link": "https://www.sec.gov/Archives/edgar/data/36104/000095012310046495/0000950123-10-046495-index.htm",
    "finalLink": "https://www.sec.gov/Archives/edgar/data/36104/000095012310046495/c56751e10vq.htm"
  },
  {
    "date": "2009-12-31",
    "symbol": "USB",
    "reportedCurrency": "USD",
    "cik": "0000036104",
    "fillingDate": "2010-02-26",
    "acceptedDate": "2010-02-26 16:05:04",
    "calendarYear": "2009",
    "period": "Q4",
    "revenue": 5923000000,
    "costOfRevenue": 2052000000,
    "grossProfit": 3871000000,
    "grossProfitRatio": 0.6535539423,
    "researchAndDevelopmentExpenses": 0,
    "generalAndAdministrativeExpenses": 743000000,
    "sellingAndMarketingExpenses": 378000000,
    "sellingGeneralAndAdministrativeExpenses": 1121000000,
    "otherExpenses": 2040000000,
    "operatingExpenses": 3161000000,
    "costAndExpenses": 5213000000,
    "interestIncome": 2974000000,
    "interestExpense": 664000000,
    "depreciationAndAmortization": 107000000,
    "ebitda": 817000000,
    "ebitdaratio": 0.1379368563,
    "operatingIncome": 710000000,
    "operatingIncomeRatio": 0.1198716866,
    "totalOtherIncomeExpensesNet": 0,
    "incomeBeforeTax": 710000000,
    "incomeBeforeTaxRatio": 0.1198716866,
    "incomeTaxExpense": 108000000,
    "netIncome": 602000000,
    "netIncomeRatio": 0.1016376836,
    "eps": 0.3,
    "epsdiluted": 0.3,
    "weightedAverageShsOut": 1908000000,
    "weightedAverageShsOutDil": 1917000000,
    "link": "https://www.sec.gov/Archives/edgar/data/36104/000095012310018123/0000950123-10-018123-index.htm",
    "finalLink": "https://www.sec.gov/Archives/edgar/data/36104/000095012310018123/x55114e10vk.htm"
  },
  {
    "date": "2009-09-30",
    "symbol": "USB",
    "reportedCurrency": "USD",
    "cik": "0000036104",
    "fillingDate": "2009-11-06",
    "acceptedDate": "2009-11-06 17:29:47",
    "calendarYear": "2009",
    "period": "Q3",
    "revenue": 4950000000,
    "costOfRevenue": 2206000000,
    "grossProfit": 2744000000,
    "grossProfitRatio": 0.5543434343,
    "researchAndDevelopmentExpenses": 0,
    "generalAndAdministrativeExpenses": 975000000,
    "sellingAndMarketingExpenses": 137000000,
    "sellingGeneralAndAdministrativeExpenses": 1112000000,
    "otherExpenses": 941000000,
    "operatingExpenses": 2053000000,
    "costAndExpenses": 4259000000,
    "interestIncome": 2857000000,
    "interestExpense": 750000000,
    "depreciationAndAmortization": 94000000,
    "ebitda": 785000000,
    "ebitdaratio": 0.1585858586,
    "operatingIncome": 691000000,
    "operatingIncomeRatio": 0.1395959596,
    "totalOtherIncomeExpensesNet": 0,
    "incomeBeforeTax": 691000000,
    "incomeBeforeTaxRatio": 0.1395959596,
    "incomeTaxExpense": 86000000,
    "netIncome": 603000000,
    "netIncomeRatio": 0.1218181818,
    "eps": 0.31,
    "epsdiluted": 0.3,
    "weightedAverageShsOut": 1908000000,
    "weightedAverageShsOutDil": 1917000000,
    "link": "https://www.sec.gov/Archives/edgar/data/36104/000095012309059477/0000950123-09-059477-index.htm",
    "finalLink": "https://www.sec.gov/Archives/edgar/data/36104/000095012309059477/c52971e10vq.htm"
  },
  {
    "date": "2009-06-30",
    "symbol": "USB",
    "reportedCurrency": "USD",
    "cik": "0000036104",
    "fillingDate": "2009-08-10",
    "acceptedDate": "2009-08-10 17:09:12",
    "calendarYear": "2009",
    "period": "Q2",
    "revenue": 4583000000,
    "costOfRevenue": 2181000000,
    "grossProfit": 2402000000,
    "grossProfitRatio": 0.5241108444,
    "researchAndDevelopmentExpenses": 0,
    "generalAndAdministrativeExpenses": 976000000,
    "sellingAndMarketingExpenses": 0,
    "sellingGeneralAndAdministrativeExpenses": 976000000,
    "otherExpenses": 841000000,
    "operatingExpenses": 1817000000,
    "costAndExpenses": 3998000000,
    "interestIncome": 2840000000,
    "interestExpense": 786000000,
    "depreciationAndAmortization": 95000000,
    "ebitda": 680000000,
    "ebitdaratio": 0.1483744272,
    "operatingIncome": 585000000,
    "operatingIncomeRatio": 0.127645647,
    "totalOtherIncomeExpensesNet": 0,
    "incomeBeforeTax": 585000000,
    "incomeBeforeTaxRatio": 0.127645647,
    "incomeTaxExpense": 100000000,
    "netIncome": 471000000,
    "netIncomeRatio": 0.1027711106,
    "eps": 0.12,
    "epsdiluted": 0.12,
    "weightedAverageShsOut": 1833000000,
    "weightedAverageShsOutDil": 1840000000,
    "link": "https://www.sec.gov/Archives/edgar/data/36104/000095012309033037/0000950123-09-033037-index.htm",
    "finalLink": "https://www.sec.gov/Archives/edgar/data/36104/000095012309033037/c52491e10vq.htm"
  },
  {
    "date": "2009-03-31",
    "symbol": "USB",
    "reportedCurrency": "USD",
    "cik": "0000036104",
    "fillingDate": "2009-05-08",
    "acceptedDate": "2009-05-08 14:46:20",
    "calendarYear": "2009",
    "period": "Q1",
    "revenue": 4372000000,
    "costOfRevenue": 2138000000,
    "grossProfit": 2234000000,
    "grossProfitRatio": 0.510978957,
    "researchAndDevelopmentExpenses": 0,
    "generalAndAdministrativeExpenses": 1015000000,
    "sellingAndMarketingExpenses": 0,
    "sellingGeneralAndAdministrativeExpenses": 1015000000,
    "otherExpenses": 573000000,
    "operatingExpenses": 1588000000,
    "costAndExpenses": 3726000000,
    "interestIncome": 2867000000,
    "interestExpense": 820000000,
    "depreciationAndAmortization": 91000000,
    "ebitda": 737000000,
    "ebitdaratio": 0.1685727356,
    "operatingIncome": 646000000,
    "operatingIncomeRatio": 0.1477584629,
    "totalOtherIncomeExpensesNet": 0,
    "incomeBeforeTax": 646000000,
    "incomeBeforeTaxRatio": 0.1477584629,
    "incomeTaxExpense": 101000000,
    "netIncome": 529000000,
    "netIncomeRatio": 0.1209972553,
    "eps": 0.24,
    "epsdiluted": 0.24,
    "weightedAverageShsOut": 1754000000,
    "weightedAverageShsOutDil": 1760000000,
    "link": "https://www.sec.gov/Archives/edgar/data/36104/000095013709003749/0000950137-09-003749-index.htm",
    "finalLink": "https://www.sec.gov/Archives/edgar/data/36104/000095013709003749/c50458e10vq.htm"
  },
  {
    "date": "2008-12-31",
    "symbol": "USB",
    "reportedCurrency": "USD",
    "cik": "0000036104",
    "fillingDate": "2009-03-02",
    "acceptedDate": "2009-03-02 15:28:35",
    "calendarYear": "2008",
    "period": "Q4",
    "revenue": 4604000000,
    "costOfRevenue": 2287000000,
    "grossProfit": 2317000000,
    "grossProfitRatio": 0.5032580365,
    "researchAndDevelopmentExpenses": 0,
    "generalAndAdministrativeExpenses": 894000000,
    "sellingAndMarketingExpenses": 90000000,
    "sellingGeneralAndAdministrativeExpenses": 984000000,
    "otherExpenses": 976000000,
    "operatingExpenses": 1960000000,
    "costAndExpenses": 4247000000,
    "interestIncome": 3141000000,
    "interestExpense": 1020000000,
    "depreciationAndAmortization": 0,
    "ebitda": 357000000,
    "ebitdaratio": 0.0775412685,
    "operatingIncome": 357000000,
    "operatingIncomeRatio": 0.0775412685,
    "totalOtherIncomeExpensesNet": 0,
    "incomeBeforeTax": 357000000,
    "incomeBeforeTaxRatio": 0.0775412685,
    "incomeTaxExpense": 27000000,
    "netIncome": 330000000,
    "netIncomeRatio": 0.0716768028,
    "eps": 0.15,
    "epsdiluted": 0.15,
    "weightedAverageShsOut": 1754000000,
    "weightedAverageShsOutDil": 1764000000,
    "link": "https://www.sec.gov/Archives/edgar/data/36104/000095015209002057/0000950152-09-002057-index.htm",
    "finalLink": "https://www.sec.gov/Archives/edgar/data/36104/000095015209002057/c48687e10vk.htm"
  },
  {
    "date": "2008-09-30",
    "symbol": "USB",
    "reportedCurrency": "USD",
    "cik": "0000036104",
    "fillingDate": "2008-11-10",
    "acceptedDate": "2008-11-10 12:06:17",
    "calendarYear": "2008",
    "period": "Q3",
    "revenue": 4158000000,
    "costOfRevenue": 1872000000,
    "grossProfit": 2286000000,
    "grossProfitRatio": 0.5497835498,
    "researchAndDevelopmentExpenses": 0,
    "generalAndAdministrativeExpenses": 961000000,
    "sellingAndMarketingExpenses": 0,
    "sellingGeneralAndAdministrativeExpenses": 961000000,
    "otherExpenses": 541000000,
    "operatingExpenses": 1502000000,
    "costAndExpenses": 3374000000,
    "interestIncome": 3057000000,
    "interestExpense": 1124000000,
    "depreciationAndAmortization": 88000000,
    "ebitda": 872000000,
    "ebitdaratio": 0.2097162097,
    "operatingIncome": 784000000,
    "operatingIncomeRatio": 0.1885521886,
    "totalOtherIncomeExpensesNet": 0,
    "incomeBeforeTax": 784000000,
    "incomeBeforeTaxRatio": 0.1885521886,
    "incomeTaxExpense": 198000000,
    "netIncome": 576000000,
    "netIncomeRatio": 0.1385281385,
    "eps": 0.32,
    "epsdiluted": 0.32,
    "weightedAverageShsOut": 1743000000,
    "weightedAverageShsOutDil": 1757000000,
    "link": "https://www.sec.gov/Archives/edgar/data/36104/000095013708013575/0000950137-08-013575-index.htm",
    "finalLink": "https://www.sec.gov/Archives/edgar/data/36104/000095013708013575/c46712e10vq.htm"
  },
  {
    "date": "2008-06-30",
    "symbol": "USB",
    "reportedCurrency": "USD",
    "cik": "0000036104",
    "fillingDate": "2008-08-11",
    "acceptedDate": "2008-08-11 13:10:21",
    "calendarYear": "2008",
    "period": "Q2",
    "revenue": 4616000000,
    "costOfRevenue": 1736000000,
    "grossProfit": 2880000000,
    "grossProfitRatio": 0.6239168111,
    "researchAndDevelopmentExpenses": 0,
    "generalAndAdministrativeExpenses": 963000000,
    "sellingAndMarketingExpenses": 0,
    "sellingGeneralAndAdministrativeExpenses": 963000000,
    "otherExpenses": 564000000,
    "operatingExpenses": 1527000000,
    "costAndExpenses": 3263000000,
    "interestIncome": 3015000000,
    "interestExpense": 1140000000,
    "depreciationAndAmortization": 87000000,
    "ebitda": 1440000000,
    "ebitdaratio": 0.3119584055,
    "operatingIncome": 1353000000,
    "operatingIncomeRatio": 0.2931109185,
    "totalOtherIncomeExpensesNet": 0,
    "incomeBeforeTax": 1353000000,
    "incomeBeforeTaxRatio": 0.2931109185,
    "incomeTaxExpense": 386000000,
    "netIncome": 950000000,
    "netIncomeRatio": 0.2058058925,
    "eps": 0.53,
    "epsdiluted": 0.53,
    "weightedAverageShsOut": 1740000000,
    "weightedAverageShsOutDil": 1755000000,
    "link": "https://www.sec.gov/Archives/edgar/data/36104/000095013708010494/0000950137-08-010494-index.htm",
    "finalLink": "https://www.sec.gov/Archives/edgar/data/36104/000095013708010494/c28031e10vq.htm"
  },
  {
    "date": "2008-03-31",
    "symbol": "USB",
    "reportedCurrency": "USD",
    "cik": "0000036104",
    "fillingDate": "2008-05-12",
    "acceptedDate": "2008-05-12 13:24:35",
    "calendarYear": "2008",
    "period": "Q1",
    "revenue": 4973000000,
    "costOfRevenue": 1887000000,
    "grossProfit": 3086000000,
    "grossProfitRatio": 0.6205509753,
    "researchAndDevelopmentExpenses": 0,
    "generalAndAdministrativeExpenses": 953000000,
    "sellingAndMarketingExpenses": 0,
    "sellingGeneralAndAdministrativeExpenses": 953000000,
    "otherExpenses": 550000000,
    "operatingExpenses": 1503000000,
    "costAndExpenses": 3390000000,
    "interestIncome": 3205000000,
    "interestExpense": 1402000000,
    "depreciationAndAmortization": 87000000,
    "ebitda": 1670000000,
    "ebitdaratio": 0.3358133923,
    "operatingIncome": 1583000000,
    "operatingIncomeRatio": 0.3183189222,
    "totalOtherIncomeExpensesNet": 0,
    "incomeBeforeTax": 1583000000,
    "incomeBeforeTaxRatio": 0.3183189222,
    "incomeTaxExpense": 476000000,
    "netIncome": 1090000000,
    "netIncomeRatio": 0.2191835914,
    "eps": 0.62,
    "epsdiluted": 0.62,
    "weightedAverageShsOut": 1731000000,
    "weightedAverageShsOutDil": 1748000000,
    "link": "https://www.sec.gov/Archives/edgar/data/36104/000095013708007222/0000950137-08-007222-index.htm",
    "finalLink": "https://www.sec.gov/Archives/edgar/data/36104/000095013708007222/c25477e10vq.htm"
  },
  {
    "date": "2007-12-31",
    "symbol": "USB",
    "reportedCurrency": "USD",
    "cik": "0000036104",
    "fillingDate": "2008-02-25",
    "acceptedDate": "2008-02-25 15:13:23",
    "calendarYear": "2007",
    "period": "Q4",
    "revenue": 5156000000,
    "costOfRevenue": 1863000000,
    "grossProfit": 3293000000,
    "grossProfitRatio": 0.6386733902,
    "researchAndDevelopmentExpenses": 0,
    "generalAndAdministrativeExpenses": 809000000,
    "sellingAndMarketingExpenses": 64000000,
    "sellingGeneralAndAdministrativeExpenses": 873000000,
    "otherExpenses": 1176000000,
    "operatingExpenses": 2049000000,
    "costAndExpenses": 3912000000,
    "interestIncome": 3379000000,
    "interestExpense": 1638000000,
    "depreciationAndAmortization": 0,
    "ebitda": 1244000000,
    "ebitdaratio": 0.2412723041,
    "operatingIncome": 1244000000,
    "operatingIncomeRatio": 0.2412723041,
    "totalOtherIncomeExpensesNet": 0,
    "incomeBeforeTax": 1244000000,
    "incomeBeforeTaxRatio": 0.2412723041,
    "incomeTaxExpense": 382000000,
    "netIncome": 862000000,
    "netIncomeRatio": 0.1671838635,
    "eps": 0.5,
    "epsdiluted": 0.49,
    "weightedAverageShsOut": 1731000000,
    "weightedAverageShsOutDil": 1749000000,
    "link": "https://www.sec.gov/Archives/edgar/data/36104/000095012408000806/0000950124-08-000806-index.htm",
    "finalLink": "https://www.sec.gov/Archives/edgar/data/36104/000095012408000806/c22668e10vk.htm"
  },
  {
    "date": "2007-09-30",
    "symbol": "USB",
    "reportedCurrency": "USD",
    "cik": "0000036104",
    "fillingDate": "2007-11-08",
    "acceptedDate": "2007-11-08 09:11:40",
    "calendarYear": "2007",
    "period": "Q3",
    "revenue": 5211000000,
    "costOfRevenue": 1866000000,
    "grossProfit": 3345000000,
    "grossProfitRatio": 0.6419113414,
    "researchAndDevelopmentExpenses": 0,
    "generalAndAdministrativeExpenses": 775000000,
    "sellingAndMarketingExpenses": 71000000,
    "sellingGeneralAndAdministrativeExpenses": 846000000,
    "otherExpenses": 930000000,
    "operatingExpenses": 1776000000,
    "costAndExpenses": 3642000000,
    "interestIncome": 3334000000,
    "interestExpense": 1667000000,
    "depreciationAndAmortization": 0,
    "ebitda": 1569000000,
    "ebitdaratio": 0.30109384,
    "operatingIncome": 1569000000,
    "operatingIncomeRatio": 0.30109384,
    "totalOtherIncomeExpensesNet": 0,
    "incomeBeforeTax": 1569000000,
    "incomeBeforeTaxRatio": 0.30109384,
    "incomeTaxExpense": 473000000,
    "netIncome": 1096000000,
    "netIncomeRatio": 0.210324314,
    "eps": 0.63,
    "epsdiluted": 0.62,
    "weightedAverageShsOut": 1725000000,
    "weightedAverageShsOutDil": 1745000000,
    "link": "https://www.sec.gov/Archives/edgar/data/36104/000095012407005662/0000950124-07-005662-index.htm",
    "finalLink": "https://www.sec.gov/Archives/edgar/data/36104/000095012407005662/c19210e10vq.htm"
  },
  {
    "date": "2007-06-30",
    "symbol": "USB",
    "reportedCurrency": "USD",
    "cik": "0000036104",
    "fillingDate": "2007-08-09",
    "acceptedDate": "2007-08-09 10:25:25",
    "calendarYear": "2007",
    "period": "Q2",
    "revenue": 5091000000,
    "costOfRevenue": 1795000000,
    "grossProfit": 3296000000,
    "grossProfitRatio": 0.6474170104,
    "researchAndDevelopmentExpenses": 0,
    "generalAndAdministrativeExpenses": 782000000,
    "sellingAndMarketingExpenses": 64000000,
    "sellingGeneralAndAdministrativeExpenses": 846000000,
    "otherExpenses": 794000000,
    "operatingExpenses": 1640000000,
    "costAndExpenses": 3435000000,
    "interestIncome": 3236000000,
    "interestExpense": 1604000000,
    "depreciationAndAmortization": 0,
    "ebitda": 1656000000,
    "ebitdaratio": 0.3252799057,
    "operatingIncome": 1656000000,
    "operatingIncomeRatio": 0.3252799057,
    "totalOtherIncomeExpensesNet": 0,
    "incomeBeforeTax": 1656000000,
    "incomeBeforeTaxRatio": 0.3252799057,
    "incomeTaxExpense": 500000000,
    "netIncome": 1156000000,
    "netIncomeRatio": 0.2270673738,
    "eps": 0.66,
    "epsdiluted": 0.65,
    "weightedAverageShsOut": 1736000000,
    "weightedAverageShsOutDil": 1760000000,
    "link": "https://www.sec.gov/Archives/edgar/data/36104/000095012407004098/0000950124-07-004098-index.htm",
    "finalLink": "https://www.sec.gov/Archives/edgar/data/36104/000095012407004098/c16617e10vq.htm"
  },
  {
    "date": "2007-03-31",
    "symbol": "USB",
    "reportedCurrency": "USD",
    "cik": "0000036104",
    "fillingDate": "2007-05-10",
    "acceptedDate": "2007-05-10 12:38:25",
    "calendarYear": "2007",
    "period": "Q1",
    "revenue": 4910000000,
    "costOfRevenue": 1715000000,
    "grossProfit": 3195000000,
    "grossProfitRatio": 0.650712831,
    "researchAndDevelopmentExpenses": 0,
    "generalAndAdministrativeExpenses": 768000000,
    "sellingAndMarketingExpenses": 52000000,
    "sellingGeneralAndAdministrativeExpenses": 820000000,
    "otherExpenses": 752000000,
    "operatingExpenses": 1572000000,
    "costAndExpenses": 3287000000,
    "interestIncome": 3187000000,
    "interestExpense": 1538000000,
    "depreciationAndAmortization": 0,
    "ebitda": 1623000000,
    "ebitdaratio": 0.3305498982,
    "operatingIncome": 1623000000,
    "operatingIncomeRatio": 0.3305498982,
    "totalOtherIncomeExpensesNet": 0,
    "incomeBeforeTax": 1623000000,
    "incomeBeforeTaxRatio": 0.3305498982,
    "incomeTaxExpense": 493000000,
    "netIncome": 1130000000,
    "netIncomeRatio": 0.2301425662,
    "eps": 0.64,
    "epsdiluted": 0.63,
    "weightedAverageShsOut": 1752000000,
    "weightedAverageShsOutDil": 1780000000,
    "link": "https://www.sec.gov/Archives/edgar/data/36104/000095012407002789/0000950124-07-002789-index.htm",
    "finalLink": "https://www.sec.gov/Archives/edgar/data/36104/000095012407002789/c13945e10vq.htm"
  },
  {
    "date": "2006-12-31",
    "symbol": "USB",
    "reportedCurrency": "USD",
    "cik": "0000036104",
    "fillingDate": "2007-02-26",
    "acceptedDate": "2007-02-26 17:27:14",
    "calendarYear": "2006",
    "period": "Q4",
    "revenue": 4934000000,
    "costOfRevenue": 1694000000,
    "grossProfit": 3240000000,
    "grossProfitRatio": 0.6566680178,
    "researchAndDevelopmentExpenses": 0,
    "generalAndAdministrativeExpenses": 723000000,
    "sellingAndMarketingExpenses": 61000000,
    "sellingGeneralAndAdministrativeExpenses": 784000000,
    "otherExpenses": 828000000,
    "operatingExpenses": 1612000000,
    "costAndExpenses": 3306000000,
    "interestIncome": 3205000000,
    "interestExpense": 1525000000,
    "depreciationAndAmortization": 0,
    "ebitda": 1628000000,
    "ebitdaratio": 0.3299554114,
    "operatingIncome": 1628000000,
    "operatingIncomeRatio": 0.3299554114,
    "totalOtherIncomeExpensesNet": 0,
    "incomeBeforeTax": 1628000000,
    "incomeBeforeTaxRatio": 0.3299554114,
    "incomeTaxExpense": 434000000,
    "netIncome": 1194000000,
    "netIncomeRatio": 0.2419943251,
    "eps": 0.68,
    "epsdiluted": 0.67,
    "weightedAverageShsOut": 1752000000,
    "weightedAverageShsOutDil": 1780000000,
    "link": "https://www.sec.gov/Archives/edgar/data/36104/000095012407001116/0000950124-07-001116-index.htm",
    "finalLink": "https://www.sec.gov/Archives/edgar/data/36104/000095012407001116/c11185e10vk.htm"
  },
  {
    "date": "2006-09-30",
    "symbol": "USB",
    "reportedCurrency": "USD",
    "cik": "0000036104",
    "fillingDate": "2006-11-09",
    "acceptedDate": "2006-11-09 13:22:37",
    "calendarYear": "2006",
    "period": "Q3",
    "revenue": 4897000000,
    "costOfRevenue": 1624000000,
    "grossProfit": 3273000000,
    "grossProfitRatio": 0.6683683888,
    "researchAndDevelopmentExpenses": 0,
    "generalAndAdministrativeExpenses": 755000000,
    "sellingAndMarketingExpenses": 58000000,
    "sellingGeneralAndAdministrativeExpenses": 813000000,
    "otherExpenses": 725000000,
    "operatingExpenses": 1538000000,
    "costAndExpenses": 3162000000,
    "interestIncome": 3149000000,
    "interestExpense": 1489000000,
    "depreciationAndAmortization": 0,
    "ebitda": 1735000000,
    "ebitdaratio": 0.3542985501,
    "operatingIncome": 1735000000,
    "operatingIncomeRatio": 0.3542985501,
    "totalOtherIncomeExpensesNet": 0,
    "incomeBeforeTax": 1735000000,
    "incomeBeforeTaxRatio": 0.3542985501,
    "incomeTaxExpense": 532000000,
    "netIncome": 1203000000,
    "netIncomeRatio": 0.2456606085,
    "eps": 0.67,
    "epsdiluted": 0.66,
    "weightedAverageShsOut": 1771000000,
    "weightedAverageShsOutDil": 1796000000,
    "link": "https://www.sec.gov/Archives/edgar/data/36104/000095012406006645/0000950124-06-006645-index.htm",
    "finalLink": "https://www.sec.gov/Archives/edgar/data/36104/000095012406006645/c09118e10vq.htm"
  },
  {
    "date": "2006-06-30",
    "symbol": "USB",
    "reportedCurrency": "USD",
    "cik": "0000036104",
    "fillingDate": "2006-08-09",
    "acceptedDate": "2006-08-09 13:36:26",
    "calendarYear": "2006",
    "period": "Q2",
    "revenue": 4773000000,
    "costOfRevenue": 1457000000,
    "grossProfit": 3316000000,
    "grossProfitRatio": 0.6947412529,
    "researchAndDevelopmentExpenses": 0,
    "generalAndAdministrativeExpenses": 750000000,
    "sellingAndMarketingExpenses": 58000000,
    "sellingGeneralAndAdministrativeExpenses": 808000000,
    "otherExpenses": 722000000,
    "operatingExpenses": 1530000000,
    "costAndExpenses": 2987000000,
    "interestIncome": 3018000000,
    "interestExpense": 1332000000,
    "depreciationAndAmortization": 0,
    "ebitda": 1786000000,
    "ebitdaratio": 0.3741881416,
    "operatingIncome": 1786000000,
    "operatingIncomeRatio": 0.3741881416,
    "totalOtherIncomeExpensesNet": 0,
    "incomeBeforeTax": 1786000000,
    "incomeBeforeTaxRatio": 0.3741881416,
    "incomeTaxExpense": 585000000,
    "netIncome": 1201000000,
    "netIncomeRatio": 0.2516237167,
    "eps": 0.66,
    "epsdiluted": 0.66,
    "weightedAverageShsOut": 1781000000,
    "weightedAverageShsOutDil": 1805000000,
    "link": "https://www.sec.gov/Archives/edgar/data/36104/000095012406004352/0000950124-06-004352-index.htm",
    "finalLink": "https://www.sec.gov/Archives/edgar/data/36104/000095012406004352/c06531e10vq.htm"
  },
  {
    "date": "2006-03-31",
    "symbol": "USB",
    "reportedCurrency": "USD",
    "cik": "0000036104",
    "fillingDate": "2006-05-10",
    "acceptedDate": "2006-05-10 11:19:01",
    "calendarYear": "2006",
    "period": "Q1",
    "revenue": 4505000000,
    "costOfRevenue": 1291000000,
    "grossProfit": 3214000000,
    "grossProfitRatio": 0.7134295228,
    "researchAndDevelopmentExpenses": 0,
    "generalAndAdministrativeExpenses": 766000000,
    "sellingAndMarketingExpenses": 40000000,
    "sellingGeneralAndAdministrativeExpenses": 806000000,
    "otherExpenses": 694000000,
    "operatingExpenses": 1500000000,
    "costAndExpenses": 2791000000,
    "interestIncome": 2891000000,
    "interestExpense": 1176000000,
    "depreciationAndAmortization": 0,
    "ebitda": 1714000000,
    "ebitdaratio": 0.3804661487,
    "operatingIncome": 1714000000,
    "operatingIncomeRatio": 0.3804661487,
    "totalOtherIncomeExpensesNet": 0,
    "incomeBeforeTax": 1714000000,
    "incomeBeforeTaxRatio": 0.3804661487,
    "incomeTaxExpense": 561000000,
    "netIncome": 1153000000,
    "netIncomeRatio": 0.2559378468,
    "eps": 0.64,
    "epsdiluted": 0.63,
    "weightedAverageShsOut": 1801000000,
    "weightedAverageShsOutDil": 1826000000,
    "link": "https://www.sec.gov/Archives/edgar/data/36104/000095012406002629/0000950124-06-002629-index.htm",
    "finalLink": "https://www.sec.gov/Archives/edgar/data/36104/000095012406002629/c04508e10vq.htm"
  },
  {
    "date": "2005-12-31",
    "symbol": "USB",
    "reportedCurrency": "USD",
    "cik": "0000036104",
    "fillingDate": "2006-03-07",
    "acceptedDate": "2006-03-07 17:24:00",
    "calendarYear": "2005",
    "period": "Q4",
    "revenue": 4379000000,
    "costOfRevenue": 1263000000,
    "grossProfit": 3116000000,
    "grossProfitRatio": 0.7115779858,
    "researchAndDevelopmentExpenses": 0,
    "generalAndAdministrativeExpenses": 702000000,
    "sellingAndMarketingExpenses": 64000000,
    "sellingGeneralAndAdministrativeExpenses": 766000000,
    "otherExpenses": 698000000,
    "operatingExpenses": 1464000000,
    "costAndExpenses": 2727000000,
    "interestIncome": 2833000000,
    "interestExpense": 1058000000,
    "depreciationAndAmortization": 0,
    "ebitda": 1652000000,
    "ebitdaratio": 0.3772550811,
    "operatingIncome": 1652000000,
    "operatingIncomeRatio": 0.3772550811,
    "totalOtherIncomeExpensesNet": 0,
    "incomeBeforeTax": 1652000000,
    "incomeBeforeTaxRatio": 0.3772550811,
    "incomeTaxExpense": 509000000,
    "netIncome": 1143000000,
    "netIncomeRatio": 0.2610184974,
    "eps": 0.63,
    "epsdiluted": 0.63,
    "weightedAverageShsOut": 1801000000,
    "weightedAverageShsOutDil": 1826000000,
    "link": "https://www.sec.gov/Archives/edgar/data/36104/000095013406004429/0000950134-06-004429-index.htm",
    "finalLink": "https://www.sec.gov/Archives/edgar/data/36104/000095013406004429/c01303e10vk.htm"
  },
  {
    "date": "2005-09-30",
    "symbol": "USB",
    "reportedCurrency": "USD",
    "cik": "0000036104",
    "fillingDate": "2005-11-09",
    "acceptedDate": "2005-11-09 12:30:20",
    "calendarYear": "2005",
    "period": "Q3",
    "revenue": 4294000000,
    "costOfRevenue": 1081000000,
    "grossProfit": 3213000000,
    "grossProfitRatio": 0.7482533768,
    "researchAndDevelopmentExpenses": 0,
    "generalAndAdministrativeExpenses": 709000000,
    "sellingAndMarketingExpenses": 61000000,
    "sellingGeneralAndAdministrativeExpenses": 770000000,
    "otherExpenses": 703000000,
    "operatingExpenses": 1473000000,
    "costAndExpenses": 2554000000,
    "interestIncome": 2718000000,
    "interestExpense": 936000000,
    "depreciationAndAmortization": 0,
    "ebitda": 1740000000,
    "ebitdaratio": 0.4052165813,
    "operatingIncome": 1740000000,
    "operatingIncomeRatio": 0.4052165813,
    "totalOtherIncomeExpensesNet": 0,
    "incomeBeforeTax": 1740000000,
    "incomeBeforeTaxRatio": 0.4052165813,
    "incomeTaxExpense": 586000000,
    "netIncome": 1154000000,
    "netIncomeRatio": 0.268747089,
    "eps": 0.63,
    "epsdiluted": 0.62,
    "weightedAverageShsOut": 1823000000,
    "weightedAverageShsOutDil": 1849000000,
    "link": "https://www.sec.gov/Archives/edgar/data/36104/000095013405020994/0000950134-05-020994-index.htm",
    "finalLink": "https://www.sec.gov/Archives/edgar/data/36104/000095013405020994/c99268e10vq.htm"
  },
  {
    "date": "2005-06-30",
    "symbol": "USB",
    "reportedCurrency": "USD",
    "cik": "0000036104",
    "fillingDate": "2005-08-09",
    "acceptedDate": "2005-08-09 11:57:27",
    "calendarYear": "2005",
    "period": "Q2",
    "revenue": 4106000000,
    "costOfRevenue": 955000000,
    "grossProfit": 3151000000,
    "grossProfitRatio": 0.7674135412,
    "researchAndDevelopmentExpenses": 0,
    "generalAndAdministrativeExpenses": 720000000,
    "sellingAndMarketingExpenses": 67000000,
    "sellingGeneralAndAdministrativeExpenses": 787000000,
    "otherExpenses": 808000000,
    "operatingExpenses": 1595000000,
    "costAndExpenses": 2550000000,
    "interestIncome": 2565000000,
    "interestExpense": 811000000,
    "depreciationAndAmortization": 0,
    "ebitda": 1556000000,
    "ebitdaratio": 0.378957623,
    "operatingIncome": 1556000000,
    "operatingIncomeRatio": 0.378957623,
    "totalOtherIncomeExpensesNet": 0,
    "incomeBeforeTax": 1556000000,
    "incomeBeforeTaxRatio": 0.378957623,
    "incomeTaxExpense": 435000000,
    "netIncome": 1121000000,
    "netIncomeRatio": 0.2730150999,
    "eps": 0.61,
    "epsdiluted": 0.6,
    "weightedAverageShsOut": 1833000000,
    "weightedAverageShsOutDil": 1857000000,
    "link": "https://www.sec.gov/Archives/edgar/data/36104/000095013405015300/0000950134-05-015300-index.htm",
    "finalLink": "https://www.sec.gov/Archives/edgar/data/36104/000095013405015300/c96924e10vq.htm"
  },
  {
    "date": "2005-03-31",
    "symbol": "USB",
    "reportedCurrency": "USD",
    "cik": "0000036104",
    "fillingDate": "2005-05-09",
    "acceptedDate": "2005-05-09 14:20:50",
    "calendarYear": "2005",
    "period": "Q1",
    "revenue": 3817000000,
    "costOfRevenue": 863000000,
    "grossProfit": 2954000000,
    "grossProfitRatio": 0.7739062091,
    "researchAndDevelopmentExpenses": 0,
    "generalAndAdministrativeExpenses": 683000000,
    "sellingAndMarketingExpenses": 43000000,
    "sellingGeneralAndAdministrativeExpenses": 726000000,
    "otherExpenses": 605000000,
    "operatingExpenses": 1331000000,
    "costAndExpenses": 2194000000,
    "interestIncome": 2435000000,
    "interestExpense": 691000000,
    "depreciationAndAmortization": 0,
    "ebitda": 1623000000,
    "ebitdaratio": 0.425203039,
    "operatingIncome": 1623000000,
    "operatingIncomeRatio": 0.425203039,
    "totalOtherIncomeExpensesNet": 0,
    "incomeBeforeTax": 1623000000,
    "incomeBeforeTaxRatio": 0.425203039,
    "incomeTaxExpense": 552000000,
    "netIncome": 1071000000,
    "netIncomeRatio": 0.2805868483,
    "eps": 0.58,
    "epsdiluted": 0.57,
    "weightedAverageShsOut": 1852000000,
    "weightedAverageShsOutDil": 1880000000,
    "link": "https://www.sec.gov/Archives/edgar/data/36104/000095013405009415/0000950134-05-009415-index.htm",
    "finalLink": "https://www.sec.gov/Archives/edgar/data/36104/000095013405009415/c94536e10vq.htm"
  },
  {
    "date": "2004-12-31",
    "symbol": "USB",
    "reportedCurrency": "USD",
    "cik": "0000036104",
    "fillingDate": "2005-02-28",
    "acceptedDate": "2005-02-28 16:11:46",
    "calendarYear": "2004",
    "period": "Q4",
    "revenue": 3824600000,
    "costOfRevenue": 661900000,
    "grossProfit": 3162700000,
    "grossProfitRatio": 0.8269361502,
    "researchAndDevelopmentExpenses": 0,
    "generalAndAdministrativeExpenses": 677200000,
    "sellingAndMarketingExpenses": 4300000,
    "sellingGeneralAndAdministrativeExpenses": 681500000,
    "otherExpenses": 896500000,
    "operatingExpenses": 1578000000,
    "costAndExpenses": 2239900000,
    "interestIncome": 2389400000,
    "interestExpense": 596900000,
    "depreciationAndAmortization": 0,
    "ebitda": 1584700000,
    "ebitdaratio": 0.4143439837,
    "operatingIncome": 1584700000,
    "operatingIncomeRatio": 0.4143439837,
    "totalOtherIncomeExpensesNet": 0,
    "incomeBeforeTax": 1584700000,
    "incomeBeforeTaxRatio": 0.4143439837,
    "incomeTaxExpense": 528700000,
    "netIncome": 1056000000,
    "netIncomeRatio": 0.2761073053,
    "eps": 0.57,
    "epsdiluted": 0.56,
    "weightedAverageShsOut": 1852000000,
    "weightedAverageShsOutDil": 1880000000,
    "link": "https://www.sec.gov/Archives/edgar/data/36104/000095013405003890/0000950134-05-003890-index.htm",
    "finalLink": "https://www.sec.gov/Archives/edgar/data/36104/000095013405003890/c89834e10vk.htm"
  },
  {
    "date": "2004-09-30",
    "symbol": "USB",
    "reportedCurrency": "USD",
    "cik": "0000036104",
    "fillingDate": "2004-11-09",
    "acceptedDate": "2004-11-09 14:03:47",
    "calendarYear": "2004",
    "period": "Q3",
    "revenue": 3827000000,
    "costOfRevenue": 694000000,
    "grossProfit": 3133000000,
    "grossProfitRatio": 0.8186569114,
    "researchAndDevelopmentExpenses": 0,
    "generalAndAdministrativeExpenses": 665000000,
    "sellingAndMarketingExpenses": 61000000,
    "sellingGeneralAndAdministrativeExpenses": 726000000,
    "otherExpenses": 792000000,
    "operatingExpenses": 1518000000,
    "costAndExpenses": 2212000000,
    "interestIncome": 2303000000,
    "interestExpense": 528000000,
    "depreciationAndAmortization": 0,
    "ebitda": 1615000000,
    "ebitdaratio": 0.4220015678,
    "operatingIncome": 1615000000,
    "operatingIncomeRatio": 0.4220015678,
    "totalOtherIncomeExpensesNet": 0,
    "incomeBeforeTax": 1615000000,
    "incomeBeforeTaxRatio": 0.4220015678,
    "incomeTaxExpense": 549000000,
    "netIncome": 1066000000,
    "netIncomeRatio": 0.2785471649,
    "eps": 0.57,
    "epsdiluted": 0.56,
    "weightedAverageShsOut": 1877000000,
    "weightedAverageShsOutDil": 1903700000,
    "link": "https://www.sec.gov/Archives/edgar/data/36104/000095013404016891/0000950134-04-016891-index.htm",
    "finalLink": "https://www.sec.gov/Archives/edgar/data/36104/000095013404016891/c89012e10vq.htm"
  },
  {
    "date": "2004-06-30",
    "symbol": "USB",
    "reportedCurrency": "USD",
    "cik": "0000036104",
    "fillingDate": "2004-08-09",
    "acceptedDate": "2004-08-09 11:26:14",
    "calendarYear": "2004",
    "period": "Q2",
    "revenue": 3477900000,
    "costOfRevenue": 668300000,
    "grossProfit": 2809600000,
    "grossProfitRatio": 0.8078438138,
    "researchAndDevelopmentExpenses": 0,
    "generalAndAdministrativeExpenses": 663800000,
    "sellingAndMarketingExpenses": 48700000,
    "sellingGeneralAndAdministrativeExpenses": 712500000,
    "otherExpenses": 520100000,
    "operatingExpenses": 1232600000,
    "costAndExpenses": 1900900000,
    "interestIncome": 2236200000,
    "interestExpense": 463800000,
    "depreciationAndAmortization": 0,
    "ebitda": 1577000000,
    "ebitdaratio": 0.4534345438,
    "operatingIncome": 1577000000,
    "operatingIncomeRatio": 0.4534345438,
    "totalOtherIncomeExpensesNet": 0,
    "incomeBeforeTax": 1577000000,
    "incomeBeforeTaxRatio": 0.4534345438,
    "incomeTaxExpense": 540100000,
    "netIncome": 1036900000,
    "netIncomeRatio": 0.298139682,
    "eps": 0.55,
    "epsdiluted": 0.54,
    "weightedAverageShsOut": 1891600000,
    "weightedAverageShsOutDil": 1913400000,
    "link": "https://www.sec.gov/Archives/edgar/data/36104/000095013404011712/0000950134-04-011712-index.htm",
    "finalLink": "https://www.sec.gov/Archives/edgar/data/36104/000095013404011712/c86971e10vq.htm"
  },
  {
    "date": "2004-03-31",
    "symbol": "USB",
    "reportedCurrency": "USD",
    "cik": "0000036104",
    "fillingDate": "2004-05-10",
    "acceptedDate": "2004-05-10 17:22:29",
    "calendarYear": "2004",
    "period": "Q1",
    "revenue": 3576400000,
    "costOfRevenue": 721300000,
    "grossProfit": 2855100000,
    "grossProfitRatio": 0.7983167431,
    "researchAndDevelopmentExpenses": 0,
    "generalAndAdministrativeExpenses": 636000000,
    "sellingAndMarketingExpenses": 35300000,
    "sellingGeneralAndAdministrativeExpenses": 671300000,
    "otherExpenses": 783600000,
    "operatingExpenses": 1454900000,
    "costAndExpenses": 2176200000,
    "interestIncome": 2258100000,
    "interestExpense": 486300000,
    "depreciationAndAmortization": 0,
    "ebitda": 1400200000,
    "ebitdaratio": 0.3915110167,
    "operatingIncome": 1400200000,
    "operatingIncomeRatio": 0.3915110167,
    "totalOtherIncomeExpensesNet": 0,
    "incomeBeforeTax": 1400200000,
    "incomeBeforeTaxRatio": 0.3915110167,
    "incomeTaxExpense": 391800000,
    "netIncome": 1008400000,
    "netIncomeRatio": 0.2819595124,
    "eps": 0.53,
    "epsdiluted": 0.52,
    "weightedAverageShsOut": 1915400000,
    "weightedAverageShsOutDil": 1941100000,
    "link": "https://www.sec.gov/Archives/edgar/data/36104/000095013404007110/0000950134-04-007110-index.htm",
    "finalLink": "https://www.sec.gov/Archives/edgar/data/36104/000095013404007110/c84800e10vq.htm"
  },
  {
    "date": "2003-12-31",
    "symbol": "USB",
    "reportedCurrency": "USD",
    "cik": "0000036104",
    "fillingDate": "2004-02-27",
    "acceptedDate": "2004-02-27 16:41:51",
    "calendarYear": "2003",
    "period": "Q4",
    "revenue": 3003100000,
    "costOfRevenue": 749100000,
    "grossProfit": 2254000000,
    "grossProfitRatio": 0.750557757,
    "researchAndDevelopmentExpenses": 0,
    "generalAndAdministrativeExpenses": 359700000,
    "sellingAndMarketingExpenses": 180300000,
    "sellingGeneralAndAdministrativeExpenses": 540000000,
    "otherExpenses": 389000000,
    "operatingExpenses": 929000000,
    "costAndExpenses": 1678100000,
    "interestIncome": 2254000000,
    "interestExpense": 463100000,
    "depreciationAndAmortization": 0,
    "ebitda": 1325000000,
    "ebitdaratio": 0.4412107489,
    "operatingIncome": 1325000000,
    "operatingIncomeRatio": 0.4412107489,
    "totalOtherIncomeExpensesNet": 0,
    "incomeBeforeTax": 1325000000,
    "incomeBeforeTaxRatio": 0.4412107489,
    "incomeTaxExpense": 464600000,
    "netIncome": 882900000,
    "netIncomeRatio": 0.2939962039,
    "eps": 0.46,
    "epsdiluted": 0.45,
    "weightedAverageShsOut": 1915400000,
    "weightedAverageShsOutDil": 1941100000,
    "link": "https://www.sec.gov/Archives/edgar/data/36104/000095013404002667/0000950134-04-002667-index.htm",
    "finalLink": "https://www.sec.gov/Archives/edgar/data/36104/000095013404002667/c82279e10vk.htm"
  },
  {
    "date": "2003-09-30",
    "symbol": "USB",
    "reportedCurrency": "USD",
    "cik": "0000036104",
    "fillingDate": "2003-11-14",
    "acceptedDate": "2003-11-14 11:37:03",
    "calendarYear": "2003",
    "period": "Q3",
    "revenue": 3488700000,
    "costOfRevenue": 802800000,
    "grossProfit": 2685900000,
    "grossProfitRatio": 0.7698856308,
    "researchAndDevelopmentExpenses": 0,
    "generalAndAdministrativeExpenses": 619600000,
    "sellingAndMarketingExpenses": 48600000,
    "sellingGeneralAndAdministrativeExpenses": 668200000,
    "otherExpenses": 585100000,
    "operatingExpenses": 1253300000,
    "costAndExpenses": 2056100000,
    "interestIncome": 2311300000,
    "interestExpense": 492800000,
    "depreciationAndAmortization": 0,
    "ebitda": 1432600000,
    "ebitdaratio": 0.4106400665,
    "operatingIncome": 1432600000,
    "operatingIncomeRatio": 0.4106400665,
    "totalOtherIncomeExpensesNet": 0,
    "incomeBeforeTax": 1432600000,
    "incomeBeforeTaxRatio": 0.4106400665,
    "incomeTaxExpense": 491900000,
    "netIncome": 950900000,
    "netIncomeRatio": 0.2725657122,
    "eps": 0.49,
    "epsdiluted": 0.49,
    "weightedAverageShsOut": 1926000000,
    "weightedAverageShsOutDil": 1940800000,
    "link": "https://www.sec.gov/Archives/edgar/data/36104/000095013403015362/0000950134-03-015362-index.htm",
    "finalLink": "https://www.sec.gov/Archives/edgar/data/36104/000095013403015362/c79694e10vq.htm"
  },
  {
    "date": "2003-06-30",
    "symbol": "USB",
    "reportedCurrency": "USD",
    "cik": "0000036104",
    "fillingDate": "2003-08-14",
    "acceptedDate": "2003-08-14 17:09:48",
    "calendarYear": "2003",
    "period": "Q2",
    "revenue": 3800700000,
    "costOfRevenue": 858900000,
    "grossProfit": 2941800000,
    "grossProfitRatio": 0.774015313,
    "researchAndDevelopmentExpenses": 0,
    "generalAndAdministrativeExpenses": 627200000,
    "sellingAndMarketingExpenses": 51100000,
    "sellingGeneralAndAdministrativeExpenses": 678300000,
    "otherExpenses": 868300000,
    "operatingExpenses": 1546600000,
    "costAndExpenses": 2405500000,
    "interestIncome": 2327800000,
    "interestExpense": 535900000,
    "depreciationAndAmortization": 0,
    "ebitda": 1395200000,
    "ebitdaratio": 0.3670902728,
    "operatingIncome": 1395200000,
    "operatingIncomeRatio": 0.3670902728,
    "totalOtherIncomeExpensesNet": 0,
    "incomeBeforeTax": 1395200000,
    "incomeBeforeTaxRatio": 0.3670902728,
    "incomeTaxExpense": 480200000,
    "netIncome": 919900000,
    "netIncomeRatio": 0.2420343621,
    "eps": 0.48,
    "epsdiluted": 0.48,
    "weightedAverageShsOut": 1922300000,
    "weightedAverageShsOutDil": 1931600000,
    "link": "https://www.sec.gov/Archives/edgar/data/36104/000095013403011890/0000950134-03-011890-index.htm",
    "finalLink": "https://www.sec.gov/Archives/edgar/data/36104/000095013403011890/c78314e10vq.htm"
  },
  {
    "date": "2003-03-31",
    "symbol": "USB",
    "reportedCurrency": "USD",
    "cik": "0000036104",
    "fillingDate": "2003-05-14",
    "acceptedDate": "2003-05-14 17:07:39",
    "calendarYear": "2003",
    "period": "Q1",
    "revenue": 3865600000,
    "costOfRevenue": 902200000,
    "grossProfit": 2963400000,
    "grossProfitRatio": 0.7666080298,
    "researchAndDevelopmentExpenses": 0,
    "generalAndAdministrativeExpenses": 711000000,
    "sellingAndMarketingExpenses": 0,
    "sellingGeneralAndAdministrativeExpenses": 711000000,
    "otherExpenses": 863100000,
    "operatingExpenses": 1574100000,
    "costAndExpenses": 2476300000,
    "interestIncome": 2342700000,
    "interestExpense": 567200000,
    "depreciationAndAmortization": 0,
    "ebitda": 1389300000,
    "ebitdaratio": 0.3594008692,
    "operatingIncome": 1389300000,
    "operatingIncomeRatio": 0.3594008692,
    "totalOtherIncomeExpensesNet": 0,
    "incomeBeforeTax": 1389300000,
    "incomeBeforeTaxRatio": 0.3594008692,
    "incomeTaxExpense": 478100000,
    "netIncome": 911200000,
    "netIncomeRatio": 0.2357201987,
    "eps": 0.47,
    "epsdiluted": 0.47,
    "weightedAverageShsOut": 1919000000,
    "weightedAverageShsOutDil": 1926600000,
    "link": "https://www.sec.gov/Archives/edgar/data/36104/000095013403007963/0000950134-03-007963-index.htm",
    "finalLink": "https://www.sec.gov/Archives/edgar/data/36104/000095013403007963/c76400e10vq.htm"
  },
  {
    "date": "2002-12-31",
    "symbol": "USB",
    "reportedCurrency": "USD",
    "cik": "0000036104",
    "fillingDate": "2003-02-28",
    "acceptedDate": "2003-02-28 17:29:43",
    "calendarYear": "2002",
    "period": "Q4",
    "revenue": 3941600000,
    "costOfRevenue": 978700000,
    "grossProfit": 2962900000,
    "grossProfitRatio": 0.7516998173,
    "researchAndDevelopmentExpenses": 0,
    "generalAndAdministrativeExpenses": 693700000,
    "sellingAndMarketingExpenses": 0,
    "sellingGeneralAndAdministrativeExpenses": 693700000,
    "otherExpenses": 965400000,
    "operatingExpenses": 1659100000,
    "costAndExpenses": 2637800000,
    "interestIncome": 2395500000,
    "interestExpense": 629700000,
    "depreciationAndAmortization": 0,
    "ebitda": 1303800000,
    "ebitdaratio": 0.3307793789,
    "operatingIncome": 1303800000,
    "operatingIncomeRatio": 0.3307793789,
    "totalOtherIncomeExpensesNet": 0,
    "incomeBeforeTax": 1303800000,
    "incomeBeforeTaxRatio": 0.3307793789,
    "incomeTaxExpense": 454000000,
    "netIncome": 849800000,
    "netIncomeRatio": 0.2155977268,
    "eps": 0.44,
    "epsdiluted": 0.44,
    "weightedAverageShsOut": 1919000000,
    "weightedAverageShsOutDil": 1926600000,
    "link": "https://www.sec.gov/Archives/edgar/data/36104/000095013403003243/0000950134-03-003243-index.htm",
    "finalLink": "https://www.sec.gov/Archives/edgar/data/36104/000095013403003243/c74004e10vk.htm"
  },
  {
    "date": "2002-09-30",
    "symbol": "USB",
    "reportedCurrency": "USD",
    "cik": "0000036104",
    "fillingDate": "2002-11-14",
    "acceptedDate": "2002-11-14 19:42:42",
    "calendarYear": "2002",
    "period": "Q3",
    "revenue": 3985600000,
    "costOfRevenue": 1018200000,
    "grossProfit": 2967400000,
    "grossProfitRatio": 0.7445303091,
    "researchAndDevelopmentExpenses": 0,
    "generalAndAdministrativeExpenses": 699800000,
    "sellingAndMarketingExpenses": 0,
    "sellingGeneralAndAdministrativeExpenses": 699800000,
    "otherExpenses": 947800000,
    "operatingExpenses": 1647600000,
    "costAndExpenses": 2665800000,
    "interestIncome": 2420000000,
    "interestExpense": 688200000,
    "depreciationAndAmortization": 0,
    "ebitda": 1319800000,
    "ebitdaratio": 0.3311421116,
    "operatingIncome": 1319800000,
    "operatingIncomeRatio": 0.3311421116,
    "totalOtherIncomeExpensesNet": 0,
    "incomeBeforeTax": 1319800000,
    "incomeBeforeTaxRatio": 0.3311421116,
    "incomeTaxExpense": 459500000,
    "netIncome": 860300000,
    "netIncomeRatio": 0.2158520674,
    "eps": 0.45,
    "epsdiluted": 0.45,
    "weightedAverageShsOut": 1915000000,
    "weightedAverageShsOutDil": 1923300000,
    "link": "https://www.sec.gov/Archives/edgar/data/36104/000095013402014532/0000950134-02-014532-index.htm",
    "finalLink": "https://www.sec.gov/Archives/edgar/data/36104/000095013402014532/c72307e10vq.htm"
  },
  {
    "date": "2002-06-30",
    "symbol": "USB",
    "reportedCurrency": "USD",
    "cik": "0000036104",
    "fillingDate": "2002-08-13",
    "acceptedDate": "2002-08-13 16:10:39",
    "calendarYear": "2002",
    "period": "Q2",
    "revenue": 3812900000,
    "costOfRevenue": 1029800000,
    "grossProfit": 2783100000,
    "grossProfitRatio": 0.7299168612,
    "researchAndDevelopmentExpenses": 0,
    "generalAndAdministrativeExpenses": 698700000,
    "sellingAndMarketingExpenses": 0,
    "sellingGeneralAndAdministrativeExpenses": 698700000,
    "otherExpenses": 821700000,
    "operatingExpenses": 1520400000,
    "costAndExpenses": 2550200000,
    "interestIncome": 2375600000,
    "interestExpense": 694800000,
    "depreciationAndAmortization": 0,
    "ebitda": 1262700000,
    "ebitdaratio": 0.3311652548,
    "operatingIncome": 1262700000,
    "operatingIncomeRatio": 0.3311652548,
    "totalOtherIncomeExpensesNet": 0,
    "incomeBeforeTax": 1262700000,
    "incomeBeforeTaxRatio": 0.3311652548,
    "incomeTaxExpense": 439600000,
    "netIncome": 823100000,
    "netIncomeRatio": 0.2158724331,
    "eps": 0.43,
    "epsdiluted": 0.43,
    "weightedAverageShsOut": 1913200000,
    "weightedAverageShsOutDil": 1926900000,
    "link": "https://www.sec.gov/Archives/edgar/data/36104/000095013402009736/0000950134-02-009736-index.htm",
    "finalLink": "https://www.sec.gov/Archives/edgar/data/36104/000095013402009736/c70716e10vq.htm"
  },
  {
    "date": "2002-03-31",
    "symbol": "USB",
    "reportedCurrency": "USD",
    "cik": "0000036104",
    "fillingDate": "2002-05-15",
    "acceptedDate": "2002-05-15 16:42:17",
    "calendarYear": "2002",
    "period": "Q1",
    "revenue": 3689500000,
    "costOfRevenue": 1036300000,
    "grossProfit": 2653200000,
    "grossProfitRatio": 0.7191218322,
    "researchAndDevelopmentExpenses": 0,
    "generalAndAdministrativeExpenses": 684700000,
    "sellingAndMarketingExpenses": 0,
    "sellingGeneralAndAdministrativeExpenses": 684700000,
    "otherExpenses": 752100000,
    "operatingExpenses": 1436800000,
    "costAndExpenses": 2473100000,
    "interestIncome": 2362600000,
    "interestExpense": 701300000,
    "depreciationAndAmortization": 0,
    "ebitda": 1216400000,
    "ebitdaratio": 0.3296923702,
    "operatingIncome": 1216400000,
    "operatingIncomeRatio": 0.3296923702,
    "totalOtherIncomeExpensesNet": 0,
    "incomeBeforeTax": 1216400000,
    "incomeBeforeTaxRatio": 0.3296923702,
    "incomeTaxExpense": 423200000,
    "netIncome": 756000000,
    "netIncomeRatio": 0.2049058138,
    "eps": 0.39,
    "epsdiluted": 0.39,
    "weightedAverageShsOut": 1919800000,
    "weightedAverageShsOutDil": 1930100000,
    "link": "https://www.sec.gov/Archives/edgar/data/36104/000095013702003123/0000950137-02-003123-index.htm",
    "finalLink": "https://www.sec.gov/Archives/edgar/data/36104/000095013702003123/c69208e10-q.htm"
  },
  {
    "date": "2001-12-31",
    "symbol": "USB",
    "reportedCurrency": "USD",
    "cik": "0000036104",
    "fillingDate": "2002-02-28",
    "acceptedDate": "2002-02-28 00:00:00",
    "calendarYear": "2001",
    "period": "Q4",
    "revenue": 3843000000,
    "costOfRevenue": 1110300000,
    "grossProfit": 2732700000,
    "grossProfitRatio": 0.7110850898,
    "researchAndDevelopmentExpenses": 0,
    "generalAndAdministrativeExpenses": 687800000,
    "sellingAndMarketingExpenses": 0,
    "sellingGeneralAndAdministrativeExpenses": 687800000,
    "otherExpenses": 956700000,
    "operatingExpenses": 1644500000,
    "costAndExpenses": 2754800000,
    "interestIncome": 2519400000,
    "interestExpense": 844500000,
    "depreciationAndAmortization": 0,
    "ebitda": 1088200000,
    "ebitdaratio": 0.2831641946,
    "operatingIncome": 1088200000,
    "operatingIncomeRatio": 0.2831641946,
    "totalOtherIncomeExpensesNet": 0,
    "incomeBeforeTax": 1088200000,
    "incomeBeforeTaxRatio": 0.2831641946,
    "incomeTaxExpense": 392800000,
    "netIncome": 695400000,
    "netIncomeRatio": 0.180952381,
    "eps": 0.36,
    "epsdiluted": 0.36,
    "weightedAverageShsOut": 1919800000,
    "weightedAverageShsOutDil": 1930100000,
    "link": "https://www.sec.gov/Archives/edgar/data/36104/000095013702000971/0000950137-02-000971-index.htm",
    "finalLink": "https://www.sec.gov/Archives/edgar/data/36104/000095013702000971/c66817e10-k.txt"
  },
  {
    "date": "2001-09-30",
    "symbol": "USB",
    "reportedCurrency": "USD",
    "cik": "0000036104",
    "fillingDate": "2001-11-14",
    "acceptedDate": "2001-11-14 00:00:00",
    "calendarYear": "2001",
    "period": "Q3",
    "revenue": 4026700000,
    "costOfRevenue": 2398600000,
    "grossProfit": 1628100000,
    "grossProfitRatio": 0.4043261231,
    "researchAndDevelopmentExpenses": 0,
    "generalAndAdministrativeExpenses": 665700000,
    "sellingAndMarketingExpenses": 0,
    "sellingGeneralAndAdministrativeExpenses": 665700000,
    "otherExpenses": 901800000,
    "operatingExpenses": 1567500000,
    "costAndExpenses": 3966100000,
    "interestIncome": 2708300000,
    "interestExpense": 1109300000,
    "depreciationAndAmortization": 0,
    "ebitda": 60600000,
    "ebitdaratio": 0.0150495443,
    "operatingIncome": 60600000,
    "operatingIncomeRatio": 0.0150495443,
    "totalOtherIncomeExpensesNet": 0,
    "incomeBeforeTax": 60600000,
    "incomeBeforeTaxRatio": 0.0150495443,
    "incomeTaxExpense": 21900000,
    "netIncome": 38700000,
    "netIncomeRatio": 0.0096108476,
    "eps": 0.02,
    "epsdiluted": 0.02,
    "weightedAverageShsOut": 1952700000,
    "weightedAverageShsOutDil": 1965400000,
    "link": "https://www.sec.gov/Archives/edgar/data/36104/000095013701504649/0000950137-01-504649-index.htm",
    "finalLink": "https://www.sec.gov/Archives/edgar/data/36104/000095013701504649/c64967e10-q.txt"
  },
  {
    "date": "2001-06-30",
    "symbol": "USB",
    "reportedCurrency": "USD",
    "cik": "0000036104",
    "fillingDate": "2001-08-14",
    "acceptedDate": "2001-08-14 00:00:00",
    "calendarYear": "2001",
    "period": "Q2",
    "revenue": 4153600000,
    "costOfRevenue": 1699100000,
    "grossProfit": 2454500000,
    "grossProfitRatio": 0.5909331664,
    "researchAndDevelopmentExpenses": 0,
    "generalAndAdministrativeExpenses": 661200000,
    "sellingAndMarketingExpenses": 0,
    "sellingGeneralAndAdministrativeExpenses": 661200000,
    "otherExpenses": 933500000,
    "operatingExpenses": 1594700000,
    "costAndExpenses": 3293800000,
    "interestIncome": 2815800000,
    "interestExpense": 1257800000,
    "depreciationAndAmortization": 0,
    "ebitda": 859800000,
    "ebitdaratio": 0.2070011556,
    "operatingIncome": 859800000,
    "operatingIncomeRatio": 0.2070011556,
    "totalOtherIncomeExpensesNet": 0,
    "incomeBeforeTax": 859800000,
    "incomeBeforeTaxRatio": 0.2070011556,
    "incomeTaxExpense": 297500000,
    "netIncome": 562300000,
    "netIncomeRatio": 0.1353765408,
    "eps": 0.3,
    "epsdiluted": 0.29,
    "weightedAverageShsOut": 1905300000,
    "weightedAverageShsOutDil": 1917200000,
    "link": "https://www.sec.gov/Archives/edgar/data/36104/000095013701503118/0000950137-01-503118-index.htm",
    "finalLink": "https://www.sec.gov/Archives/edgar/data/36104/000095013701503118/c64065e10-q.txt"
  },
  {
    "date": "2001-03-31",
    "symbol": "USB",
    "reportedCurrency": "USD",
    "cik": "0000036104",
    "fillingDate": "2001-05-15",
    "acceptedDate": "2001-05-15 00:00:00",
    "calendarYear": "2001",
    "period": "Q1",
    "revenue": 4419700000,
    "costOfRevenue": 1995600000,
    "grossProfit": 2424100000,
    "grossProfitRatio": 0.5484761409,
    "researchAndDevelopmentExpenses": 0,
    "generalAndAdministrativeExpenses": 698600000,
    "sellingAndMarketingExpenses": 0,
    "sellingGeneralAndAdministrativeExpenses": 698600000,
    "otherExpenses": 1099900000,
    "operatingExpenses": 1798500000,
    "costAndExpenses": 3794100000,
    "interestIncome": 3009000000,
    "interestExpense": 1463200000,
    "depreciationAndAmortization": 0,
    "ebitda": 625600000,
    "ebitdaratio": 0.1415480689,
    "operatingIncome": 625600000,
    "operatingIncomeRatio": 0.1415480689,
    "totalOtherIncomeExpensesNet": 0,
    "incomeBeforeTax": 625600000,
    "incomeBeforeTaxRatio": 0.1415480689,
    "incomeTaxExpense": 215500000,
    "netIncome": 410100000,
    "netIncomeRatio": 0.0927891033,
    "eps": 0.22,
    "epsdiluted": 0.21,
    "weightedAverageShsOut": 1901100000,
    "weightedAverageShsOutDil": 1915700000,
    "link": "https://www.sec.gov/Archives/edgar/data/36104/000095012401501229/0000950124-01-501229-index.htm",
    "finalLink": "https://www.sec.gov/Archives/edgar/data/36104/000095012401501229/c62116e10-q.txt"
  },
  {
    "date": "2000-12-31",
    "symbol": "USB",
    "reportedCurrency": "USD",
    "cik": "0000036104",
    "fillingDate": "2001-03-01",
    "acceptedDate": "2001-03-01 00:00:00",
    "calendarYear": "2000",
    "period": "Q4",
    "revenue": 4791341000,
    "costOfRevenue": 1707378000,
    "grossProfit": 3083963000,
    "grossProfitRatio": 0.6436534156,
    "researchAndDevelopmentExpenses": 0,
    "generalAndAdministrativeExpenses": 1335247000,
    "sellingAndMarketingExpenses": 0,
    "sellingGeneralAndAdministrativeExpenses": 1335247000,
    "otherExpenses": 715627000,
    "operatingExpenses": 2050874000,
    "costAndExpenses": 3758252000,
    "interestIncome": 2640729000,
    "interestExpense": 1192321000,
    "depreciationAndAmortization": 187790000,
    "ebitda": 1220879000,
    "ebitdaratio": 0.2548094573,
    "operatingIncome": 1033089000,
    "operatingIncomeRatio": 0.215615837,
    "totalOtherIncomeExpensesNet": 0,
    "incomeBeforeTax": 1033089000,
    "incomeBeforeTaxRatio": 0.215615837,
    "incomeTaxExpense": 374625000,
    "netIncome": 658464000,
    "netIncomeRatio": 0.1374279142,
    "eps": 0.35,
    "epsdiluted": 0.34,
    "weightedAverageShsOut": 1901100000,
    "weightedAverageShsOutDil": 1915700000,
    "link": "https://www.sec.gov/Archives/edgar/data/36104/000095012401001114/0000950124-01-001114-index.htm",
    "finalLink": "https://www.sec.gov/Archives/edgar/data/36104/000095012401001114/c59511e10-k405.txt"
  },
  {
    "date": "2000-09-30",
    "symbol": "USB",
    "reportedCurrency": "USD",
    "cik": "0000036104",
    "fillingDate": "2000-11-13",
    "acceptedDate": "2000-11-13 00:00:00",
    "calendarYear": "2000",
    "period": "Q3",
    "revenue": 1780511000,
    "costOfRevenue": 785093000,
    "grossProfit": 995418000,
    "grossProfitRatio": 0.5590631004,
    "researchAndDevelopmentExpenses": 0,
    "generalAndAdministrativeExpenses": 194003000,
    "sellingAndMarketingExpenses": 0,
    "sellingGeneralAndAdministrativeExpenses": 194003000,
    "otherExpenses": 339609000,
    "operatingExpenses": 533612000,
    "costAndExpenses": 1318705000,
    "interestIncome": 1405546000,
    "interestExpense": 726893000,
    "depreciationAndAmortization": 67267000,
    "ebitda": 529073000,
    "ebitdaratio": 0.297146718,
    "operatingIncome": 461806000,
    "operatingIncomeRatio": 0.2593671143,
    "totalOtherIncomeExpensesNet": 0,
    "incomeBeforeTax": 461806000,
    "incomeBeforeTaxRatio": 0.2593671143,
    "incomeTaxExpense": 152812000,
    "netIncome": 308994000,
    "netIncomeRatio": 0.1735423145,
    "eps": 0.16,
    "epsdiluted": 0.16,
    "weightedAverageShsOut": 1908700000,
    "weightedAverageShsOutDil": 1922200000,
    "link": "https://www.sec.gov/Archives/edgar/data/36104/000095012400006736/0000950124-00-006736-index.htm",
    "finalLink": "https://www.sec.gov/Archives/edgar/data/36104/000095012400006736/c57834e10-q.txt"
  },
  {
    "date": "2000-06-30",
    "symbol": "USB",
    "reportedCurrency": "USD",
    "cik": "0000036104",
    "fillingDate": "2000-08-11",
    "acceptedDate": "2000-08-11 00:00:00",
    "calendarYear": "2000",
    "period": "Q2",
    "revenue": 4184000000,
    "costOfRevenue": 1676500000,
    "grossProfit": 2507500000,
    "grossProfitRatio": 0.5993068834,
    "researchAndDevelopmentExpenses": 0,
    "generalAndAdministrativeExpenses": 701700000,
    "sellingAndMarketingExpenses": 0,
    "sellingGeneralAndAdministrativeExpenses": 701700000,
    "otherExpenses": 709400000,
    "operatingExpenses": 1411100000,
    "costAndExpenses": 3087600000,
    "interestIncome": 2980700000,
    "interestExpense": 1475200000,
    "depreciationAndAmortization": 63703000,
    "ebitda": 1160103000,
    "ebitdaratio": 0.2772712715,
    "operatingIncome": 1096400000,
    "operatingIncomeRatio": 0.2620458891,
    "totalOtherIncomeExpensesNet": 0,
    "incomeBeforeTax": 1096400000,
    "incomeBeforeTaxRatio": 0.2620458891,
    "incomeTaxExpense": 386600000,
    "netIncome": 709800000,
    "netIncomeRatio": 0.1696462715,
    "eps": 0.37,
    "epsdiluted": 0.37,
    "weightedAverageShsOut": 1911400000,
    "weightedAverageShsOutDil": 1925900000,
    "link": "https://www.sec.gov/Archives/edgar/data/36104/000095012400004887/0000950124-00-004887-index.htm",
    "finalLink": "https://www.sec.gov/Archives/edgar/data/36104/000095012400004887/e10-q.txt"
  },
  {
    "date": "2000-03-31",
    "symbol": "USB",
    "reportedCurrency": "USD",
    "cik": "0000036104",
    "fillingDate": "2000-05-12",
    "acceptedDate": "2000-05-12 00:00:00",
    "calendarYear": "2000",
    "period": "Q1",
    "revenue": 4020600000,
    "costOfRevenue": 1532800000,
    "grossProfit": 2487800000,
    "grossProfitRatio": 0.6187633687,
    "researchAndDevelopmentExpenses": 0,
    "generalAndAdministrativeExpenses": 741500000,
    "sellingAndMarketingExpenses": 0,
    "sellingGeneralAndAdministrativeExpenses": 741500000,
    "otherExpenses": 681100000,
    "operatingExpenses": 1422600000,
    "costAndExpenses": 2955400000,
    "interestIncome": 2839200000,
    "interestExpense": 1349600000,
    "depreciationAndAmortization": 68540000,
    "ebitda": 1133740000,
    "ebitdaratio": 0.2819827886,
    "operatingIncome": 1065200000,
    "operatingIncomeRatio": 0.2649355818,
    "totalOtherIncomeExpensesNet": 0,
    "incomeBeforeTax": 1065200000,
    "incomeBeforeTaxRatio": 0.2649355818,
    "incomeTaxExpense": 378400000,
    "netIncome": 686800000,
    "netIncomeRatio": 0.1708202756,
    "eps": 0.36,
    "epsdiluted": 0.36,
    "weightedAverageShsOut": 1921700000,
    "weightedAverageShsOutDil": 1933400000,
    "link": "https://www.sec.gov/Archives/edgar/data/36104/000095012400003102/0000950124-00-003102-index.html",
    "finalLink": "https://www.sec.gov/Archives/edgar/data/36104/000095012400003102/0000950124-00-003102.txt"
  },
  {
    "date": "1999-12-31",
    "symbol": "USB",
    "reportedCurrency": "USD",
    "cik": "0000036104",
    "fillingDate": "2000-02-25",
    "acceptedDate": "2000-02-25 00:00:00",
    "calendarYear": "1999",
    "period": "Q4",
    "revenue": 1629600000,
    "costOfRevenue": 649000000,
    "grossProfit": 980600000,
    "grossProfitRatio": 0.601742759,
    "researchAndDevelopmentExpenses": 0,
    "generalAndAdministrativeExpenses": 229900000,
    "sellingAndMarketingExpenses": 0,
    "sellingGeneralAndAdministrativeExpenses": 229900000,
    "otherExpenses": 318600000,
    "operatingExpenses": 548500000,
    "costAndExpenses": 1197500000,
    "interestIncome": 1268100000,
    "interestExpense": 605300000,
    "depreciationAndAmortization": 78100000,
    "ebitda": 510200000,
    "ebitdaratio": 0.3130829651,
    "operatingIncome": 432100000,
    "operatingIncomeRatio": 0.2651570938,
    "totalOtherIncomeExpensesNet": 0,
    "incomeBeforeTax": 432100000,
    "incomeBeforeTaxRatio": 0.2651570938,
    "incomeTaxExpense": 164100000,
    "netIncome": 268000000,
    "netIncomeRatio": 0.1644575356,
    "eps": 0.44,
    "epsdiluted": 0.44,
    "weightedAverageShsOut": 603527000,
    "weightedAverageShsOutDil": 603527000,
    "link": "https://www.sec.gov/Archives/edgar/data/36104/000091205700008486/0000912057-00-008486-index.html",
    "finalLink": "https://www.sec.gov/Archives/edgar/data/36104/000091205700008486/0000912057-00-008486.txt"
  },
  {
    "date": "1999-09-30",
    "symbol": "USB",
    "reportedCurrency": "USD",
    "cik": "0000036104",
    "fillingDate": "1999-11-12",
    "acceptedDate": "1999-11-12 00:00:00",
    "calendarYear": "1999",
    "period": "Q3",
    "revenue": 1616300000,
    "costOfRevenue": 661500000,
    "grossProfit": 954800000,
    "grossProfitRatio": 0.5907319186,
    "researchAndDevelopmentExpenses": 0,
    "generalAndAdministrativeExpenses": 247300000,
    "sellingAndMarketingExpenses": 0,
    "sellingGeneralAndAdministrativeExpenses": 247300000,
    "otherExpenses": 593300000,
    "operatingExpenses": 840600000,
    "costAndExpenses": 1502100000,
    "interestIncome": 1267700000,
    "interestExpense": 606200000,
    "depreciationAndAmortization": 65797000,
    "ebitda": 179997000,
    "ebitdaratio": 0.1113636082,
    "operatingIncome": 114200000,
    "operatingIncomeRatio": 0.0706552001,
    "totalOtherIncomeExpensesNet": 0,
    "incomeBeforeTax": 114200000,
    "incomeBeforeTaxRatio": 0.0706552001,
    "incomeTaxExpense": 85800000,
    "netIncome": 28400000,
    "netIncomeRatio": 0.0175709955,
    "eps": 0.55,
    "epsdiluted": 0.54,
    "weightedAverageShsOut": 727650000,
    "weightedAverageShsOutDil": 727650000,
    "link": "https://www.sec.gov/Archives/edgar/data/36104/000089710199001050/0000897101-99-001050-index.html",
    "finalLink": "https://www.sec.gov/Archives/edgar/data/36104/000089710199001050/"
  },
  {
    "date": "1999-06-30",
    "symbol": "USB",
    "reportedCurrency": "USD",
    "cik": "0000036104",
    "fillingDate": "1999-08-12",
    "acceptedDate": "1999-08-12 00:00:00",
    "calendarYear": "1999",
    "period": "Q2",
    "revenue": 1597230000,
    "costOfRevenue": 625613000,
    "grossProfit": 971617000,
    "grossProfitRatio": 0.6083137682,
    "researchAndDevelopmentExpenses": 0,
    "generalAndAdministrativeExpenses": 260312000,
    "sellingAndMarketingExpenses": 0,
    "sellingGeneralAndAdministrativeExpenses": 260312000,
    "otherExpenses": 275840000,
    "operatingExpenses": 536152000,
    "costAndExpenses": 1161765000,
    "interestIncome": 1244216000,
    "interestExpense": 580775000,
    "depreciationAndAmortization": 69264000,
    "ebitda": 504729000,
    "ebitdaratio": 0.3160027047,
    "operatingIncome": 435465000,
    "operatingIncomeRatio": 0.2726376289,
    "totalOtherIncomeExpensesNet": 0,
    "incomeBeforeTax": 435465000,
    "incomeBeforeTaxRatio": 0.2726376289,
    "incomeTaxExpense": 144176000,
    "netIncome": 291289000,
    "netIncomeRatio": 0.1823713554,
    "eps": 0.52,
    "epsdiluted": 0.51,
    "weightedAverageShsOut": 560171000,
    "weightedAverageShsOutDil": 571155000,
    "link": "https://www.sec.gov/Archives/edgar/data/36104/000089710199000803/0000897101-99-000803-index.html",
    "finalLink": "https://www.sec.gov/Archives/edgar/data/36104/000089710199000803/0000897101-99-000803.txt"
  },
  {
    "date": "1999-03-31",
    "symbol": "USB",
    "reportedCurrency": "USD",
    "cik": "0000036104",
    "fillingDate": "1999-05-13",
    "acceptedDate": "1999-05-13 00:00:00",
    "calendarYear": "1999",
    "period": "Q1",
    "revenue": 1581279000,
    "costOfRevenue": 629730000,
    "grossProfit": 951549000,
    "grossProfitRatio": 0.6017590824,
    "researchAndDevelopmentExpenses": 0,
    "generalAndAdministrativeExpenses": 214840000,
    "sellingAndMarketingExpenses": 0,
    "sellingGeneralAndAdministrativeExpenses": 214840000,
    "otherExpenses": 306003000,
    "operatingExpenses": 520843000,
    "costAndExpenses": 1150573000,
    "interestIncome": 1241766000,
    "interestExpense": 586341000,
    "depreciationAndAmortization": 79139000,
    "ebitda": 509845000,
    "ebitdaratio": 0.3224257073,
    "operatingIncome": 430706000,
    "operatingIncomeRatio": 0.2723782457,
    "totalOtherIncomeExpensesNet": 0,
    "incomeBeforeTax": 430706000,
    "incomeBeforeTaxRatio": 0.2723782457,
    "incomeTaxExpense": 143082000,
    "netIncome": 287624000,
    "netIncomeRatio": 0.1818932649,
    "eps": 0.44,
    "epsdiluted": 0.44,
    "weightedAverageShsOut": 651536000,
    "weightedAverageShsOutDil": 657028000,
    "link": "https://www.sec.gov/Archives/edgar/data/36104/000089710199000519/0000897101-99-000519-index.html",
    "finalLink": "https://www.sec.gov/Archives/edgar/data/36104/"
  },
  {
    "date": "1998-12-31",
    "symbol": "USB",
    "reportedCurrency": "USD",
    "cik": "0000036104",
    "fillingDate": "1999-02-26",
    "acceptedDate": "1999-02-26 00:00:00",
    "calendarYear": "1998",
    "period": "Q4",
    "revenue": 2034600000,
    "costOfRevenue": 802700000,
    "grossProfit": 1231900000,
    "grossProfitRatio": 0.6054752777,
    "researchAndDevelopmentExpenses": 0,
    "generalAndAdministrativeExpenses": 315400000,
    "sellingAndMarketingExpenses": 0,
    "sellingGeneralAndAdministrativeExpenses": 315400000,
    "otherExpenses": 616400000,
    "operatingExpenses": 931800000,
    "costAndExpenses": 1734500000,
    "interestIncome": 1585900000,
    "interestExpense": 725300000,
    "depreciationAndAmortization": 134800000,
    "ebitda": 434900000,
    "ebitdaratio": 0.2137520889,
    "operatingIncome": 300100000,
    "operatingIncomeRatio": 0.1474982798,
    "totalOtherIncomeExpensesNet": 0,
    "incomeBeforeTax": 300100000,
    "incomeBeforeTaxRatio": 0.1474982798,
    "incomeTaxExpense": 101100000,
    "netIncome": 199000000,
    "netIncomeRatio": 0.0978079229,
    "eps": 0.31,
    "epsdiluted": 0.3,
    "weightedAverageShsOut": 651536000,
    "weightedAverageShsOutDil": 657028000,
    "link": "https://www.sec.gov/Archives/edgar/data/36104/000104746999007568/0001047469-99-007568-index.htm",
    "finalLink": "https://www.sec.gov/Archives/edgar/data/36104/000104746999007568/"
  },
  {
    "date": "1998-09-30",
    "symbol": "USB",
    "reportedCurrency": "USD",
    "cik": "0000036104",
    "fillingDate": "1998-11-13",
    "acceptedDate": "1998-11-13 00:00:00",
    "calendarYear": "1998",
    "period": "Q3",
    "revenue": 1656700000,
    "costOfRevenue": 699300000,
    "grossProfit": 957400000,
    "grossProfitRatio": 0.577895817,
    "researchAndDevelopmentExpenses": 0,
    "generalAndAdministrativeExpenses": 288800000,
    "sellingAndMarketingExpenses": 0,
    "sellingGeneralAndAdministrativeExpenses": 288800000,
    "otherExpenses": 376000000,
    "operatingExpenses": 664800000,
    "costAndExpenses": 1364100000,
    "interestIncome": 1276600000,
    "interestExpense": 643400000,
    "depreciationAndAmortization": 171200000,
    "ebitda": 463800000,
    "ebitdaratio": 0.2799541257,
    "operatingIncome": 292600000,
    "operatingIncomeRatio": 0.1766161647,
    "totalOtherIncomeExpensesNet": 0,
    "incomeBeforeTax": 292600000,
    "incomeBeforeTaxRatio": 0.1766161647,
    "incomeTaxExpense": 99800000,
    "netIncome": 192800000,
    "netIncomeRatio": 0.116375928,
    "eps": 0.3,
    "epsdiluted": 0.29,
    "weightedAverageShsOut": 651536000,
    "weightedAverageShsOutDil": 657028000,
    "link": "https://www.sec.gov/Archives/edgar/data/36104/000089710198001122/0000897101-98-001122-index.html",
    "finalLink": "https://www.sec.gov/Archives/edgar/data/36104/"
  },
  {
    "date": "1998-06-30",
    "symbol": "USB",
    "reportedCurrency": "USD",
    "cik": "0000036104",
    "fillingDate": "1998-08-12",
    "acceptedDate": "1998-08-12 00:00:00",
    "calendarYear": "1998",
    "period": "Q2",
    "revenue": 870800000,
    "costOfRevenue": 333900000,
    "grossProfit": 536900000,
    "grossProfitRatio": 0.6165594855,
    "researchAndDevelopmentExpenses": 0,
    "generalAndAdministrativeExpenses": 158100000,
    "sellingAndMarketingExpenses": 0,
    "sellingGeneralAndAdministrativeExpenses": 158100000,
    "otherExpenses": 157000000,
    "operatingExpenses": 315100000,
    "costAndExpenses": 649000000,
    "interestIncome": 659100000,
    "interestExpense": 309400000,
    "depreciationAndAmortization": 15500000,
    "ebitda": 237300000,
    "ebitdaratio": 0.2725080386,
    "operatingIncome": 221800000,
    "operatingIncomeRatio": 0.2547083142,
    "totalOtherIncomeExpensesNet": 0,
    "incomeBeforeTax": 221800000,
    "incomeBeforeTaxRatio": 0.2547083142,
    "incomeTaxExpense": 73100000,
    "netIncome": 148700000,
    "netIncomeRatio": 0.1707625172,
    "eps": 0.23,
    "epsdiluted": 0.23,
    "weightedAverageShsOut": 651536000,
    "weightedAverageShsOutDil": 657028000,
    "link": "https://www.sec.gov/Archives/edgar/data/36104/000089710198000807/0000897101-98-000807-index.html",
    "finalLink": "https://www.sec.gov/Archives/edgar/data/36104/"
  },
  {
    "date": "1998-03-31",
    "symbol": "USB",
    "reportedCurrency": "USD",
    "cik": "0000036104",
    "fillingDate": "1998-05-13",
    "acceptedDate": "1998-05-13 00:00:00",
    "calendarYear": "1998",
    "period": "Q1",
    "revenue": 830800000,
    "costOfRevenue": 323700000,
    "grossProfit": 507100000,
    "grossProfitRatio": 0.6103755416,
    "researchAndDevelopmentExpenses": 0,
    "generalAndAdministrativeExpenses": 155900000,
    "sellingAndMarketingExpenses": 0,
    "sellingGeneralAndAdministrativeExpenses": 155900000,
    "otherExpenses": 144500000,
    "operatingExpenses": 300400000,
    "costAndExpenses": 624100000,
    "interestIncome": 633800000,
    "interestExpense": 295100000,
    "depreciationAndAmortization": 35800000,
    "ebitda": 242500000,
    "ebitdaratio": 0.2918873375,
    "operatingIncome": 206700000,
    "operatingIncomeRatio": 0.2487963409,
    "totalOtherIncomeExpensesNet": 0,
    "incomeBeforeTax": 206700000,
    "incomeBeforeTaxRatio": 0.2487963409,
    "incomeTaxExpense": 67900000,
    "netIncome": 138800000,
    "netIncomeRatio": 0.1670678864,
    "eps": 0.44,
    "epsdiluted": 0.44,
    "weightedAverageShsOut": 742901000,
    "weightedAverageShsOutDil": 742901000,
    "link": "https://www.sec.gov/Archives/edgar/data/36104/000089710198000542/0000897101-98-000542-index.html",
    "finalLink": "https://www.sec.gov/Archives/edgar/data/36104/"
  },
  {
    "date": "1997-12-31",
    "symbol": "USB",
    "reportedCurrency": "USD",
    "cik": "0000036104",
    "fillingDate": "1998-02-27",
    "acceptedDate": "1998-02-27 15:54:19",
    "calendarYear": "1997",
    "period": "Q4",
    "revenue": 263700000,
    "costOfRevenue": 101800000,
    "grossProfit": 161900000,
    "grossProfitRatio": 0.6139552522,
    "researchAndDevelopmentExpenses": 0,
    "generalAndAdministrativeExpenses": 36400000,
    "sellingAndMarketingExpenses": 0,
    "sellingGeneralAndAdministrativeExpenses": 36400000,
    "otherExpenses": 48500000,
    "operatingExpenses": 84900000,
    "costAndExpenses": 186700000,
    "interestIncome": 208500000,
    "interestExpense": 89800000,
    "depreciationAndAmortization": 10900000,
    "ebitda": 87900000,
    "ebitdaratio": 0.3333333333,
    "operatingIncome": 77000000,
    "operatingIncomeRatio": 0.2919984831,
    "totalOtherIncomeExpensesNet": 0,
    "incomeBeforeTax": 77000000,
    "incomeBeforeTaxRatio": 0.2919984831,
    "incomeTaxExpense": 25200000,
    "netIncome": 51800000,
    "netIncomeRatio": 0.1964353432,
    "eps": 0.07,
    "epsdiluted": 0.07,
    "weightedAverageShsOut": 719301000,
    "weightedAverageShsOutDil": 742901000,
    "link": "https://www.sec.gov/Archives/edgar/data/36104/000104746998008045/0001047469-98-008045-index.htm",
    "finalLink": "https://www.sec.gov/Archives/edgar/data/36104/000104746998008045/0001047469-98-008045.txt"
  },
  {
    "date": "1997-09-30",
    "symbol": "USB",
    "reportedCurrency": "USD",
    "cik": "0000036104",
    "fillingDate": "1997-11-14",
    "acceptedDate": "1997-11-14 00:00:00",
    "calendarYear": "1997",
    "period": "Q3",
    "revenue": 474700000,
    "costOfRevenue": 177700000,
    "grossProfit": 297000000,
    "grossProfitRatio": 0.6256583105,
    "researchAndDevelopmentExpenses": 0,
    "generalAndAdministrativeExpenses": 98600000,
    "sellingAndMarketingExpenses": 0,
    "sellingGeneralAndAdministrativeExpenses": 98600000,
    "otherExpenses": 84700000,
    "operatingExpenses": 183300000,
    "costAndExpenses": 361000000,
    "interestIncome": 354300000,
    "interestExpense": 166400000,
    "depreciationAndAmortization": 25400000,
    "ebitda": 139100000,
    "ebitdaratio": 0.2930271751,
    "operatingIncome": 113700000,
    "operatingIncomeRatio": 0.2395196967,
    "totalOtherIncomeExpensesNet": 0,
    "incomeBeforeTax": 113700000,
    "incomeBeforeTaxRatio": 0.2395196967,
    "incomeTaxExpense": 38400000,
    "netIncome": 75300000,
    "netIncomeRatio": 0.1586265009,
    "eps": -0.07,
    "epsdiluted": -0.07,
    "weightedAverageShsOut": 406224000,
    "weightedAverageShsOutDil": 406224000,
    "link": "https://www.sec.gov/Archives/edgar/data/36104/000089710197001189/0000897101-97-001189-index.html",
    "finalLink": "https://www.sec.gov/Archives/edgar/data/36104/"
  },
  {
    "date": "1997-06-30",
    "symbol": "USB",
    "reportedCurrency": "USD",
    "cik": "0000036104",
    "fillingDate": "1997-08-13",
    "acceptedDate": "1997-08-13 00:00:00",
    "calendarYear": "1997",
    "period": "Q2",
    "revenue": 249400000,
    "costOfRevenue": 98200000,
    "grossProfit": 151200000,
    "grossProfitRatio": 0.606255012,
    "researchAndDevelopmentExpenses": 0,
    "generalAndAdministrativeExpenses": 36900000,
    "sellingAndMarketingExpenses": 0,
    "sellingGeneralAndAdministrativeExpenses": 36900000,
    "otherExpenses": 42600000,
    "operatingExpenses": 79500000,
    "costAndExpenses": 177700000,
    "interestIncome": 199400000,
    "interestExpense": 84500000,
    "depreciationAndAmortization": 10000000,
    "ebitda": 81700000,
    "ebitdaratio": 0.3275862069,
    "operatingIncome": 71700000,
    "operatingIncomeRatio": 0.2874899759,
    "totalOtherIncomeExpensesNet": 0,
    "incomeBeforeTax": 71700000,
    "incomeBeforeTaxRatio": 0.2874899759,
    "incomeTaxExpense": 24100000,
    "netIncome": 47600000,
    "netIncomeRatio": 0.1908580593,
    "eps": 0.44,
    "epsdiluted": 0.44,
    "weightedAverageShsOut": 405865000,
    "weightedAverageShsOutDil": 405865000,
    "link": "https://www.sec.gov/Archives/edgar/data/36104/000089710197000911/0000897101-97-000911-index.html",
    "finalLink": "https://www.sec.gov/Archives/edgar/data/36104/"
  },
  {
    "date": "1997-03-31",
    "symbol": "USB",
    "reportedCurrency": "USD",
    "cik": "0000036104",
    "fillingDate": "1997-05-14",
    "acceptedDate": "1997-05-14 00:00:00",
    "calendarYear": "1997",
    "period": "Q1",
    "revenue": 237600000,
    "costOfRevenue": 93700000,
    "grossProfit": 143900000,
    "grossProfitRatio": 0.6056397306,
    "researchAndDevelopmentExpenses": 0,
    "generalAndAdministrativeExpenses": 35800000,
    "sellingAndMarketingExpenses": 0,
    "sellingGeneralAndAdministrativeExpenses": 35800000,
    "otherExpenses": 40400000,
    "operatingExpenses": 76200000,
    "costAndExpenses": 169900000,
    "interestIncome": 192200000,
    "interestExpense": 80100000,
    "depreciationAndAmortization": 9600000,
    "ebitda": 77300000,
    "ebitdaratio": 0.3253367003,
    "operatingIncome": 67700000,
    "operatingIncomeRatio": 0.2849326599,
    "totalOtherIncomeExpensesNet": 0,
    "incomeBeforeTax": 67700000,
    "incomeBeforeTaxRatio": 0.2849326599,
    "incomeTaxExpense": 22400000,
    "netIncome": 45300000,
    "netIncomeRatio": 0.1906565657,
    "eps": 0.42,
    "epsdiluted": 0.42,
    "weightedAverageShsOut": 406576000,
    "weightedAverageShsOutDil": 406576000,
    "link": "https://www.sec.gov/Archives/edgar/data/36104/000089710197000563/0000897101-97-000563-index.html",
    "finalLink": "https://www.sec.gov/Archives/edgar/data/36104/"
  },
  {
    "date": "1996-12-31",
    "symbol": "USB",
    "reportedCurrency": "USD",
    "cik": "0000036104",
    "fillingDate": "1997-02-28",
    "acceptedDate": "1997-02-28 00:00:00",
    "calendarYear": "1996",
    "period": "Q4",
    "revenue": 233900000,
    "costOfRevenue": 90600000,
    "grossProfit": 143300000,
    "grossProfitRatio": 0.6126549808,
    "researchAndDevelopmentExpenses": 0,
    "generalAndAdministrativeExpenses": 36300000,
    "sellingAndMarketingExpenses": 0,
    "sellingGeneralAndAdministrativeExpenses": 36300000,
    "otherExpenses": 42900000,
    "operatingExpenses": 79200000,
    "costAndExpenses": 169800000,
    "interestIncome": 190000000,
    "interestExpense": 79400000,
    "depreciationAndAmortization": 9800000,
    "ebitda": 73900000,
    "ebitdaratio": 0.3159469859,
    "operatingIncome": 64100000,
    "operatingIncomeRatio": 0.2740487388,
    "totalOtherIncomeExpensesNet": 0,
    "incomeBeforeTax": 64100000,
    "incomeBeforeTaxRatio": 0.2740487388,
    "incomeTaxExpense": 21800000,
    "netIncome": 42300000,
    "netIncomeRatio": 0.1808465156,
    "eps": 0.1,
    "epsdiluted": 0.1,
    "weightedAverageShsOut": 406576000,
    "weightedAverageShsOutDil": 406576000,
    "link": "https://www.sec.gov/Archives/edgar/data/36104/000095013197001484/0000950131-97-001484-index.html",
    "finalLink": "https://www.sec.gov/Archives/edgar/data/36104/0000950131-97-001484.txt"
  },
  {
    "date": "1996-09-30",
    "symbol": "USB",
    "reportedCurrency": "USD",
    "cik": "0000036104",
    "fillingDate": "1996-11-13",
    "acceptedDate": "1996-11-13 00:00:00",
    "calendarYear": "1996",
    "period": "Q3",
    "revenue": 230700000,
    "costOfRevenue": 90600000,
    "grossProfit": 140100000,
    "grossProfitRatio": 0.6072821847,
    "researchAndDevelopmentExpenses": 0,
    "generalAndAdministrativeExpenses": 34700000,
    "sellingAndMarketingExpenses": 0,
    "sellingGeneralAndAdministrativeExpenses": 34700000,
    "otherExpenses": 47200000,
    "operatingExpenses": 81900000,
    "costAndExpenses": 172500000,
    "interestIncome": 186200000,
    "interestExpense": 78500000,
    "depreciationAndAmortization": 9200000,
    "ebitda": 67400000,
    "ebitdaratio": 0.292154313,
    "operatingIncome": 58200000,
    "operatingIncomeRatio": 0.2522756827,
    "totalOtherIncomeExpensesNet": 0,
    "incomeBeforeTax": 58200000,
    "incomeBeforeTaxRatio": 0.2522756827,
    "incomeTaxExpense": 20000000,
    "netIncome": 38200000,
    "netIncomeRatio": 0.1655830082,
    "eps": 0.11,
    "epsdiluted": 0.11,
    "weightedAverageShsOut": 332177000,
    "weightedAverageShsOutDil": 332177000,
    "link": "https://www.sec.gov/Archives/edgar/data/36104/000089710196000979/0000897101-96-000979-index.html",
    "finalLink": "https://www.sec.gov/Archives/edgar/data/36104/0000897101-96-000979.txt"
  },
  {
    "date": "1996-06-30",
    "symbol": "USB",
    "reportedCurrency": "USD",
    "cik": "0000036104",
    "fillingDate": "1996-08-13",
    "acceptedDate": "1996-08-13 00:00:00",
    "calendarYear": "1996",
    "period": "Q2",
    "revenue": 223000000,
    "costOfRevenue": 87800000,
    "grossProfit": 135200000,
    "grossProfitRatio": 0.6062780269,
    "researchAndDevelopmentExpenses": 0,
    "generalAndAdministrativeExpenses": 35300000,
    "sellingAndMarketingExpenses": 0,
    "sellingGeneralAndAdministrativeExpenses": 35300000,
    "otherExpenses": 39700000,
    "operatingExpenses": 75000000,
    "costAndExpenses": 162800000,
    "interestIncome": 180600000,
    "interestExpense": 79100000,
    "depreciationAndAmortization": 9800000,
    "ebitda": 70000000,
    "ebitdaratio": 0.3139013453,
    "operatingIncome": 60200000,
    "operatingIncomeRatio": 0.269955157,
    "totalOtherIncomeExpensesNet": 0,
    "incomeBeforeTax": 60200000,
    "incomeBeforeTaxRatio": 0.269955157,
    "incomeTaxExpense": 20400000,
    "netIncome": 39800000,
    "netIncomeRatio": 0.1784753363,
    "eps": 0.6,
    "epsdiluted": 0.6,
    "weightedAverageShsOut": 332177000,
    "weightedAverageShsOutDil": 332177000,
    "link": "https://www.sec.gov/Archives/edgar/data/36104/000089710196000643/0000897101-96-000643-index.html",
    "finalLink": "https://www.sec.gov/Archives/edgar/data/36104/0000897101-96-000643.txt"
  },
  {
    "date": "1996-03-31",
    "symbol": "USB",
    "reportedCurrency": "USD",
    "cik": "0000036104",
    "fillingDate": "1996-05-14",
    "acceptedDate": "1996-05-14 00:00:00",
    "calendarYear": "1996",
    "period": "Q1",
    "revenue": 218500000,
    "costOfRevenue": 89100000,
    "grossProfit": 129400000,
    "grossProfitRatio": 0.5922196796,
    "researchAndDevelopmentExpenses": 0,
    "generalAndAdministrativeExpenses": 34800000,
    "sellingAndMarketingExpenses": 0,
    "sellingGeneralAndAdministrativeExpenses": 34800000,
    "otherExpenses": 37400000,
    "operatingExpenses": 72200000,
    "costAndExpenses": 161300000,
    "interestIncome": 178700000,
    "interestExpense": 80300000,
    "depreciationAndAmortization": 9600000,
    "ebitda": 66800000,
    "ebitdaratio": 0.3057208238,
    "operatingIncome": 57200000,
    "operatingIncomeRatio": 0.261784897,
    "totalOtherIncomeExpensesNet": 0,
    "incomeBeforeTax": 57200000,
    "incomeBeforeTaxRatio": 0.261784897,
    "incomeTaxExpense": 19100000,
    "netIncome": 38100000,
    "netIncomeRatio": 0.1743707094,
    "eps": 0.11,
    "epsdiluted": 0.11,
    "weightedAverageShsOut": 332177000,
    "weightedAverageShsOutDil": 332177000,
    "link": "https://www.sec.gov/Archives/edgar/data/36104/000089710196000250/0000897101-96-000250-index.html",
    "finalLink": "https://www.sec.gov/Archives/edgar/data/36104/0000897101-96-000250.txt"
  },
  {
    "date": "1995-12-31",
    "symbol": "USB",
    "reportedCurrency": "USD",
    "cik": "0000036104",
    "fillingDate": "1996-03-04",
    "acceptedDate": "1996-03-04 00:00:00",
    "calendarYear": "1995",
    "period": "Q4",
    "revenue": 221800000,
    "costOfRevenue": 90200000,
    "grossProfit": 131600000,
    "grossProfitRatio": 0.5933273219,
    "researchAndDevelopmentExpenses": 0,
    "generalAndAdministrativeExpenses": 35000000,
    "sellingAndMarketingExpenses": 0,
    "sellingGeneralAndAdministrativeExpenses": 35000000,
    "otherExpenses": 42700000,
    "operatingExpenses": 77700000,
    "costAndExpenses": 167900000,
    "interestIncome": 182500000,
    "interestExpense": 84500000,
    "depreciationAndAmortization": 9700000,
    "ebitda": 63600000,
    "ebitdaratio": 0.2867448151,
    "operatingIncome": 53900000,
    "operatingIncomeRatio": 0.2430117223,
    "totalOtherIncomeExpensesNet": 0,
    "incomeBeforeTax": 53900000,
    "incomeBeforeTaxRatio": 0.2430117223,
    "incomeTaxExpense": 18000000,
    "netIncome": 35900000,
    "netIncomeRatio": 0.1618575293,
    "eps": 0.11,
    "epsdiluted": 0.11,
    "weightedAverageShsOut": 332177000,
    "weightedAverageShsOutDil": 332177000,
    "link": "https://www.sec.gov/Archives/edgar/data/36104/000095013196000875/0000950131-96-000875-index.htm",
    "finalLink": "https://www.sec.gov/Archives/edgar/data/36104/000095013196000875/"
  },
  {
    "date": "1995-09-30",
    "symbol": "USB",
    "reportedCurrency": "USD",
    "cik": "0000036104",
    "fillingDate": "1995-11-13",
    "acceptedDate": "1995-11-13 00:00:00",
    "calendarYear": "1995",
    "period": "Q3",
    "revenue": 213800000,
    "costOfRevenue": 92100000,
    "grossProfit": 121700000,
    "grossProfitRatio": 0.5692235734,
    "researchAndDevelopmentExpenses": 0,
    "generalAndAdministrativeExpenses": 33700000,
    "sellingAndMarketingExpenses": 0,
    "sellingGeneralAndAdministrativeExpenses": 33700000,
    "otherExpenses": 36700000,
    "operatingExpenses": 70400000,
    "costAndExpenses": 162500000,
    "interestIncome": 181700000,
    "interestExpense": 84800000,
    "depreciationAndAmortization": 8500000,
    "ebitda": 59800000,
    "ebitdaratio": 0.2797006548,
    "operatingIncome": 51300000,
    "operatingIncomeRatio": 0.2399438728,
    "totalOtherIncomeExpensesNet": 0,
    "incomeBeforeTax": 51300000,
    "incomeBeforeTaxRatio": 0.2399438728,
    "incomeTaxExpense": 17100000,
    "netIncome": 34200000,
    "netIncomeRatio": 0.1599625819,
    "eps": 0.1,
    "epsdiluted": 0.1,
    "weightedAverageShsOut": 332177000,
    "weightedAverageShsOutDil": 332177000,
    "link": "https://www.sec.gov/Archives/edgar/data/36104/000089710195000408/0000897101-95-000408-index.html",
    "finalLink": "https://www.sec.gov/Archives/edgar/data/36104/0000897101-95-000408.txt"
  }
]