[
  {
    "date": "2024-12-31",
    "symbol": "USB",
    "reportedCurrency": "USD",
    "cik": "0000036104",
    "fillingDate": "2025-02-21",
    "acceptedDate": "2025-02-21 16:55:07",
    "calendarYear": "2024",
    "period": "FY",
    "revenue": 42712000000,
    "costOfRevenue": 17615000000,
    "grossProfit": 25097000000,
    "grossProfitRatio": 0.5875866267,
    "researchAndDevelopmentExpenses": 0,
    "generalAndAdministrativeExpenses": 10554000000,
    "sellingAndMarketingExpenses": 619000000,
    "sellingGeneralAndAdministrativeExpenses": 11173000000,
    "otherExpenses": 6015000000,
    "operatingExpenses": 17188000000,
    "costAndExpenses": 34803000000,
    "interestIncome": 31666000000,
    "interestExpense": 15377000000,
    "depreciationAndAmortization": 939000000,
    "ebitda": 8848000000,
    "ebitdaratio": 0.2071548979,
    "operatingIncome": 7909000000,
    "operatingIncomeRatio": 0.1851704439,
    "totalOtherIncomeExpensesNet": 0,
    "incomeBeforeTax": 7909000000,
    "incomeBeforeTaxRatio": 0.1851704439,
    "incomeTaxExpense": 1580000000,
    "netIncome": 6299000000,
    "netIncomeRatio": 0.1474761191,
    "eps": 3.79,
    "epsdiluted": 3.79,
    "weightedAverageShsOut": 1560000000,
    "weightedAverageShsOutDil": 1561000000,
    "link": "https://www.sec.gov/Archives/edgar/data/36104/000003610425000016/0000036104-25-000016-index.htm",
    "finalLink": "https://www.sec.gov/Archives/edgar/data/36104/000003610425000016/usb-20241231.htm"
  },
  {
    "date": "2023-12-31",
    "symbol": "USB",
    "reportedCurrency": "USD",
    "cik": "0000036104",
    "fillingDate": "2024-02-20",
    "acceptedDate": "2024-02-20 17:10:20",
    "calendarYear": "2023",
    "period": "FY",
    "revenue": 40624000000,
    "costOfRevenue": 14886000000,
    "grossProfit": 25738000000,
    "grossProfitRatio": 0.6335663647,
    "researchAndDevelopmentExpenses": 0,
    "generalAndAdministrativeExpenses": 10416000000,
    "sellingAndMarketingExpenses": 726000000,
    "sellingGeneralAndAdministrativeExpenses": 11142000000,
    "otherExpenses": 7731000000,
    "operatingExpenses": 18873000000,
    "costAndExpenses": 33759000000,
    "interestIncome": 30007000000,
    "interestExpense": 12611000000,
    "depreciationAndAmortization": 1018000000,
    "ebitda": 7883000000,
    "ebitdaratio": 0.1940478535,
    "operatingIncome": 6865000000,
    "operatingIncomeRatio": 0.1689887751,
    "totalOtherIncomeExpensesNet": 0,
    "incomeBeforeTax": 6865000000,
    "incomeBeforeTaxRatio": 0.1689887751,
    "incomeTaxExpense": 1407000000,
    "netIncome": 5429000000,
    "netIncomeRatio": 0.1336402127,
    "eps": 3.27,
    "epsdiluted": 3.27,
    "weightedAverageShsOut": 1543000000,
    "weightedAverageShsOutDil": 1543000000,
    "link": "https://www.sec.gov/Archives/edgar/data/36104/000003610424000018/0000036104-24-000018-index.htm",
    "finalLink": "https://www.sec.gov/Archives/edgar/data/36104/000003610424000018/usb-20231231.htm"
  },
  {
    "date": "2022-12-31",
    "symbol": "USB",
    "reportedCurrency": "USD",
    "cik": "0000036104",
    "fillingDate": "2023-02-27",
    "acceptedDate": "2023-02-27 15:41:21",
    "calendarYear": "2022",
    "period": "FY",
    "revenue": 27401000000,
    "costOfRevenue": 5194000000,
    "grossProfit": 22207000000,
    "grossProfitRatio": 0.8104448743,
    "researchAndDevelopmentExpenses": 0,
    "generalAndAdministrativeExpenses": 9157000000,
    "sellingAndMarketingExpenses": 456000000,
    "sellingGeneralAndAdministrativeExpenses": 9613000000,
    "otherExpenses": 5293000000,
    "operatingExpenses": 14906000000,
    "costAndExpenses": 20100000000,
    "interestIncome": 17945000000,
    "interestExpense": 3217000000,
    "depreciationAndAmortization": 560000000,
    "ebitda": 7861000000,
    "ebitdaratio": 0.2868873399,
    "operatingIncome": 7301000000,
    "operatingIncomeRatio": 0.2664501296,
    "totalOtherIncomeExpensesNet": 0,
    "incomeBeforeTax": 7301000000,
    "incomeBeforeTaxRatio": 0.2664501296,
    "incomeTaxExpense": 1463000000,
    "netIncome": 5825000000,
    "netIncomeRatio": 0.2125834824,
    "eps": 3.69,
    "epsdiluted": 3.69,
    "weightedAverageShsOut": 1489000000,
    "weightedAverageShsOutDil": 1490000000,
    "link": "https://www.sec.gov/Archives/edgar/data/36104/000119312523050691/0001193125-23-050691-index.htm",
    "finalLink": "https://www.sec.gov/Archives/edgar/data/36104/000119312523050691/d410791d10k.htm"
  },
  {
    "date": "2021-12-31",
    "symbol": "USB",
    "reportedCurrency": "USD",
    "cik": "0000036104",
    "fillingDate": "2022-02-22",
    "acceptedDate": "2022-02-22 17:14:10",
    "calendarYear": "2021",
    "period": "FY",
    "revenue": 23714000000,
    "costOfRevenue": -180000000,
    "grossProfit": 23894000000,
    "grossProfitRatio": 1.0075904529,
    "researchAndDevelopmentExpenses": 0,
    "generalAndAdministrativeExpenses": 8728000000,
    "sellingAndMarketingExpenses": 366000000,
    "sellingGeneralAndAdministrativeExpenses": 9094000000,
    "otherExpenses": 4634000000,
    "operatingExpenses": 13728000000,
    "costAndExpenses": 13548000000,
    "interestIncome": 13487000000,
    "interestExpense": 993000000,
    "depreciationAndAmortization": 497000000,
    "ebitda": 10663000000,
    "ebitdaratio": 0.4496499958,
    "operatingIncome": 10166000000,
    "operatingIncomeRatio": 0.428691912,
    "totalOtherIncomeExpensesNet": 0,
    "incomeBeforeTax": 10166000000,
    "incomeBeforeTaxRatio": 0.428691912,
    "incomeTaxExpense": 2181000000,
    "netIncome": 7963000000,
    "netIncomeRatio": 0.3357932023,
    "eps": 5.11,
    "epsdiluted": 5.1,
    "weightedAverageShsOut": 1489000000,
    "weightedAverageShsOutDil": 1490000000,
    "link": "https://www.sec.gov/Archives/edgar/data/36104/000119312522048709/0001193125-22-048709-index.htm",
    "finalLink": "https://www.sec.gov/Archives/edgar/data/36104/000119312522048709/d256232d10k.htm"
  },
  {
    "date": "2020-12-31",
    "symbol": "USB",
    "reportedCurrency": "USD",
    "cik": "0000036104",
    "fillingDate": "2021-02-23",
    "acceptedDate": "2021-02-23 17:13:37",
    "calendarYear": "2020",
    "period": "FY",
    "revenue": 25241000000,
    "costOfRevenue": 5821000000,
    "grossProfit": 19420000000,
    "grossProfitRatio": 0.7693831465,
    "researchAndDevelopmentExpenses": 0,
    "generalAndAdministrativeExpenses": 7938000000,
    "sellingAndMarketingExpenses": 318000000,
    "sellingGeneralAndAdministrativeExpenses": 8256000000,
    "otherExpenses": 5113000000,
    "operatingExpenses": 13369000000,
    "costAndExpenses": 19190000000,
    "interestIncome": 14840000000,
    "interestExpense": 2015000000,
    "depreciationAndAmortization": 527000000,
    "ebitda": 6578000000,
    "ebitdaratio": 0.2606077414,
    "operatingIncome": 6051000000,
    "operatingIncomeRatio": 0.2397290123,
    "totalOtherIncomeExpensesNet": 0,
    "incomeBeforeTax": 6051000000,
    "incomeBeforeTaxRatio": 0.2397290123,
    "incomeTaxExpense": 1066000000,
    "netIncome": 4959000000,
    "netIncomeRatio": 0.1964660671,
    "eps": 3.06,
    "epsdiluted": 3.06,
    "weightedAverageShsOut": 1509000000,
    "weightedAverageShsOutDil": 1510000000,
    "link": "https://www.sec.gov/Archives/edgar/data/36104/000119312521052547/0001193125-21-052547-index.htm",
    "finalLink": "https://www.sec.gov/Archives/edgar/data/36104/000119312521052547/d14650d10k.htm"
  },
  {
    "date": "2019-12-31",
    "symbol": "USB",
    "reportedCurrency": "USD",
    "cik": "0000036104",
    "fillingDate": "2020-02-20",
    "acceptedDate": "2020-02-20 16:58:09",
    "calendarYear": "2019",
    "period": "FY",
    "revenue": 27325000000,
    "costOfRevenue": 5946000000,
    "grossProfit": 21379000000,
    "grossProfitRatio": 0.7823970723,
    "researchAndDevelopmentExpenses": 0,
    "generalAndAdministrativeExpenses": 7611000000,
    "sellingAndMarketingExpenses": 426000000,
    "sellingGeneralAndAdministrativeExpenses": 8037000000,
    "otherExpenses": 4748000000,
    "operatingExpenses": 12785000000,
    "costAndExpenses": 18731000000,
    "interestIncome": 17494000000,
    "interestExpense": 4442000000,
    "depreciationAndAmortization": 502000000,
    "ebitda": 9096000000,
    "ebitdaratio": 0.3328819762,
    "operatingIncome": 8594000000,
    "operatingIncomeRatio": 0.3145105215,
    "totalOtherIncomeExpensesNet": 0,
    "incomeBeforeTax": 8594000000,
    "incomeBeforeTaxRatio": 0.3145105215,
    "incomeTaxExpense": 1648000000,
    "netIncome": 6914000000,
    "netIncomeRatio": 0.2530283623,
    "eps": 4.16,
    "epsdiluted": 4.16,
    "weightedAverageShsOut": 1581000000,
    "weightedAverageShsOutDil": 1583000000,
    "link": "https://www.sec.gov/Archives/edgar/data/36104/000119312520043622/0001193125-20-043622-index.htm",
    "finalLink": "https://www.sec.gov/Archives/edgar/data/36104/000119312520043622/d597518d10k.htm"
  },
  {
    "date": "2018-12-31",
    "symbol": "USB",
    "reportedCurrency": "USD",
    "cik": "0000036104",
    "fillingDate": "2019-02-22",
    "acceptedDate": "2019-02-21 18:03:40",
    "calendarYear": "2018",
    "period": "FY",
    "revenue": 25775000000,
    "costOfRevenue": 4633000000,
    "grossProfit": 21142000000,
    "grossProfitRatio": 0.8202521823,
    "researchAndDevelopmentExpenses": 0,
    "generalAndAdministrativeExpenses": 7393000000,
    "sellingAndMarketingExpenses": 429000000,
    "sellingGeneralAndAdministrativeExpenses": 7822000000,
    "otherExpenses": 4642000000,
    "operatingExpenses": 12464000000,
    "costAndExpenses": 17097000000,
    "interestIncome": 16173000000,
    "interestExpense": 3254000000,
    "depreciationAndAmortization": 467000000,
    "ebitda": 9145000000,
    "ebitdaratio": 0.3548011639,
    "operatingIncome": 8678000000,
    "operatingIncomeRatio": 0.3366828322,
    "totalOtherIncomeExpensesNet": 0,
    "incomeBeforeTax": 8678000000,
    "incomeBeforeTaxRatio": 0.3366828322,
    "incomeTaxExpense": 1554000000,
    "netIncome": 7096000000,
    "netIncomeRatio": 0.2753055286,
    "eps": 4.15,
    "epsdiluted": 4.14,
    "weightedAverageShsOut": 1634000000,
    "weightedAverageShsOutDil": 1638000000,
    "link": "https://www.sec.gov/Archives/edgar/data/36104/000119312519047201/0001193125-19-047201-index.htm",
    "finalLink": "https://www.sec.gov/Archives/edgar/data/36104/000119312519047201/d584906d10k.htm"
  },
  {
    "date": "2017-12-31",
    "symbol": "USB",
    "reportedCurrency": "USD",
    "cik": "0000036104",
    "fillingDate": "2018-02-22",
    "acceptedDate": "2018-02-22 15:07:08",
    "calendarYear": "2017",
    "period": "FY",
    "revenue": 23663000000,
    "costOfRevenue": 3356000000,
    "grossProfit": 20307000000,
    "grossProfitRatio": 0.8581752102,
    "researchAndDevelopmentExpenses": 0,
    "generalAndAdministrativeExpenses": 6880000000,
    "sellingAndMarketingExpenses": 542000000,
    "sellingGeneralAndAdministrativeExpenses": 7422000000,
    "otherExpenses": 5368000000,
    "operatingExpenses": 12790000000,
    "costAndExpenses": 16146000000,
    "interestIncome": 14346000000,
    "interestExpense": 1966000000,
    "depreciationAndAmortization": 468000000,
    "ebitda": 7985000000,
    "ebitdaratio": 0.3374466467,
    "operatingIncome": 7517000000,
    "operatingIncomeRatio": 0.3176689346,
    "totalOtherIncomeExpensesNet": 0,
    "incomeBeforeTax": 7517000000,
    "incomeBeforeTaxRatio": 0.3176689346,
    "incomeTaxExpense": 1264000000,
    "netIncome": 6218000000,
    "netIncomeRatio": 0.2627731057,
    "eps": 3.53,
    "epsdiluted": 3.51,
    "weightedAverageShsOut": 1677000000,
    "weightedAverageShsOutDil": 1683000000,
    "link": "https://www.sec.gov/Archives/edgar/data/36104/000119312518053893/0001193125-18-053893-index.htm",
    "finalLink": "https://www.sec.gov/Archives/edgar/data/36104/000119312518053893/d492040d10k.htm"
  },
  {
    "date": "2016-12-31",
    "symbol": "USB",
    "reportedCurrency": "USD",
    "cik": "0000036104",
    "fillingDate": "2017-02-23",
    "acceptedDate": "2017-02-23 15:41:34",
    "calendarYear": "2016",
    "period": "FY",
    "revenue": 22424000000,
    "costOfRevenue": 2792000000,
    "grossProfit": 19632000000,
    "grossProfitRatio": 0.8754905458,
    "researchAndDevelopmentExpenses": 0,
    "generalAndAdministrativeExpenses": 6220000000,
    "sellingAndMarketingExpenses": 435000000,
    "sellingGeneralAndAdministrativeExpenses": 6655000000,
    "otherExpenses": 4872000000,
    "operatingExpenses": 11527000000,
    "costAndExpenses": 14319000000,
    "interestIncome": 13134000000,
    "interestExpense": 1468000000,
    "depreciationAndAmortization": 470000000,
    "ebitda": 8575000000,
    "ebitdaratio": 0.3824027827,
    "operatingIncome": 8105000000,
    "operatingIncomeRatio": 0.3614430967,
    "totalOtherIncomeExpensesNet": 0,
    "incomeBeforeTax": 8105000000,
    "incomeBeforeTaxRatio": 0.3614430967,
    "incomeTaxExpense": 2161000000,
    "netIncome": 5888000000,
    "netIncomeRatio": 0.2625758116,
    "eps": 3.25,
    "epsdiluted": 3.24,
    "weightedAverageShsOut": 1718000000,
    "weightedAverageShsOutDil": 1724000000,
    "link": "https://www.sec.gov/Archives/edgar/data/36104/000119312517053947/0001193125-17-053947-index.htm",
    "finalLink": "https://www.sec.gov/Archives/edgar/data/36104/000119312517053947/d291857d10k.htm"
  },
  {
    "date": "2015-12-31",
    "symbol": "USB",
    "reportedCurrency": "USD",
    "cik": "0000036104",
    "fillingDate": "2016-02-25",
    "acceptedDate": "2016-02-25 17:16:00",
    "calendarYear": "2015",
    "period": "FY",
    "revenue": 21195000000,
    "costOfRevenue": 2358000000,
    "grossProfit": 18837000000,
    "grossProfitRatio": 0.8887473461,
    "researchAndDevelopmentExpenses": 0,
    "generalAndAdministrativeExpenses": 5782000000,
    "sellingAndMarketingExpenses": 360000000,
    "sellingGeneralAndAdministrativeExpenses": 6142000000,
    "otherExpenses": 4665000000,
    "operatingExpenses": 10807000000,
    "costAndExpenses": 13165000000,
    "interestIncome": 12377000000,
    "interestExpense": 1226000000,
    "depreciationAndAmortization": 481000000,
    "ebitda": 8511000000,
    "ebitdaratio": 0.401556971,
    "operatingIncome": 8030000000,
    "operatingIncomeRatio": 0.3788629394,
    "totalOtherIncomeExpensesNet": 0,
    "incomeBeforeTax": 8030000000,
    "incomeBeforeTaxRatio": 0.3788629394,
    "incomeTaxExpense": 2097000000,
    "netIncome": 5879000000,
    "netIncomeRatio": 0.2773767398,
    "eps": 3.18,
    "epsdiluted": 3.16,
    "weightedAverageShsOut": 1764000000,
    "weightedAverageShsOutDil": 1772000000,
    "link": "https://www.sec.gov/Archives/edgar/data/36104/000119312516478568/0001193125-16-478568-index.htm",
    "finalLink": "https://www.sec.gov/Archives/edgar/data/36104/000119312516478568/d69262d10k.htm"
  },
  {
    "date": "2014-12-31",
    "symbol": "USB",
    "reportedCurrency": "USD",
    "cik": "0000036104",
    "fillingDate": "2015-02-27",
    "acceptedDate": "2015-02-27 13:57:50",
    "calendarYear": "2014",
    "period": "FY",
    "revenue": 21392000000,
    "costOfRevenue": 2682000000,
    "grossProfit": 18710000000,
    "grossProfitRatio": 0.8746260284,
    "researchAndDevelopmentExpenses": 0,
    "generalAndAdministrativeExpenses": 5564000000,
    "sellingAndMarketingExpenses": 382000000,
    "sellingGeneralAndAdministrativeExpenses": 5946000000,
    "otherExpenses": 4769000000,
    "operatingExpenses": 10715000000,
    "costAndExpenses": 13397000000,
    "interestIncome": 12228000000,
    "interestExpense": 1453000000,
    "depreciationAndAmortization": 501000000,
    "ebitda": 8496000000,
    "ebitdaratio": 0.397157816,
    "operatingIncome": 7995000000,
    "operatingIncomeRatio": 0.3737378459,
    "totalOtherIncomeExpensesNet": 0,
    "incomeBeforeTax": 7995000000,
    "incomeBeforeTaxRatio": 0.3737378459,
    "incomeTaxExpense": 2087000000,
    "netIncome": 5851000000,
    "netIncomeRatio": 0.273513463,
    "eps": 3.1,
    "epsdiluted": 3.08,
    "weightedAverageShsOut": 1803000000,
    "weightedAverageShsOutDil": 1813000000,
    "link": "https://www.sec.gov/Archives/edgar/data/36104/000119312515068728/0001193125-15-068728-index.htm",
    "finalLink": "https://www.sec.gov/Archives/edgar/data/36104/000119312515068728/d826004d10k.htm"
  },
  {
    "date": "2013-12-31",
    "symbol": "USB",
    "reportedCurrency": "USD",
    "cik": "0000036104",
    "fillingDate": "2014-02-21",
    "acceptedDate": "2014-02-21 14:41:09",
    "calendarYear": "2013",
    "period": "FY",
    "revenue": 21059000000,
    "costOfRevenue": 3021000000,
    "grossProfit": 18038000000,
    "grossProfitRatio": 0.8565458949,
    "researchAndDevelopmentExpenses": 0,
    "generalAndAdministrativeExpenses": 5511000000,
    "sellingAndMarketingExpenses": 357000000,
    "sellingGeneralAndAdministrativeExpenses": 5868000000,
    "otherExpenses": 4406000000,
    "operatingExpenses": 10274000000,
    "costAndExpenses": 13295000000,
    "interestIncome": 12285000000,
    "interestExpense": 1681000000,
    "depreciationAndAmortization": 520000000,
    "ebitda": 8284000000,
    "ebitdaratio": 0.3933710053,
    "operatingIncome": 7764000000,
    "operatingIncomeRatio": 0.3686784748,
    "totalOtherIncomeExpensesNet": 0,
    "incomeBeforeTax": 7764000000,
    "incomeBeforeTaxRatio": 0.3686784748,
    "incomeTaxExpense": 2032000000,
    "netIncome": 5836000000,
    "netIncomeRatio": 0.2771261693,
    "eps": 3.02,
    "epsdiluted": 3,
    "weightedAverageShsOut": 1839000000,
    "weightedAverageShsOutDil": 1849000000,
    "link": "https://www.sec.gov/Archives/edgar/data/36104/000119312514062530/0001193125-14-062530-index.htm",
    "finalLink": "https://www.sec.gov/Archives/edgar/data/36104/000119312514062530/d633758d10k.htm"
  },
  {
    "date": "2012-12-31",
    "symbol": "USB",
    "reportedCurrency": "USD",
    "cik": "0000036104",
    "fillingDate": "2013-02-22",
    "acceptedDate": "2013-02-22 13:10:06",
    "calendarYear": "2012",
    "period": "FY",
    "revenue": 22202000000,
    "costOfRevenue": 4020000000,
    "grossProfit": 18182000000,
    "grossProfitRatio": 0.8189352311,
    "researchAndDevelopmentExpenses": 0,
    "generalAndAdministrativeExpenses": 5265000000,
    "sellingAndMarketingExpenses": 388000000,
    "sellingGeneralAndAdministrativeExpenses": 5653000000,
    "otherExpenses": 4803000000,
    "operatingExpenses": 10456000000,
    "costAndExpenses": 14476000000,
    "interestIncome": 12883000000,
    "interestExpense": 2138000000,
    "depreciationAndAmortization": 561000000,
    "ebitda": 8287000000,
    "ebitdaratio": 0.3732546617,
    "operatingIncome": 7726000000,
    "operatingIncomeRatio": 0.3479866679,
    "totalOtherIncomeExpensesNet": 0,
    "incomeBeforeTax": 7726000000,
    "incomeBeforeTaxRatio": 0.3479866679,
    "incomeTaxExpense": 2236000000,
    "netIncome": 5647000000,
    "netIncomeRatio": 0.2543464553,
    "eps": 2.85,
    "epsdiluted": 2.84,
    "weightedAverageShsOut": 1887000000,
    "weightedAverageShsOutDil": 1896000000,
    "link": "https://www.sec.gov/Archives/edgar/data/36104/000119312513071069/0001193125-13-071069-index.htm",
    "finalLink": "https://www.sec.gov/Archives/edgar/data/36104/000119312513071069/d445313d10k.htm"
  },
  {
    "date": "2011-12-31",
    "symbol": "USB",
    "reportedCurrency": "USD",
    "cik": "0000036104",
    "fillingDate": "2012-02-23",
    "acceptedDate": "2012-02-23 15:31:05",
    "calendarYear": "2011",
    "period": "FY",
    "revenue": 21399000000,
    "costOfRevenue": 4859000000,
    "grossProfit": 16540000000,
    "grossProfitRatio": 0.7729333146,
    "researchAndDevelopmentExpenses": 0,
    "generalAndAdministrativeExpenses": 4886000000,
    "sellingAndMarketingExpenses": 369000000,
    "sellingGeneralAndAdministrativeExpenses": 5255000000,
    "otherExpenses": 4656000000,
    "operatingExpenses": 9911000000,
    "costAndExpenses": 14770000000,
    "interestIncome": 12639000000,
    "interestExpense": 2516000000,
    "depreciationAndAmortization": 565000000,
    "ebitda": 7194000000,
    "ebitdaratio": 0.3361839338,
    "operatingIncome": 6629000000,
    "operatingIncomeRatio": 0.3097808309,
    "totalOtherIncomeExpensesNet": 0,
    "incomeBeforeTax": 6629000000,
    "incomeBeforeTaxRatio": 0.3097808309,
    "incomeTaxExpense": 1841000000,
    "netIncome": 4872000000,
    "netIncomeRatio": 0.2276741904,
    "eps": 2.47,
    "epsdiluted": 2.46,
    "weightedAverageShsOut": 1914000000,
    "weightedAverageShsOutDil": 1923000000,
    "link": "https://www.sec.gov/Archives/edgar/data/36104/000119312512075125/0001193125-12-075125-index.htm",
    "finalLink": "https://www.sec.gov/Archives/edgar/data/36104/000119312512075125/d261300d10k.htm"
  },
  {
    "date": "2010-12-31",
    "symbol": "USB",
    "reportedCurrency": "USD",
    "cik": "0000036104",
    "fillingDate": "2011-02-28",
    "acceptedDate": "2011-02-28 17:14:25",
    "calendarYear": "2010",
    "period": "FY",
    "revenue": 20518000000,
    "costOfRevenue": 6935000000,
    "grossProfit": 13583000000,
    "grossProfitRatio": 0.662004094,
    "researchAndDevelopmentExpenses": 0,
    "generalAndAdministrativeExpenses": 4473000000,
    "sellingAndMarketingExpenses": 360000000,
    "sellingGeneralAndAdministrativeExpenses": 4833000000,
    "otherExpenses": 4550000000,
    "operatingExpenses": 9383000000,
    "costAndExpenses": 16318000000,
    "interestIncome": 12158000000,
    "interestExpense": 2579000000,
    "depreciationAndAmortization": 596000000,
    "ebitda": 4796000000,
    "ebitdaratio": 0.2337459791,
    "operatingIncome": 4200000000,
    "operatingIncomeRatio": 0.2046983137,
    "totalOtherIncomeExpensesNet": 0,
    "incomeBeforeTax": 4200000000,
    "incomeBeforeTaxRatio": 0.2046983137,
    "incomeTaxExpense": 935000000,
    "netIncome": 3317000000,
    "netIncomeRatio": 0.1616629301,
    "eps": 1.74,
    "epsdiluted": 1.73,
    "weightedAverageShsOut": 1912000000,
    "weightedAverageShsOutDil": 1921000000,
    "link": "https://www.sec.gov/Archives/edgar/data/36104/000095012311019888/0000950123-11-019888-index.htm",
    "finalLink": "https://www.sec.gov/Archives/edgar/data/36104/000095012311019888/x59846e10vk.htm"
  },
  {
    "date": "2009-12-31",
    "symbol": "USB",
    "reportedCurrency": "USD",
    "cik": "0000036104",
    "fillingDate": "2010-02-26",
    "acceptedDate": "2010-02-26 16:05:04",
    "calendarYear": "2009",
    "period": "FY",
    "revenue": 19490000000,
    "costOfRevenue": 8577000000,
    "grossProfit": 10913000000,
    "grossProfitRatio": 0.5599281683,
    "researchAndDevelopmentExpenses": 0,
    "generalAndAdministrativeExpenses": 3709000000,
    "sellingAndMarketingExpenses": 378000000,
    "sellingGeneralAndAdministrativeExpenses": 4087000000,
    "otherExpenses": 4194000000,
    "operatingExpenses": 8281000000,
    "costAndExpenses": 16858000000,
    "interestIncome": 11538000000,
    "interestExpense": 3020000000,
    "depreciationAndAmortization": 607000000,
    "ebitda": 3239000000,
    "ebitdaratio": 0.1661877886,
    "operatingIncome": 2632000000,
    "operatingIncomeRatio": 0.1350436121,
    "totalOtherIncomeExpensesNet": 0,
    "incomeBeforeTax": 2632000000,
    "incomeBeforeTaxRatio": 0.1350436121,
    "incomeTaxExpense": 395000000,
    "netIncome": 2205000000,
    "netIncomeRatio": 0.113134941,
    "eps": 0.97,
    "epsdiluted": 0.97,
    "weightedAverageShsOut": 1851000000,
    "weightedAverageShsOutDil": 1859000000,
    "link": "https://www.sec.gov/Archives/edgar/data/36104/000095012310018123/0000950123-10-018123-index.htm",
    "finalLink": "https://www.sec.gov/Archives/edgar/data/36104/000095012310018123/x55114e10vk.htm"
  },
  {
    "date": "2008-12-31",
    "symbol": "USB",
    "reportedCurrency": "USD",
    "cik": "0000036104",
    "fillingDate": "2009-03-02",
    "acceptedDate": "2009-03-02 15:28:35",
    "calendarYear": "2008",
    "period": "FY",
    "revenue": 19229000000,
    "costOfRevenue": 7782000000,
    "grossProfit": 11447000000,
    "grossProfitRatio": 0.5952987675,
    "researchAndDevelopmentExpenses": 0,
    "generalAndAdministrativeExpenses": 3554000000,
    "sellingAndMarketingExpenses": 310000000,
    "sellingGeneralAndAdministrativeExpenses": 3864000000,
    "otherExpenses": 3484000000,
    "operatingExpenses": 7348000000,
    "costAndExpenses": 15130000000,
    "interestIncome": 12418000000,
    "interestExpense": 4686000000,
    "depreciationAndAmortization": 573000000,
    "ebitda": 4672000000,
    "ebitdaratio": 0.2429663529,
    "operatingIncome": 4099000000,
    "operatingIncomeRatio": 0.2131676114,
    "totalOtherIncomeExpensesNet": 0,
    "incomeBeforeTax": 4099000000,
    "incomeBeforeTaxRatio": 0.2131676114,
    "incomeTaxExpense": 1087000000,
    "netIncome": 2946000000,
    "netIncomeRatio": 0.153206095,
    "eps": 1.62,
    "epsdiluted": 1.61,
    "weightedAverageShsOut": 1742000000,
    "weightedAverageShsOutDil": 1757000000,
    "link": "https://www.sec.gov/Archives/edgar/data/36104/000095015209002057/0000950152-09-002057-index.htm",
    "finalLink": "https://www.sec.gov/Archives/edgar/data/36104/000095015209002057/c48687e10vk.htm"
  },
  {
    "date": "2007-12-31",
    "symbol": "USB",
    "reportedCurrency": "USD",
    "cik": "0000036104",
    "fillingDate": "2008-02-25",
    "acceptedDate": "2008-02-25 15:13:23",
    "calendarYear": "2007",
    "period": "FY",
    "revenue": 20432000000,
    "costOfRevenue": 7239000000,
    "grossProfit": 13193000000,
    "grossProfitRatio": 0.6457028191,
    "researchAndDevelopmentExpenses": 0,
    "generalAndAdministrativeExpenses": 3134000000,
    "sellingAndMarketingExpenses": 260000000,
    "sellingGeneralAndAdministrativeExpenses": 3394000000,
    "otherExpenses": 3513000000,
    "operatingExpenses": 6907000000,
    "costAndExpenses": 14146000000,
    "interestIncome": 13136000000,
    "interestExpense": 6447000000,
    "depreciationAndAmortization": 619000000,
    "ebitda": 6905000000,
    "ebitdaratio": 0.3379502741,
    "operatingIncome": 6286000000,
    "operatingIncomeRatio": 0.3076546594,
    "totalOtherIncomeExpensesNet": 0,
    "incomeBeforeTax": 6286000000,
    "incomeBeforeTaxRatio": 0.3076546594,
    "incomeTaxExpense": 1883000000,
    "netIncome": 4324000000,
    "netIncomeRatio": 0.2116288175,
    "eps": 2.45,
    "epsdiluted": 2.42,
    "weightedAverageShsOut": 1735000000,
    "weightedAverageShsOutDil": 1758000000,
    "link": "https://www.sec.gov/Archives/edgar/data/36104/000095012408000806/0000950124-08-000806-index.htm",
    "finalLink": "https://www.sec.gov/Archives/edgar/data/36104/000095012408000806/c22668e10vk.htm"
  },
  {
    "date": "2006-12-31",
    "symbol": "USB",
    "reportedCurrency": "USD",
    "cik": "0000036104",
    "fillingDate": "2007-02-26",
    "acceptedDate": "2007-02-26 17:27:14",
    "calendarYear": "2006",
    "period": "FY",
    "revenue": 19215000000,
    "costOfRevenue": 6066000000,
    "grossProfit": 13149000000,
    "grossProfitRatio": 0.6843091335,
    "researchAndDevelopmentExpenses": 0,
    "generalAndAdministrativeExpenses": 2994000000,
    "sellingAndMarketingExpenses": 233000000,
    "sellingGeneralAndAdministrativeExpenses": 3227000000,
    "otherExpenses": 3059000000,
    "operatingExpenses": 6286000000,
    "costAndExpenses": 12352000000,
    "interestIncome": 12263000000,
    "interestExpense": 5522000000,
    "depreciationAndAmortization": 588000000,
    "ebitda": 7451000000,
    "ebitdaratio": 0.3877699714,
    "operatingIncome": 6863000000,
    "operatingIncomeRatio": 0.3571688785,
    "totalOtherIncomeExpensesNet": 0,
    "incomeBeforeTax": 6863000000,
    "incomeBeforeTaxRatio": 0.3571688785,
    "incomeTaxExpense": 2112000000,
    "netIncome": 4751000000,
    "netIncomeRatio": 0.2472547489,
    "eps": 2.64,
    "epsdiluted": 2.61,
    "weightedAverageShsOut": 1778000000,
    "weightedAverageShsOutDil": 1804000000,
    "link": "https://www.sec.gov/Archives/edgar/data/36104/000095012407001116/0000950124-07-001116-index.htm",
    "finalLink": "https://www.sec.gov/Archives/edgar/data/36104/000095012407001116/c11185e10vk.htm"
  },
  {
    "date": "2005-12-31",
    "symbol": "USB",
    "reportedCurrency": "USD",
    "cik": "0000036104",
    "fillingDate": "2006-03-07",
    "acceptedDate": "2006-03-07 17:24:00",
    "calendarYear": "2005",
    "period": "FY",
    "revenue": 16596000000,
    "costOfRevenue": 4162000000,
    "grossProfit": 12434000000,
    "grossProfitRatio": 0.7492166787,
    "researchAndDevelopmentExpenses": 0,
    "generalAndAdministrativeExpenses": 2814000000,
    "sellingAndMarketingExpenses": 235000000,
    "sellingGeneralAndAdministrativeExpenses": 3049000000,
    "otherExpenses": 2814000000,
    "operatingExpenses": 5863000000,
    "costAndExpenses": 10025000000,
    "interestIncome": 10551000000,
    "interestExpense": 3496000000,
    "depreciationAndAmortization": 689000000,
    "ebitda": 7260000000,
    "ebitdaratio": 0.4374548084,
    "operatingIncome": 6571000000,
    "operatingIncomeRatio": 0.3959387804,
    "totalOtherIncomeExpensesNet": 0,
    "incomeBeforeTax": 6571000000,
    "incomeBeforeTaxRatio": 0.3959387804,
    "incomeTaxExpense": 2082000000,
    "netIncome": 4489000000,
    "netIncomeRatio": 0.2704868643,
    "eps": 2.45,
    "epsdiluted": 2.42,
    "weightedAverageShsOut": 1831000000,
    "weightedAverageShsOutDil": 1857000000,
    "link": "https://www.sec.gov/Archives/edgar/data/36104/000095013406004429/0000950134-06-004429-index.htm",
    "finalLink": "https://www.sec.gov/Archives/edgar/data/36104/000095013406004429/c01303e10vk.htm"
  },
  {
    "date": "2004-12-31",
    "symbol": "USB",
    "reportedCurrency": "USD",
    "cik": "0000036104",
    "fillingDate": "2005-02-28",
    "acceptedDate": "2005-02-28 16:11:46",
    "calendarYear": "2004",
    "period": "FY",
    "revenue": 14705000000,
    "costOfRevenue": 2744000000,
    "grossProfit": 11961000000,
    "grossProfitRatio": 0.8133968038,
    "researchAndDevelopmentExpenses": 0,
    "generalAndAdministrativeExpenses": 2641000000,
    "sellingAndMarketingExpenses": 194000000,
    "sellingGeneralAndAdministrativeExpenses": 2835000000,
    "otherExpenses": 2950000000,
    "operatingExpenses": 5785000000,
    "costAndExpenses": 8529000000,
    "interestIncome": 9186000000,
    "interestExpense": 2075000000,
    "depreciationAndAmortization": 794000000,
    "ebitda": 6970000000,
    "ebitdaratio": 0.4739884393,
    "operatingIncome": 6176000000,
    "operatingIncomeRatio": 0.4199931996,
    "totalOtherIncomeExpensesNet": 0,
    "incomeBeforeTax": 6176000000,
    "incomeBeforeTaxRatio": 0.4199931996,
    "incomeTaxExpense": 2009000000,
    "netIncome": 4167000000,
    "netIncomeRatio": 0.2833730024,
    "eps": 2.21,
    "epsdiluted": 2.18,
    "weightedAverageShsOut": 1887000000,
    "weightedAverageShsOutDil": 1912900000,
    "link": "https://www.sec.gov/Archives/edgar/data/36104/000095013405003890/0000950134-05-003890-index.htm",
    "finalLink": "https://www.sec.gov/Archives/edgar/data/36104/000095013405003890/c89834e10vk.htm"
  },
  {
    "date": "2003-12-31",
    "symbol": "USB",
    "reportedCurrency": "USD",
    "cik": "0000036104",
    "fillingDate": "2004-02-27",
    "acceptedDate": "2004-02-27 16:41:51",
    "calendarYear": "2003",
    "period": "FY",
    "revenue": 14571000000,
    "costOfRevenue": 3322700000,
    "grossProfit": 11248300000,
    "grossProfitRatio": 0.7719648617,
    "researchAndDevelopmentExpenses": 0,
    "generalAndAdministrativeExpenses": 2505200000,
    "sellingAndMarketingExpenses": 180300000,
    "sellingGeneralAndAdministrativeExpenses": 2685500000,
    "otherExpenses": 2911400000,
    "operatingExpenses": 5596900000,
    "costAndExpenses": 8919600000,
    "interestIncome": 9258000000,
    "interestExpense": 2068700000,
    "depreciationAndAmortization": 957600000,
    "ebitda": 6609000000,
    "ebitdaratio": 0.4535721639,
    "operatingIncome": 5651400000,
    "operatingIncomeRatio": 0.3878525839,
    "totalOtherIncomeExpensesNet": 0,
    "incomeBeforeTax": 5651400000,
    "incomeBeforeTaxRatio": 0.3878525839,
    "incomeTaxExpense": 1941300000,
    "netIncome": 3732600000,
    "netIncomeRatio": 0.2561663578,
    "eps": 1.94,
    "epsdiluted": 1.93,
    "weightedAverageShsOut": 1924000000,
    "weightedAverageShsOutDil": 1936000000,
    "link": "https://www.sec.gov/Archives/edgar/data/36104/000095013404002667/0000950134-04-002667-index.htm",
    "finalLink": "https://www.sec.gov/Archives/edgar/data/36104/000095013404002667/c82279e10vk.htm"
  },
  {
    "date": "2002-12-31",
    "symbol": "USB",
    "reportedCurrency": "USD",
    "cik": "0000036104",
    "fillingDate": "2003-02-28",
    "acceptedDate": "2003-02-28 17:29:43",
    "calendarYear": "2002",
    "period": "FY",
    "revenue": 14704600000,
    "costOfRevenue": 4028600000,
    "grossProfit": 10676000000,
    "grossProfitRatio": 0.7260313099,
    "researchAndDevelopmentExpenses": 0,
    "generalAndAdministrativeExpenses": 2485000000,
    "sellingAndMarketingExpenses": 0,
    "sellingGeneralAndAdministrativeExpenses": 2485000000,
    "otherExpenses": 3255500000,
    "operatingExpenses": 5740500000,
    "costAndExpenses": 9769100000,
    "interestIncome": 9493900000,
    "interestExpense": 2679600000,
    "depreciationAndAmortization": 838300000,
    "ebitda": 5773800000,
    "ebitdaratio": 0.3926526393,
    "operatingIncome": 4935500000,
    "operatingIncomeRatio": 0.3356432681,
    "totalOtherIncomeExpensesNet": 0,
    "incomeBeforeTax": 4935500000,
    "incomeBeforeTaxRatio": 0.3356432681,
    "incomeTaxExpense": 1707500000,
    "netIncome": 3168100000,
    "netIncomeRatio": 0.2154495872,
    "eps": 1.65,
    "epsdiluted": 1.65,
    "weightedAverageShsOut": 1916000000,
    "weightedAverageShsOutDil": 1924800000,
    "link": "https://www.sec.gov/Archives/edgar/data/36104/000095013403003243/0000950134-03-003243-index.htm",
    "finalLink": "https://www.sec.gov/Archives/edgar/data/36104/000095013403003243/c74004e10vk.htm"
  },
  {
    "date": "2001-12-31",
    "symbol": "USB",
    "reportedCurrency": "USD",
    "cik": "0000036104",
    "fillingDate": "2002-02-28",
    "acceptedDate": "2002-02-28 00:00:00",
    "calendarYear": "2001",
    "period": "FY",
    "revenue": 15615800000,
    "costOfRevenue": 7124500000,
    "grossProfit": 8491300000,
    "grossProfitRatio": 0.5437633679,
    "researchAndDevelopmentExpenses": 0,
    "generalAndAdministrativeExpenses": 2322100000,
    "sellingAndMarketingExpenses": 0,
    "sellingGeneralAndAdministrativeExpenses": 2322100000,
    "otherExpenses": 3826900000,
    "operatingExpenses": 6149000000,
    "costAndExpenses": 13273500000,
    "interestIncome": 10946400000,
    "interestExpense": 4595700000,
    "depreciationAndAmortization": 813500000,
    "ebitda": 3155800000,
    "ebitdaratio": 0.2020901907,
    "operatingIncome": 2342300000,
    "operatingIncomeRatio": 0.1499955174,
    "totalOtherIncomeExpensesNet": 0,
    "incomeBeforeTax": 2342300000,
    "incomeBeforeTaxRatio": 0.1499955174,
    "incomeTaxExpense": 818300000,
    "netIncome": 1478800000,
    "netIncomeRatio": 0.0946989587,
    "eps": 0.89,
    "epsdiluted": 0.88,
    "weightedAverageShsOut": 1927900000,
    "weightedAverageShsOutDil": 1939500000,
    "link": "https://www.sec.gov/Archives/edgar/data/36104/000095013702000971/0000950137-02-000971-index.htm",
    "finalLink": "https://www.sec.gov/Archives/edgar/data/36104/000095013702000971/c66817e10-k.txt"
  },
  {
    "date": "2000-12-31",
    "symbol": "USB",
    "reportedCurrency": "USD",
    "cik": "0000036104",
    "fillingDate": "2001-03-01",
    "acceptedDate": "2001-03-01 00:00:00",
    "calendarYear": "2000",
    "period": "FY",
    "revenue": 16955700000,
    "costOfRevenue": 6850900000,
    "grossProfit": 10104800000,
    "grossProfitRatio": 0.5959529834,
    "researchAndDevelopmentExpenses": 0,
    "generalAndAdministrativeExpenses": 2826900000,
    "sellingAndMarketingExpenses": 0,
    "sellingGeneralAndAdministrativeExpenses": 2826900000,
    "otherExpenses": 2890100000,
    "operatingExpenses": 5717000000,
    "costAndExpenses": 12567900000,
    "interestIncome": 12029300000,
    "interestExpense": 6022900000,
    "depreciationAndAmortization": 654900000,
    "ebitda": 5042700000,
    "ebitdaratio": 0.2974044127,
    "operatingIncome": 4387800000,
    "operatingIncomeRatio": 0.2587802332,
    "totalOtherIncomeExpensesNet": 0,
    "incomeBeforeTax": 4387800000,
    "incomeBeforeTaxRatio": 0.2587802332,
    "incomeTaxExpense": 1512200000,
    "netIncome": 2875600000,
    "netIncomeRatio": 0.1695948855,
    "eps": 1.51,
    "epsdiluted": 1.5,
    "weightedAverageShsOut": 1906000000,
    "weightedAverageShsOutDil": 1918500000,
    "link": "https://www.sec.gov/Archives/edgar/data/36104/000095012401001114/0000950124-01-001114-index.htm",
    "finalLink": "https://www.sec.gov/Archives/edgar/data/36104/000095012401001114/c59511e10-k405.txt"
  },
  {
    "date": "1999-12-31",
    "symbol": "USB",
    "reportedCurrency": "USD",
    "cik": "0000036104",
    "fillingDate": "2000-02-25",
    "acceptedDate": "2000-02-25 00:00:00",
    "calendarYear": "1999",
    "period": "FY",
    "revenue": 8435400000,
    "costOfRevenue": 2947000000,
    "grossProfit": 5488400000,
    "grossProfitRatio": 0.6506389738,
    "researchAndDevelopmentExpenses": 0,
    "generalAndAdministrativeExpenses": 1709300000,
    "sellingAndMarketingExpenses": 0,
    "sellingGeneralAndAdministrativeExpenses": 1709300000,
    "otherExpenses": 1417600000,
    "operatingExpenses": 3126900000,
    "costAndExpenses": 6073900000,
    "interestIncome": 5676700000,
    "interestExpense": 2416000000,
    "depreciationAndAmortization": 308100000,
    "ebitda": 2669600000,
    "ebitdaratio": 0.3164758043,
    "operatingIncome": 2361500000,
    "operatingIncomeRatio": 0.2799511582,
    "totalOtherIncomeExpensesNet": 0,
    "incomeBeforeTax": 2361500000,
    "incomeBeforeTaxRatio": 0.2799511582,
    "incomeTaxExpense": 855000000,
    "netIncome": 1506500000,
    "netIncomeRatio": 0.1785925979,
    "eps": 2.07,
    "epsdiluted": 2.06,
    "weightedAverageShsOut": 727778000,
    "weightedAverageShsOutDil": 731311000,
    "link": "https://www.sec.gov/Archives/edgar/data/36104/000091205700008486/0000912057-00-008486-index.html",
    "finalLink": "https://www.sec.gov/Archives/edgar/data/36104/000091205700008486/0000912057-00-008486.txt"
  },
  {
    "date": "1998-12-31",
    "symbol": "USB",
    "reportedCurrency": "USD",
    "cik": "0000036104",
    "fillingDate": "1999-02-26",
    "acceptedDate": "1999-02-26 00:00:00",
    "calendarYear": "1998",
    "period": "FY",
    "revenue": 7664000000,
    "costOfRevenue": 2725800000,
    "grossProfit": 4938200000,
    "grossProfitRatio": 0.6443371608,
    "researchAndDevelopmentExpenses": 0,
    "generalAndAdministrativeExpenses": 1433200000,
    "sellingAndMarketingExpenses": 0,
    "sellingGeneralAndAdministrativeExpenses": 1433200000,
    "otherExpenses": 1411100000,
    "operatingExpenses": 2844300000,
    "costAndExpenses": 5570100000,
    "interestIncome": 5407400000,
    "interestExpense": 2346800000,
    "depreciationAndAmortization": 274100000,
    "ebitda": 2368000000,
    "ebitdaratio": 0.3089770355,
    "operatingIncome": 2093900000,
    "operatingIncomeRatio": 0.2732124217,
    "totalOtherIncomeExpensesNet": 0,
    "incomeBeforeTax": 2093900000,
    "incomeBeforeTaxRatio": 0.2732124217,
    "incomeTaxExpense": 766500000,
    "netIncome": 1327400000,
    "netIncomeRatio": 0.1731993737,
    "eps": 2.04,
    "epsdiluted": 2.02,
    "weightedAverageShsOut": 651536000,
    "weightedAverageShsOutDil": 657028000,
    "link": "https://www.sec.gov/Archives/edgar/data/36104/000104746999007568/0001047469-99-007568-index.htm",
    "finalLink": "https://www.sec.gov/Archives/edgar/data/36104/000104746999007568/"
  },
  {
    "date": "1997-12-31",
    "symbol": "USB",
    "reportedCurrency": "USD",
    "cik": "0000036104",
    "fillingDate": "1998-02-27",
    "acceptedDate": "1998-02-27 15:54:19",
    "calendarYear": "1997",
    "period": "FY",
    "revenue": 5613900000,
    "costOfRevenue": 2350000000,
    "grossProfit": 3263900000,
    "grossProfitRatio": 0.5813961773,
    "researchAndDevelopmentExpenses": 0,
    "generalAndAdministrativeExpenses": 1036200000,
    "sellingAndMarketingExpenses": 0,
    "sellingGeneralAndAdministrativeExpenses": 1036200000,
    "otherExpenses": 1068600000,
    "operatingExpenses": 2104800000,
    "costAndExpenses": 4454800000,
    "interestIncome": 4513700000,
    "interestExpense": 2145900000,
    "depreciationAndAmortization": 214800000,
    "ebitda": 1373900000,
    "ebitdaratio": 0.2447318264,
    "operatingIncome": 1159100000,
    "operatingIncomeRatio": 0.2064696557,
    "totalOtherIncomeExpensesNet": 0,
    "incomeBeforeTax": 1159100000,
    "incomeBeforeTaxRatio": 0.2064696557,
    "incomeTaxExpense": 398400000,
    "netIncome": 760700000,
    "netIncomeRatio": 0.135502948,
    "eps": 1.13,
    "epsdiluted": 1.11,
    "weightedAverageShsOut": 672743000,
    "weightedAverageShsOutDil": 684865000,
    "link": "https://www.sec.gov/Archives/edgar/data/36104/000104746998008045/0001047469-98-008045-index.htm",
    "finalLink": "https://www.sec.gov/Archives/edgar/data/36104/000104746998008045/0001047469-98-008045.txt"
  },
  {
    "date": "1996-12-31",
    "symbol": "USB",
    "reportedCurrency": "USD",
    "cik": "0000036104",
    "fillingDate": "1997-02-28",
    "acceptedDate": "1997-02-28 00:00:00",
    "calendarYear": "1996",
    "period": "FY",
    "revenue": 2897100000,
    "costOfRevenue": 1120700000,
    "grossProfit": 1776400000,
    "grossProfitRatio": 0.613164889,
    "researchAndDevelopmentExpenses": 0,
    "generalAndAdministrativeExpenses": 563200000,
    "sellingAndMarketingExpenses": 0,
    "sellingGeneralAndAdministrativeExpenses": 563200000,
    "otherExpenses": 589100000,
    "operatingExpenses": 1152300000,
    "costAndExpenses": 2273000000,
    "interestIncome": 2275700000,
    "interestExpense": 1023400000,
    "depreciationAndAmortization": 122600000,
    "ebitda": 746700000,
    "ebitdaratio": 0.2577404991,
    "operatingIncome": 624100000,
    "operatingIncomeRatio": 0.2154223189,
    "totalOtherIncomeExpensesNet": 0,
    "incomeBeforeTax": 624100000,
    "incomeBeforeTaxRatio": 0.2154223189,
    "incomeTaxExpense": 208700000,
    "netIncome": 415400000,
    "netIncomeRatio": 0.1433847641,
    "eps": 1.25,
    "epsdiluted": 1.25,
    "weightedAverageShsOut": 332177000,
    "weightedAverageShsOutDil": 332177000,
    "link": "https://www.sec.gov/Archives/edgar/data/36104/000095013197001484/0000950131-97-001484-index.html",
    "finalLink": "https://www.sec.gov/Archives/edgar/data/36104/0000950131-97-001484.txt"
  },
  {
    "date": "1995-12-31",
    "symbol": "USB",
    "reportedCurrency": "USD",
    "cik": "0000036104",
    "fillingDate": "1996-03-04",
    "acceptedDate": "1996-03-04 00:00:00",
    "calendarYear": "1995",
    "period": "FY",
    "revenue": 848500000,
    "costOfRevenue": 357300000,
    "grossProfit": 491200000,
    "grossProfitRatio": 0.5789039481,
    "researchAndDevelopmentExpenses": 0,
    "generalAndAdministrativeExpenses": 133200000,
    "sellingAndMarketingExpenses": 0,
    "sellingGeneralAndAdministrativeExpenses": 133200000,
    "otherExpenses": 153000000,
    "operatingExpenses": 286200000,
    "costAndExpenses": 643500000,
    "interestIncome": 710400000,
    "interestExpense": 332200000,
    "depreciationAndAmortization": 33700000,
    "ebitda": 238700000,
    "ebitdaratio": 0.2813199764,
    "operatingIncome": 205000000,
    "operatingIncomeRatio": 0.2416028285,
    "totalOtherIncomeExpensesNet": 0,
    "incomeBeforeTax": 205000000,
    "incomeBeforeTaxRatio": 0.2416028285,
    "incomeTaxExpense": 68400000,
    "netIncome": 136600000,
    "netIncomeRatio": 0.1609899823,
    "eps": 0.41,
    "epsdiluted": 0.41,
    "weightedAverageShsOut": 332177000,
    "weightedAverageShsOutDil": 332177000,
    "link": "https://www.sec.gov/Archives/edgar/data/36104/000095013196000875/0000950131-96-000875-index.htm",
    "finalLink": "https://www.sec.gov/Archives/edgar/data/36104/000095013196000875/"
  },
  {
    "date": "1994-12-31",
    "symbol": "USB",
    "reportedCurrency": "USD",
    "cik": "0000036104",
    "fillingDate": "1995-02-24",
    "acceptedDate": "1995-02-24 00:00:00",
    "calendarYear": "1994",
    "period": "FY",
    "revenue": 686700000,
    "costOfRevenue": 248000000,
    "grossProfit": 438700000,
    "grossProfitRatio": 0.6388524829,
    "researchAndDevelopmentExpenses": 0,
    "generalAndAdministrativeExpenses": 125000000,
    "sellingAndMarketingExpenses": 0,
    "sellingGeneralAndAdministrativeExpenses": 125000000,
    "otherExpenses": 135300000,
    "operatingExpenses": 260300000,
    "costAndExpenses": 508300000,
    "interestIncome": 569700000,
    "interestExpense": 223600000,
    "depreciationAndAmortization": 30600000,
    "ebitda": 209000000,
    "ebitdaratio": 0.3043541576,
    "operatingIncome": 178400000,
    "operatingIncomeRatio": 0.2597932139,
    "totalOtherIncomeExpensesNet": 0,
    "incomeBeforeTax": 178400000,
    "incomeBeforeTaxRatio": 0.2597932139,
    "incomeTaxExpense": 61800000,
    "netIncome": 116600000,
    "netIncomeRatio": 0.1697975826,
    "eps": 0.35,
    "epsdiluted": 0.35,
    "weightedAverageShsOut": 332177000,
    "weightedAverageShsOutDil": 332177000,
    "link": "https://www.sec.gov/Archives/edgar/data/36104/000095013195000441/0000950131-95-000441-index.html",
    "finalLink": "https://www.sec.gov/Archives/edgar/data/36104/0000950131-95-000441.txt"
  },
  {
    "date": "1993-12-31",
    "symbol": "USB",
    "reportedCurrency": "USD",
    "cik": "0000036104",
    "fillingDate": "1994-03-01",
    "acceptedDate": "1994-03-01 00:00:00",
    "calendarYear": "1993",
    "period": "FY",
    "revenue": 2231400000,
    "costOfRevenue": 654100000,
    "grossProfit": 1577300000,
    "grossProfitRatio": 0.7068656449,
    "researchAndDevelopmentExpenses": 0,
    "generalAndAdministrativeExpenses": 685700000,
    "sellingAndMarketingExpenses": 0,
    "sellingGeneralAndAdministrativeExpenses": 685700000,
    "otherExpenses": 414800000,
    "operatingExpenses": 1100500000,
    "costAndExpenses": 1754600000,
    "interestIncome": 1661800000,
    "interestExpense": 528900000,
    "depreciationAndAmortization": 144500000,
    "ebitda": 621300000,
    "ebitdaratio": 0.2784350632,
    "operatingIncome": 476800000,
    "operatingIncomeRatio": 0.2136775119,
    "totalOtherIncomeExpensesNet": 0,
    "incomeBeforeTax": 476800000,
    "incomeBeforeTaxRatio": 0.2136775119,
    "incomeTaxExpense": 178800000,
    "netIncome": 298000000,
    "netIncomeRatio": 0.1335484449,
    "eps": 0.9,
    "epsdiluted": 0.9,
    "weightedAverageShsOut": 332177000,
    "weightedAverageShsOutDil": 332177000,
    "link": "https://www.sec.gov/Archives/edgar/data/36104/000091205794000732/0000912057-94-000732-index.html",
    "finalLink": "https://www.sec.gov/Archives/edgar/data/36104/"
  },
  {
    "date": "1992-12-31",
    "symbol": "USB",
    "reportedCurrency": "USD",
    "cik": "0000036104",
    "fillingDate": "1992-12-31",
    "acceptedDate": "1992-12-31 00:00:00",
    "calendarYear": "1992",
    "period": "FY",
    "revenue": 2217000000,
    "costOfRevenue": 869600000,
    "grossProfit": 1347400000,
    "grossProfitRatio": 0.6077582318,
    "researchAndDevelopmentExpenses": 0,
    "generalAndAdministrativeExpenses": 670800000,
    "sellingAndMarketingExpenses": 0,
    "sellingGeneralAndAdministrativeExpenses": 670800000,
    "otherExpenses": 443500000,
    "operatingExpenses": 1114300000,
    "costAndExpenses": 1983900000,
    "interestIncome": 1681300000,
    "interestExpense": 686200000,
    "depreciationAndAmortization": 88100000,
    "ebitda": 321200000,
    "ebitdaratio": 0.1448804691,
    "operatingIncome": 233100000,
    "operatingIncomeRatio": 0.1051420839,
    "totalOtherIncomeExpensesNet": 0,
    "incomeBeforeTax": 233100000,
    "incomeBeforeTaxRatio": 0.1051420839,
    "incomeTaxExpense": 78600000,
    "netIncome": 311800000,
    "netIncomeRatio": 0.1406405052,
    "eps": 1.16,
    "epsdiluted": 1.14,
    "weightedAverageShsOut": 268402000,
    "weightedAverageShsOutDil": 273333000,
    "link": null,
    "finalLink": null
  },
  {
    "date": "1991-12-31",
    "symbol": "USB",
    "reportedCurrency": "USD",
    "cik": "0000036104",
    "fillingDate": "1991-12-31",
    "acceptedDate": "1991-12-31 00:00:00",
    "calendarYear": "1991",
    "period": "FY",
    "revenue": 659200000,
    "costOfRevenue": 347300000,
    "grossProfit": 311900000,
    "grossProfitRatio": 0.4731492718,
    "researchAndDevelopmentExpenses": 0,
    "generalAndAdministrativeExpenses": 104300000,
    "sellingAndMarketingExpenses": 0,
    "sellingGeneralAndAdministrativeExpenses": 104300000,
    "otherExpenses": 111700000,
    "operatingExpenses": 216000000,
    "costAndExpenses": 563300000,
    "interestIncome": 576800000,
    "interestExpense": 307400000,
    "depreciationAndAmortization": 19600000,
    "ebitda": 115500000,
    "ebitdaratio": 0.1752123786,
    "operatingIncome": 95900000,
    "operatingIncomeRatio": 0.1454793689,
    "totalOtherIncomeExpensesNet": 0,
    "incomeBeforeTax": 95900000,
    "incomeBeforeTaxRatio": 0.1454793689,
    "incomeTaxExpense": 30100000,
    "netIncome": 65800000,
    "netIncomeRatio": 0.0998179612,
    "eps": 0.25,
    "epsdiluted": 0.25,
    "weightedAverageShsOut": 263200000,
    "weightedAverageShsOutDil": 263200000,
    "link": null,
    "finalLink": null
  },
  {
    "date": "1990-12-31",
    "symbol": "USB",
    "reportedCurrency": "USD",
    "cik": "0000036104",
    "fillingDate": "1990-12-31",
    "acceptedDate": "1990-12-31 00:00:00",
    "calendarYear": "1990",
    "period": "FY",
    "revenue": 663100000,
    "costOfRevenue": 380600000,
    "grossProfit": 282500000,
    "grossProfitRatio": 0.4260292565,
    "researchAndDevelopmentExpenses": 0,
    "generalAndAdministrativeExpenses": 94800000,
    "sellingAndMarketingExpenses": 0,
    "sellingGeneralAndAdministrativeExpenses": 94800000,
    "otherExpenses": 95000000,
    "operatingExpenses": 189800000,
    "costAndExpenses": 570400000,
    "interestIncome": 586800000,
    "interestExpense": 340200000,
    "depreciationAndAmortization": 17900000,
    "ebitda": 110600000,
    "ebitdaratio": 0.166792339,
    "operatingIncome": 92700000,
    "operatingIncomeRatio": 0.1397979189,
    "totalOtherIncomeExpensesNet": 0,
    "incomeBeforeTax": 92700000,
    "incomeBeforeTaxRatio": 0.1397979189,
    "incomeTaxExpense": 27800000,
    "netIncome": 64900000,
    "netIncomeRatio": 0.0978736239,
    "eps": 0.25,
    "epsdiluted": 0.25,
    "weightedAverageShsOut": 259600000,
    "weightedAverageShsOutDil": 259600000,
    "link": null,
    "finalLink": null
  },
  {
    "date": "1989-12-31",
    "symbol": "USB",
    "reportedCurrency": "USD",
    "cik": "0000036104",
    "fillingDate": "1989-12-31",
    "acceptedDate": "1989-12-31 00:00:00",
    "calendarYear": "1989",
    "period": "FY",
    "revenue": 636000000,
    "costOfRevenue": 371700000,
    "grossProfit": 264300000,
    "grossProfitRatio": 0.4155660377,
    "researchAndDevelopmentExpenses": 0,
    "generalAndAdministrativeExpenses": 89100000,
    "sellingAndMarketingExpenses": 0,
    "sellingGeneralAndAdministrativeExpenses": 89100000,
    "otherExpenses": 95100000,
    "operatingExpenses": 184200000,
    "costAndExpenses": 555900000,
    "interestIncome": 563900000,
    "interestExpense": 336300000,
    "depreciationAndAmortization": 18000000,
    "ebitda": 98100000,
    "ebitdaratio": 0.154245283,
    "operatingIncome": 80100000,
    "operatingIncomeRatio": 0.1259433962,
    "totalOtherIncomeExpensesNet": 0,
    "incomeBeforeTax": 80100000,
    "incomeBeforeTaxRatio": 0.1259433962,
    "incomeTaxExpense": 22100000,
    "netIncome": 58000000,
    "netIncomeRatio": 0.0911949686,
    "eps": 0.22,
    "epsdiluted": 0.22,
    "weightedAverageShsOut": 263636000,
    "weightedAverageShsOutDil": 263636000,
    "link": null,
    "finalLink": null
  },
  {
    "date": "1988-12-31",
    "symbol": "USB",
    "reportedCurrency": "USD",
    "cik": "0000036104",
    "fillingDate": "1988-12-31",
    "acceptedDate": "1988-12-30 19:00:00",
    "calendarYear": "1988",
    "period": "FY",
    "revenue": 0,
    "costOfRevenue": 0,
    "grossProfit": 0,
    "grossProfitRatio": 0,
    "researchAndDevelopmentExpenses": 0,
    "generalAndAdministrativeExpenses": 0,
    "sellingAndMarketingExpenses": 0,
    "sellingGeneralAndAdministrativeExpenses": 0,
    "otherExpenses": 55400000,
    "operatingExpenses": 55400000,
    "costAndExpenses": 55400000,
    "interestIncome": 0,
    "interestExpense": 0,
    "depreciationAndAmortization": 0,
    "ebitda": 55400000,
    "ebitdaratio": 0,
    "operatingIncome": 55400000,
    "operatingIncomeRatio": 0,
    "totalOtherIncomeExpensesNet": 0,
    "incomeBeforeTax": 0,
    "incomeBeforeTaxRatio": 0,
    "incomeTaxExpense": -55400000,
    "netIncome": 55400000,
    "netIncomeRatio": 0,
    "eps": 0.22,
    "epsdiluted": 0.22,
    "weightedAverageShsOut": 255133500,
    "weightedAverageShsOutDil": 255133500,
    "link": "",
    "finalLink": ""
  },
  {
    "date": "1987-12-31",
    "symbol": "USB",
    "reportedCurrency": "USD",
    "cik": "0000036104",
    "fillingDate": "1987-12-31",
    "acceptedDate": "1987-12-30 19:00:00",
    "calendarYear": "1987",
    "period": "FY",
    "revenue": 0,
    "costOfRevenue": 0,
    "grossProfit": 0,
    "grossProfitRatio": 0,
    "researchAndDevelopmentExpenses": 0,
    "generalAndAdministrativeExpenses": 0,
    "sellingAndMarketingExpenses": 0,
    "sellingGeneralAndAdministrativeExpenses": 0,
    "otherExpenses": 41500000,
    "operatingExpenses": 41500000,
    "costAndExpenses": 41500000,
    "interestIncome": 0,
    "interestExpense": 0,
    "depreciationAndAmortization": 0,
    "ebitda": 41500000,
    "ebitdaratio": 0,
    "operatingIncome": 41500000,
    "operatingIncomeRatio": 0,
    "totalOtherIncomeExpensesNet": 0,
    "incomeBeforeTax": 0,
    "incomeBeforeTaxRatio": 0,
    "incomeTaxExpense": -41500000,
    "netIncome": 41500000,
    "netIncomeRatio": 0,
    "eps": 0.19,
    "epsdiluted": 0.19,
    "weightedAverageShsOut": 218421000,
    "weightedAverageShsOutDil": 218421000,
    "link": "",
    "finalLink": ""
  },
  {
    "date": "1986-12-31",
    "symbol": "USB",
    "reportedCurrency": "USD",
    "cik": "0000036104",
    "fillingDate": "1986-12-31",
    "acceptedDate": "1986-12-30 19:00:00",
    "calendarYear": "1986",
    "period": "FY",
    "revenue": 0,
    "costOfRevenue": 0,
    "grossProfit": 0,
    "grossProfitRatio": 0,
    "researchAndDevelopmentExpenses": 0,
    "generalAndAdministrativeExpenses": 0,
    "sellingAndMarketingExpenses": 0,
    "sellingGeneralAndAdministrativeExpenses": 0,
    "otherExpenses": 40100000,
    "operatingExpenses": 40100000,
    "costAndExpenses": 40100000,
    "interestIncome": 0,
    "interestExpense": 0,
    "depreciationAndAmortization": 0,
    "ebitda": 40100000,
    "ebitdaratio": 0,
    "operatingIncome": 40100000,
    "operatingIncomeRatio": 0,
    "totalOtherIncomeExpensesNet": 0,
    "incomeBeforeTax": 0,
    "incomeBeforeTaxRatio": 0,
    "incomeTaxExpense": -40100000,
    "netIncome": 40100000,
    "netIncomeRatio": 0,
    "eps": 0.18,
    "epsdiluted": 0.18,
    "weightedAverageShsOut": 222778000,
    "weightedAverageShsOutDil": 222778000,
    "link": "",
    "finalLink": ""
  },
  {
    "date": "1985-12-31",
    "symbol": "USB",
    "reportedCurrency": "USD",
    "cik": "0000036104",
    "fillingDate": "1985-12-31",
    "acceptedDate": "1985-12-30 19:00:00",
    "calendarYear": "1985",
    "period": "FY",
    "revenue": 0,
    "costOfRevenue": 0,
    "grossProfit": 0,
    "grossProfitRatio": 0,
    "researchAndDevelopmentExpenses": 0,
    "generalAndAdministrativeExpenses": 0,
    "sellingAndMarketingExpenses": 0,
    "sellingGeneralAndAdministrativeExpenses": 0,
    "otherExpenses": 34100000,
    "operatingExpenses": 34100000,
    "costAndExpenses": 34100000,
    "interestIncome": 0,
    "interestExpense": 0,
    "depreciationAndAmortization": 0,
    "ebitda": 34100000,
    "ebitdaratio": 0,
    "operatingIncome": 34100000,
    "operatingIncomeRatio": 0,
    "totalOtherIncomeExpensesNet": 0,
    "incomeBeforeTax": 0,
    "incomeBeforeTaxRatio": 0,
    "incomeTaxExpense": -34100000,
    "netIncome": 34100000,
    "netIncomeRatio": 0,
    "eps": 0.18,
    "epsdiluted": 0.18,
    "weightedAverageShsOut": 189444000,
    "weightedAverageShsOutDil": 189444000,
    "link": "",
    "finalLink": ""
  }
]