[
  {
    "date": "2025-06-30",
    "symbol": "V",
    "reportedCurrency": "USD",
    "cik": "0001403161",
    "fillingDate": "2025-07-30",
    "acceptedDate": "2025-07-29 18:06:21",
    "calendarYear": "2025",
    "period": "Q3",
    "revenue": 10172000000,
    "costOfRevenue": 2290000000,
    "grossProfit": 7882000000,
    "grossProfitRatio": 0.7748721982,
    "researchAndDevelopmentExpenses": 0,
    "generalAndAdministrativeExpenses": 669000000,
    "sellingAndMarketingExpenses": 421000000,
    "sellingGeneralAndAdministrativeExpenses": 1090000000,
    "otherExpenses": 2681000000,
    "operatingExpenses": 3771000000,
    "costAndExpenses": 3995000000,
    "interestIncome": 0,
    "interestExpense": 39000000,
    "depreciationAndAmortization": 317000000,
    "ebitda": 6689000000,
    "ebitdaratio": 0.6575894613,
    "operatingIncome": 6177000000,
    "operatingIncomeRatio": 0.6072552104,
    "totalOtherIncomeExpensesNet": 156000000,
    "incomeBeforeTax": 6333000000,
    "incomeBeforeTaxRatio": 0.6225914274,
    "incomeTaxExpense": 1061000000,
    "netIncome": 5219000000,
    "netIncomeRatio": 0.5130751081,
    "eps": 2.69,
    "epsdiluted": 2.69,
    "weightedAverageShsOut": 1936908500,
    "weightedAverageShsOutDil": 1959000000,
    "link": "https://www.sec.gov/Archives/edgar/data/1403161/000140316125000052/0001403161-25-000052-index.htm",
    "finalLink": "https://www.sec.gov/Archives/edgar/data/1403161/000140316125000052/v-20250630.htm"
  },
  {
    "date": "2025-03-31",
    "symbol": "V",
    "reportedCurrency": "USD",
    "cik": "0001403161",
    "fillingDate": "2025-04-30",
    "acceptedDate": "2025-04-29 18:07:21",
    "calendarYear": "2025",
    "period": "Q2",
    "revenue": 9594000000,
    "costOfRevenue": 1881000000,
    "grossProfit": 7713000000,
    "grossProfitRatio": 0.8039399625,
    "researchAndDevelopmentExpenses": 0,
    "generalAndAdministrativeExpenses": 592000000,
    "sellingAndMarketingExpenses": 381000000,
    "sellingGeneralAndAdministrativeExpenses": 973000000,
    "otherExpenses": 1305000000,
    "operatingExpenses": 2278000000,
    "costAndExpenses": 4159000000,
    "interestIncome": 0,
    "interestExpense": 158000000,
    "depreciationAndAmortization": 305000000,
    "ebitda": 5901000000,
    "ebitdaratio": 0.6150719199,
    "operatingIncome": 5435000000,
    "operatingIncomeRatio": 0.5664998958,
    "totalOtherIncomeExpensesNet": 3000000,
    "incomeBeforeTax": 5438000000,
    "incomeBeforeTaxRatio": 0.5668125912,
    "incomeTaxExpense": 861000000,
    "netIncome": 4577000000,
    "netIncomeRatio": 0.4770690015,
    "eps": 2.32,
    "epsdiluted": 2.32,
    "weightedAverageShsOut": 1949986500,
    "weightedAverageShsOutDil": 1974000000,
    "link": "https://www.sec.gov/Archives/edgar/data/1403161/000140316125000037/0001403161-25-000037-index.htm",
    "finalLink": "https://www.sec.gov/Archives/edgar/data/1403161/000140316125000037/v-20250331.htm"
  },
  {
    "date": "2024-12-31",
    "symbol": "V",
    "reportedCurrency": "USD",
    "cik": "0001403161",
    "fillingDate": "2025-01-30",
    "acceptedDate": "2025-01-30 16:05:52",
    "calendarYear": "2025",
    "period": "Q1",
    "revenue": 9510000000,
    "costOfRevenue": 2020000000,
    "grossProfit": 7490000000,
    "grossProfitRatio": 0.7875920084,
    "researchAndDevelopmentExpenses": 0,
    "generalAndAdministrativeExpenses": 624000000,
    "sellingAndMarketingExpenses": 306000000,
    "sellingGeneralAndAdministrativeExpenses": 930000000,
    "otherExpenses": 326000000,
    "operatingExpenses": 1256000000,
    "costAndExpenses": 3276000000,
    "interestIncome": 0,
    "interestExpense": 182000000,
    "depreciationAndAmortization": 282000000,
    "ebitda": 6664000000,
    "ebitdaratio": 0.7007360673,
    "operatingIncome": 6234000000,
    "operatingIncomeRatio": 0.6555205047,
    "totalOtherIncomeExpensesNet": -34000000,
    "incomeBeforeTax": 6200000000,
    "incomeBeforeTaxRatio": 0.6519453207,
    "incomeTaxExpense": 1081000000,
    "netIncome": 5119000000,
    "netIncomeRatio": 0.5382754995,
    "eps": 2.58,
    "epsdiluted": 2.58,
    "weightedAverageShsOut": 1985000000,
    "weightedAverageShsOutDil": 1985000000,
    "link": "https://www.sec.gov/Archives/edgar/data/1403161/000140316125000017/0001403161-25-000017-index.htm",
    "finalLink": "https://www.sec.gov/Archives/edgar/data/1403161/000140316125000017/v-20241231.htm"
  },
  {
    "date": "2024-09-30",
    "symbol": "V",
    "reportedCurrency": "USD",
    "cik": "0001403161",
    "fillingDate": "2024-11-13",
    "acceptedDate": "2024-11-13 17:14:01",
    "calendarYear": "2024",
    "period": "Q4",
    "revenue": 9617000000,
    "costOfRevenue": 1817000000,
    "grossProfit": 7800000000,
    "grossProfitRatio": 0.8110637413,
    "researchAndDevelopmentExpenses": 0,
    "generalAndAdministrativeExpenses": 616000000,
    "sellingAndMarketingExpenses": 551000000,
    "sellingGeneralAndAdministrativeExpenses": 1167000000,
    "otherExpenses": 284000000,
    "operatingExpenses": 1451000000,
    "costAndExpenses": 3268000000,
    "interestIncome": 0,
    "interestExpense": 176000000,
    "depreciationAndAmortization": 274000000,
    "ebitda": 6822000000,
    "ebitdaratio": 0.709368826,
    "operatingIncome": 6349000000,
    "operatingIncomeRatio": 0.6601850889,
    "totalOtherIncomeExpensesNet": 23000000,
    "incomeBeforeTax": 6372000000,
    "incomeBeforeTaxRatio": 0.6625766871,
    "incomeTaxExpense": 1054000000,
    "netIncome": 5318000000,
    "netIncomeRatio": 0.5529790995,
    "eps": 2.66,
    "epsdiluted": 2.65,
    "weightedAverageShsOut": 2003000000,
    "weightedAverageShsOutDil": 2003000000,
    "link": "https://www.sec.gov/Archives/edgar/data/1403161/000140316124000058/0001403161-24-000058-index.htm",
    "finalLink": "https://www.sec.gov/Archives/edgar/data/1403161/000140316124000058/v-20240930.htm"
  },
  {
    "date": "2024-06-30",
    "symbol": "V",
    "reportedCurrency": "USD",
    "cik": "0001403161",
    "fillingDate": "2024-07-24",
    "acceptedDate": "2024-07-23 18:12:59",
    "calendarYear": "2024",
    "period": "Q3",
    "revenue": 8900000000,
    "costOfRevenue": 1773000000,
    "grossProfit": 7127000000,
    "grossProfitRatio": 0.8007865169,
    "researchAndDevelopmentExpenses": 0,
    "generalAndAdministrativeExpenses": 534000000,
    "sellingAndMarketingExpenses": 378000000,
    "sellingGeneralAndAdministrativeExpenses": 912000000,
    "otherExpenses": 277000000,
    "operatingExpenses": 1189000000,
    "costAndExpenses": 2962000000,
    "interestIncome": 0,
    "interestExpense": 196000000,
    "depreciationAndAmortization": 264000000,
    "ebitda": 6449000000,
    "ebitdaratio": 0.7246067416,
    "operatingIncome": 5938000000,
    "operatingIncomeRatio": 0.6671910112,
    "totalOtherIncomeExpensesNet": 51000000,
    "incomeBeforeTax": 5989000000,
    "incomeBeforeTaxRatio": 0.6729213483,
    "incomeTaxExpense": 1117000000,
    "netIncome": 4872000000,
    "netIncomeRatio": 0.5474157303,
    "eps": 2.4,
    "epsdiluted": 2.4,
    "weightedAverageShsOut": 2029000000,
    "weightedAverageShsOutDil": 2029000000,
    "link": "https://www.sec.gov/Archives/edgar/data/1403161/000140316124000041/0001403161-24-000041-index.htm",
    "finalLink": "https://www.sec.gov/Archives/edgar/data/1403161/000140316124000041/v-20240630.htm"
  },
  {
    "date": "2024-03-31",
    "symbol": "V",
    "reportedCurrency": "USD",
    "cik": "0001403161",
    "fillingDate": "2024-04-24",
    "acceptedDate": "2024-04-23 18:06:59",
    "calendarYear": "2024",
    "period": "Q2",
    "revenue": 8775000000,
    "costOfRevenue": 1792000000,
    "grossProfit": 6983000000,
    "grossProfitRatio": 0.7957834758,
    "researchAndDevelopmentExpenses": 0,
    "generalAndAdministrativeExpenses": 612000000,
    "sellingAndMarketingExpenses": 338000000,
    "sellingGeneralAndAdministrativeExpenses": 950000000,
    "otherExpenses": 679000000,
    "operatingExpenses": 1629000000,
    "costAndExpenses": 3421000000,
    "interestIncome": 0,
    "interestExpense": 82000000,
    "depreciationAndAmortization": 249000000,
    "ebitda": 5844000000,
    "ebitdaratio": 0.665982906,
    "operatingIncome": 5354000000,
    "operatingIncomeRatio": 0.6101424501,
    "totalOtherIncomeExpensesNet": 159000000,
    "incomeBeforeTax": 5513000000,
    "incomeBeforeTaxRatio": 0.6282621083,
    "incomeTaxExpense": 850000000,
    "netIncome": 4663000000,
    "netIncomeRatio": 0.5313960114,
    "eps": 2.29,
    "epsdiluted": 2.29,
    "weightedAverageShsOut": 2039000000,
    "weightedAverageShsOutDil": 2039000000,
    "link": "https://www.sec.gov/Archives/edgar/data/1403161/000140316124000030/0001403161-24-000030-index.htm",
    "finalLink": "https://www.sec.gov/Archives/edgar/data/1403161/000140316124000030/v-20240331.htm"
  },
  {
    "date": "2023-12-31",
    "symbol": "V",
    "reportedCurrency": "USD",
    "cik": "0001403161",
    "fillingDate": "2024-01-26",
    "acceptedDate": "2024-01-25 18:17:40",
    "calendarYear": "2024",
    "period": "Q1",
    "revenue": 8634000000,
    "costOfRevenue": 1660000000,
    "grossProfit": 6974000000,
    "grossProfitRatio": 0.8077368543,
    "researchAndDevelopmentExpenses": 0,
    "generalAndAdministrativeExpenses": 471000000,
    "sellingAndMarketingExpenses": 293000000,
    "sellingGeneralAndAdministrativeExpenses": 764000000,
    "otherExpenses": 256000000,
    "operatingExpenses": 1020000000,
    "costAndExpenses": 2680000000,
    "interestIncome": 0,
    "interestExpense": 187000000,
    "depreciationAndAmortization": 247000000,
    "ebitda": 6476000000,
    "ebitdaratio": 0.7500579106,
    "operatingIncome": 5954000000,
    "operatingIncomeRatio": 0.6895992587,
    "totalOtherIncomeExpensesNet": 88000000,
    "incomeBeforeTax": 6042000000,
    "incomeBeforeTaxRatio": 0.6997915219,
    "incomeTaxExpense": 1152000000,
    "netIncome": 4890000000,
    "netIncomeRatio": 0.5663655316,
    "eps": 2.39,
    "epsdiluted": 2.39,
    "weightedAverageShsOut": 2045000000,
    "weightedAverageShsOutDil": 2045000000,
    "link": "https://www.sec.gov/Archives/edgar/data/1403161/000140316124000016/0001403161-24-000016-index.htm",
    "finalLink": "https://www.sec.gov/Archives/edgar/data/1403161/000140316124000016/v-20231231.htm"
  },
  {
    "date": "2023-09-30",
    "symbol": "V",
    "reportedCurrency": "USD",
    "cik": "0001403161",
    "fillingDate": "2023-11-15",
    "acceptedDate": "2023-11-15 16:07:14",
    "calendarYear": "2023",
    "period": "Q4",
    "revenue": 8609000000,
    "costOfRevenue": 1695000000,
    "grossProfit": 6914000000,
    "grossProfitRatio": 0.8031130213,
    "researchAndDevelopmentExpenses": 0,
    "generalAndAdministrativeExpenses": 585000000,
    "sellingAndMarketingExpenses": 403000000,
    "sellingGeneralAndAdministrativeExpenses": 988000000,
    "otherExpenses": 376000000,
    "operatingExpenses": 1364000000,
    "costAndExpenses": 3059000000,
    "interestIncome": 0,
    "interestExpense": 183000000,
    "depreciationAndAmortization": 247000000,
    "ebitda": 6066000000,
    "ebitdaratio": 0.7046114531,
    "operatingIncome": 5550000000,
    "operatingIncomeRatio": 0.6446741782,
    "totalOtherIncomeExpensesNet": 86000000,
    "incomeBeforeTax": 5636000000,
    "incomeBeforeTaxRatio": 0.654663724,
    "incomeTaxExpense": 955000000,
    "netIncome": 4681000000,
    "netIncomeRatio": 0.5437333024,
    "eps": 2.27,
    "epsdiluted": 2.27,
    "weightedAverageShsOut": 2065000000,
    "weightedAverageShsOutDil": 2065000000,
    "link": "https://www.sec.gov/Archives/edgar/data/1403161/000140316123000099/0001403161-23-000099-index.htm",
    "finalLink": "https://www.sec.gov/Archives/edgar/data/1403161/000140316123000099/v-20230930.htm"
  },
  {
    "date": "2023-06-30",
    "symbol": "V",
    "reportedCurrency": "USD",
    "cik": "0001403161",
    "fillingDate": "2023-07-26",
    "acceptedDate": "2023-07-25 18:21:55",
    "calendarYear": "2023",
    "period": "Q3",
    "revenue": 8123000000,
    "costOfRevenue": 1663000000,
    "grossProfit": 6460000000,
    "grossProfitRatio": 0.7952726825,
    "researchAndDevelopmentExpenses": 0,
    "generalAndAdministrativeExpenses": 447000000,
    "sellingAndMarketingExpenses": 297000000,
    "sellingGeneralAndAdministrativeExpenses": 744000000,
    "otherExpenses": 692000000,
    "operatingExpenses": 1436000000,
    "costAndExpenses": 3099000000,
    "interestIncome": 0,
    "interestExpense": 182000000,
    "depreciationAndAmortization": 235000000,
    "ebitda": 5563000000,
    "ebitdaratio": 0.6848455004,
    "operatingIncome": 5024000000,
    "operatingIncomeRatio": 0.6184907054,
    "totalOtherIncomeExpensesNet": 122000000,
    "incomeBeforeTax": 5146000000,
    "incomeBeforeTaxRatio": 0.633509787,
    "incomeTaxExpense": 990000000,
    "netIncome": 4156000000,
    "netIncomeRatio": 0.5116336329,
    "eps": 2,
    "epsdiluted": 2,
    "weightedAverageShsOut": 2080000000,
    "weightedAverageShsOutDil": 2080000000,
    "link": "https://www.sec.gov/Archives/edgar/data/1403161/000140316123000072/0001403161-23-000072-index.htm",
    "finalLink": "https://www.sec.gov/Archives/edgar/data/1403161/000140316123000072/v-20230630.htm"
  },
  {
    "date": "2023-03-31",
    "symbol": "V",
    "reportedCurrency": "USD",
    "cik": "0001403161",
    "fillingDate": "2023-04-27",
    "acceptedDate": "2023-04-26 17:36:19",
    "calendarYear": "2023",
    "period": "Q2",
    "revenue": 7985000000,
    "costOfRevenue": 1694000000,
    "grossProfit": 6291000000,
    "grossProfitRatio": 0.7878522229,
    "researchAndDevelopmentExpenses": 0,
    "generalAndAdministrativeExpenses": 412000000,
    "sellingAndMarketingExpenses": 309000000,
    "sellingGeneralAndAdministrativeExpenses": 721000000,
    "otherExpenses": 234000000,
    "operatingExpenses": 955000000,
    "costAndExpenses": 2649000000,
    "interestIncome": 0,
    "interestExpense": 142000000,
    "depreciationAndAmortization": 234000000,
    "ebitda": 5654000000,
    "ebitdaratio": 0.7080776456,
    "operatingIncome": 5336000000,
    "operatingIncomeRatio": 0.6682529743,
    "totalOtherIncomeExpensesNet": -58000000,
    "incomeBeforeTax": 5278000000,
    "incomeBeforeTaxRatio": 0.660989355,
    "incomeTaxExpense": 1021000000,
    "netIncome": 4257000000,
    "netIncomeRatio": 0.5331246086,
    "eps": 2.04,
    "epsdiluted": 2.03,
    "weightedAverageShsOut": 2093000000,
    "weightedAverageShsOutDil": 2093000000,
    "link": "https://www.sec.gov/Archives/edgar/data/1403161/000140316123000031/0001403161-23-000031-index.htm",
    "finalLink": "https://www.sec.gov/Archives/edgar/data/1403161/000140316123000031/v-20230331.htm"
  },
  {
    "date": "2022-12-31",
    "symbol": "V",
    "reportedCurrency": "USD",
    "cik": "0001403161",
    "fillingDate": "2023-01-27",
    "acceptedDate": "2023-01-27 16:05:51",
    "calendarYear": "2023",
    "period": "Q1",
    "revenue": 7936000000,
    "costOfRevenue": 1515000000,
    "grossProfit": 6421000000,
    "grossProfitRatio": 0.8090977823,
    "researchAndDevelopmentExpenses": 0,
    "generalAndAdministrativeExpenses": 431000000,
    "sellingAndMarketingExpenses": 332000000,
    "sellingGeneralAndAdministrativeExpenses": 763000000,
    "otherExpenses": 568000000,
    "operatingExpenses": 1331000000,
    "costAndExpenses": 2846000000,
    "interestIncome": 0,
    "interestExpense": 137000000,
    "depreciationAndAmortization": 227000000,
    "ebitda": 5341000000,
    "ebitdaratio": 0.6730090726,
    "operatingIncome": 5090000000,
    "operatingIncomeRatio": 0.6413810484,
    "totalOtherIncomeExpensesNet": -113000000,
    "incomeBeforeTax": 4977000000,
    "incomeBeforeTaxRatio": 0.6271421371,
    "incomeTaxExpense": 798000000,
    "netIncome": 4179000000,
    "netIncomeRatio": 0.5265877016,
    "eps": 1.99,
    "epsdiluted": 1.99,
    "weightedAverageShsOut": 2102000000,
    "weightedAverageShsOutDil": 2102000000,
    "link": "https://www.sec.gov/Archives/edgar/data/1403161/000140316123000013/0001403161-23-000013-index.htm",
    "finalLink": "https://www.sec.gov/Archives/edgar/data/1403161/000140316123000013/v-20221231.htm"
  },
  {
    "date": "2022-09-30",
    "symbol": "V",
    "reportedCurrency": "USD",
    "cik": "0001403161",
    "fillingDate": "2022-11-16",
    "acceptedDate": "2022-11-16 16:06:43",
    "calendarYear": "2022",
    "period": "Q4",
    "revenue": 7787000000,
    "costOfRevenue": 1541000000,
    "grossProfit": 6246000000,
    "grossProfitRatio": 0.8021060742,
    "researchAndDevelopmentExpenses": 0,
    "generalAndAdministrativeExpenses": 501000000,
    "sellingAndMarketingExpenses": 429000000,
    "sellingGeneralAndAdministrativeExpenses": 930000000,
    "otherExpenses": 229000000,
    "operatingExpenses": 1159000000,
    "costAndExpenses": 2700000000,
    "interestIncome": 0,
    "interestExpense": 159000000,
    "depreciationAndAmortization": 226000000,
    "ebitda": 5253000000,
    "ebitdaratio": 0.6745858482,
    "operatingIncome": 5087000000,
    "operatingIncomeRatio": 0.6532682676,
    "totalOtherIncomeExpensesNet": -219000000,
    "incomeBeforeTax": 4868000000,
    "incomeBeforeTaxRatio": 0.6251444716,
    "incomeTaxExpense": 928000000,
    "netIncome": 3940000000,
    "netIncomeRatio": 0.5059714909,
    "eps": 1.86,
    "epsdiluted": 1.86,
    "weightedAverageShsOut": 2116000000,
    "weightedAverageShsOutDil": 2116000000,
    "link": "https://www.sec.gov/Archives/edgar/data/1403161/000140316122000081/0001403161-22-000081-index.htm",
    "finalLink": "https://www.sec.gov/Archives/edgar/data/1403161/000140316122000081/v-20220930.htm"
  },
  {
    "date": "2022-06-30",
    "symbol": "V",
    "reportedCurrency": "USD",
    "cik": "0001403161",
    "fillingDate": "2022-07-28",
    "acceptedDate": "2022-07-28 16:04:21",
    "calendarYear": "2022",
    "period": "Q3",
    "revenue": 7275000000,
    "costOfRevenue": 1461000000,
    "grossProfit": 5814000000,
    "grossProfitRatio": 0.7991752577,
    "researchAndDevelopmentExpenses": 0,
    "generalAndAdministrativeExpenses": 406000000,
    "sellingAndMarketingExpenses": 313000000,
    "sellingGeneralAndAdministrativeExpenses": 719000000,
    "otherExpenses": 947000000,
    "operatingExpenses": 1666000000,
    "costAndExpenses": 3127000000,
    "interestIncome": 0,
    "interestExpense": 111000000,
    "depreciationAndAmortization": 230000000,
    "ebitda": 4170000000,
    "ebitdaratio": 0.5731958763,
    "operatingIncome": 4148000000,
    "operatingIncomeRatio": 0.5701718213,
    "totalOtherIncomeExpensesNet": -319000000,
    "incomeBeforeTax": 3829000000,
    "incomeBeforeTaxRatio": 0.5263230241,
    "incomeTaxExpense": 418000000,
    "netIncome": 3411000000,
    "netIncomeRatio": 0.4688659794,
    "eps": 1.64,
    "epsdiluted": 1.6,
    "weightedAverageShsOut": 1897000000,
    "weightedAverageShsOutDil": 2129000000,
    "link": "https://www.sec.gov/Archives/edgar/data/1403161/000140316122000058/0001403161-22-000058-index.htm",
    "finalLink": "https://www.sec.gov/Archives/edgar/data/1403161/000140316122000058/v-20220630.htm"
  },
  {
    "date": "2022-03-31",
    "symbol": "V",
    "reportedCurrency": "USD",
    "cik": "0001403161",
    "fillingDate": "2022-04-28",
    "acceptedDate": "2022-04-28 16:07:54",
    "calendarYear": "2022",
    "period": "Q2",
    "revenue": 7189000000,
    "costOfRevenue": 1416000000,
    "grossProfit": 5773000000,
    "grossProfitRatio": 0.8030324106,
    "researchAndDevelopmentExpenses": 0,
    "generalAndAdministrativeExpenses": 450000000,
    "sellingAndMarketingExpenses": 314000000,
    "sellingGeneralAndAdministrativeExpenses": 764000000,
    "otherExpenses": 207000000,
    "operatingExpenses": 971000000,
    "costAndExpenses": 2387000000,
    "interestIncome": 0,
    "interestExpense": 134000000,
    "depreciationAndAmortization": 207000000,
    "ebitda": 4883000000,
    "ebitdaratio": 0.6792321602,
    "operatingIncome": 4802000000,
    "operatingIncomeRatio": 0.6679649464,
    "totalOtherIncomeExpensesNet": -260000000,
    "incomeBeforeTax": 4542000000,
    "incomeBeforeTaxRatio": 0.6317985812,
    "incomeTaxExpense": 895000000,
    "netIncome": 3647000000,
    "netIncomeRatio": 0.5073028238,
    "eps": 1.7,
    "epsdiluted": 1.7,
    "weightedAverageShsOut": 2093301000,
    "weightedAverageShsOutDil": 2142000000,
    "link": "https://www.sec.gov/Archives/edgar/data/1403161/000140316122000027/0001403161-22-000027-index.htm",
    "finalLink": "https://www.sec.gov/Archives/edgar/data/1403161/000140316122000027/v-20220331.htm"
  },
  {
    "date": "2021-12-31",
    "symbol": "V",
    "reportedCurrency": "USD",
    "cik": "0001403161",
    "fillingDate": "2022-01-28",
    "acceptedDate": "2022-01-28 16:06:16",
    "calendarYear": "2022",
    "period": "Q1",
    "revenue": 7059000000,
    "costOfRevenue": 1315000000,
    "grossProfit": 5744000000,
    "grossProfitRatio": 0.8137129905,
    "researchAndDevelopmentExpenses": 0,
    "generalAndAdministrativeExpenses": 342000000,
    "sellingAndMarketingExpenses": 280000000,
    "sellingGeneralAndAdministrativeExpenses": 622000000,
    "otherExpenses": 346000000,
    "operatingExpenses": 968000000,
    "costAndExpenses": 2283000000,
    "interestIncome": 0,
    "interestExpense": 134000000,
    "depreciationAndAmortization": 198000000,
    "ebitda": 5229000000,
    "ebitdaratio": 0.7407564811,
    "operatingIncome": 4776000000,
    "operatingIncomeRatio": 0.6765830854,
    "totalOtherIncomeExpensesNet": 121000000,
    "incomeBeforeTax": 4897000000,
    "incomeBeforeTaxRatio": 0.6937243236,
    "incomeTaxExpense": 938000000,
    "netIncome": 3959000000,
    "netIncomeRatio": 0.5608443122,
    "eps": 1.84,
    "epsdiluted": 1.83,
    "weightedAverageShsOut": 2106586000,
    "weightedAverageShsOutDil": 2159000000,
    "link": "https://www.sec.gov/Archives/edgar/data/1403161/000140316122000013/0001403161-22-000013-index.htm",
    "finalLink": "https://www.sec.gov/Archives/edgar/data/1403161/000140316122000013/v-20211231.htm"
  },
  {
    "date": "2021-09-30",
    "symbol": "V",
    "reportedCurrency": "USD",
    "cik": "0001403161",
    "fillingDate": "2021-11-18",
    "acceptedDate": "2021-11-18 16:06:50",
    "calendarYear": "2021",
    "period": "Q4",
    "revenue": 6559000000,
    "costOfRevenue": 1239000000,
    "grossProfit": 5320000000,
    "grossProfitRatio": 0.8110992529,
    "researchAndDevelopmentExpenses": 0,
    "generalAndAdministrativeExpenses": 345000000,
    "sellingAndMarketingExpenses": 457000000,
    "sellingGeneralAndAdministrativeExpenses": 802000000,
    "otherExpenses": 203000000,
    "operatingExpenses": 1005000000,
    "costAndExpenses": 2244000000,
    "interestIncome": 0,
    "interestExpense": 125000000,
    "depreciationAndAmortization": 202000000,
    "ebitda": 4625000000,
    "ebitdaratio": 0.7051379784,
    "operatingIncome": 4315000000,
    "operatingIncomeRatio": 0.657874676,
    "totalOtherIncomeExpensesNet": -17000000,
    "incomeBeforeTax": 4298000000,
    "incomeBeforeTaxRatio": 0.6552828175,
    "incomeTaxExpense": 714000000,
    "netIncome": 3584000000,
    "netIncomeRatio": 0.5464247599,
    "eps": 1.65,
    "epsdiluted": 1.65,
    "weightedAverageShsOut": 2124301000,
    "weightedAverageShsOutDil": 2175000000,
    "link": "https://www.sec.gov/Archives/edgar/data/1403161/000140316121000060/0001403161-21-000060-index.htm",
    "finalLink": "https://www.sec.gov/Archives/edgar/data/1403161/000140316121000060/v-20210930.htm"
  },
  {
    "date": "2021-06-30",
    "symbol": "V",
    "reportedCurrency": "USD",
    "cik": "0001403161",
    "fillingDate": "2021-07-29",
    "acceptedDate": "2021-07-29 16:03:32",
    "calendarYear": "2021",
    "period": "Q3",
    "revenue": 6130000000,
    "costOfRevenue": 1284000000,
    "grossProfit": 4846000000,
    "grossProfitRatio": 0.7905383361,
    "researchAndDevelopmentExpenses": 0,
    "generalAndAdministrativeExpenses": 312000000,
    "sellingAndMarketingExpenses": 268000000,
    "sellingGeneralAndAdministrativeExpenses": 580000000,
    "otherExpenses": 202000000,
    "operatingExpenses": 782000000,
    "costAndExpenses": 2066000000,
    "interestIncome": 0,
    "interestExpense": 131000000,
    "depreciationAndAmortization": 204000000,
    "ebitda": 4724000000,
    "ebitdaratio": 0.7706362153,
    "operatingIncome": 4064000000,
    "operatingIncomeRatio": 0.6629690049,
    "totalOtherIncomeExpensesNet": 325000000,
    "incomeBeforeTax": 4389000000,
    "incomeBeforeTaxRatio": 0.7159869494,
    "incomeTaxExpense": 1814000000,
    "netIncome": 2575000000,
    "netIncomeRatio": 0.4200652529,
    "eps": 1.18,
    "epsdiluted": 1.18,
    "weightedAverageShsOut": 2128586000,
    "weightedAverageShsOutDil": 2184000000,
    "link": "https://www.sec.gov/Archives/edgar/data/1403161/000140316121000042/0001403161-21-000042-index.htm",
    "finalLink": "https://www.sec.gov/Archives/edgar/data/1403161/000140316121000042/v-20210630.htm"
  },
  {
    "date": "2021-03-31",
    "symbol": "V",
    "reportedCurrency": "USD",
    "cik": "0001403161",
    "fillingDate": "2021-04-29",
    "acceptedDate": "2021-04-29 16:06:43",
    "calendarYear": "2021",
    "period": "Q2",
    "revenue": 5729000000,
    "costOfRevenue": 1293000000,
    "grossProfit": 4436000000,
    "grossProfitRatio": 0.7743061616,
    "researchAndDevelopmentExpenses": 0,
    "generalAndAdministrativeExpenses": 445000000,
    "sellingAndMarketingExpenses": 206000000,
    "sellingGeneralAndAdministrativeExpenses": 651000000,
    "otherExpenses": 204000000,
    "operatingExpenses": 855000000,
    "costAndExpenses": 2148000000,
    "interestIncome": 0,
    "interestExpense": 121000000,
    "depreciationAndAmortization": 201000000,
    "ebitda": 3950000000,
    "ebitdaratio": 0.6894746029,
    "operatingIncome": 3581000000,
    "operatingIncomeRatio": 0.6250654564,
    "totalOtherIncomeExpensesNet": 47000000,
    "incomeBeforeTax": 3628000000,
    "incomeBeforeTaxRatio": 0.6332693315,
    "incomeTaxExpense": 602000000,
    "netIncome": 3026000000,
    "netIncomeRatio": 0.528189911,
    "eps": 1.38,
    "epsdiluted": 1.38,
    "weightedAverageShsOut": 2193000000,
    "weightedAverageShsOutDil": 2193000000,
    "link": "https://www.sec.gov/Archives/edgar/data/1403161/000140316121000029/0001403161-21-000029-index.htm",
    "finalLink": "https://www.sec.gov/Archives/edgar/data/1403161/000140316121000029/v-20210331.htm"
  },
  {
    "date": "2020-12-31",
    "symbol": "V",
    "reportedCurrency": "USD",
    "cik": "0001403161",
    "fillingDate": "2021-01-29",
    "acceptedDate": "2021-01-29 16:02:28",
    "calendarYear": "2021",
    "period": "Q1",
    "revenue": 5687000000,
    "costOfRevenue": 1154000000,
    "grossProfit": 4533000000,
    "grossProfitRatio": 0.7970810621,
    "researchAndDevelopmentExpenses": 0,
    "generalAndAdministrativeExpenses": 286000000,
    "sellingAndMarketingExpenses": 205000000,
    "sellingGeneralAndAdministrativeExpenses": 491000000,
    "otherExpenses": 198000000,
    "operatingExpenses": 689000000,
    "costAndExpenses": 1843000000,
    "interestIncome": 0,
    "interestExpense": 136000000,
    "depreciationAndAmortization": 197000000,
    "ebitda": 4081000000,
    "ebitdaratio": 0.7176015474,
    "operatingIncome": 3844000000,
    "operatingIncomeRatio": 0.6759275541,
    "totalOtherIncomeExpensesNet": -96000000,
    "incomeBeforeTax": 3748000000,
    "incomeBeforeTaxRatio": 0.6590469492,
    "incomeTaxExpense": 622000000,
    "netIncome": 3126000000,
    "netIncomeRatio": 0.5496746967,
    "eps": 1.42,
    "epsdiluted": 1.42,
    "weightedAverageShsOut": 2135586000,
    "weightedAverageShsOutDil": 2200000000,
    "link": "https://www.sec.gov/Archives/edgar/data/1403161/000140316121000012/0001403161-21-000012-index.htm",
    "finalLink": "https://www.sec.gov/Archives/edgar/data/1403161/000140316121000012/v-20201231.htm"
  },
  {
    "date": "2020-09-30",
    "symbol": "V",
    "reportedCurrency": "USD",
    "cik": "0001403161",
    "fillingDate": "2020-11-19",
    "acceptedDate": "2020-11-19 16:03:34",
    "calendarYear": "2020",
    "period": "Q4",
    "revenue": 5101000000,
    "costOfRevenue": 1113000000,
    "grossProfit": 3988000000,
    "grossProfitRatio": 0.7818074887,
    "researchAndDevelopmentExpenses": 0,
    "generalAndAdministrativeExpenses": 360000000,
    "sellingAndMarketingExpenses": 288000000,
    "sellingGeneralAndAdministrativeExpenses": 648000000,
    "otherExpenses": 198000000,
    "operatingExpenses": 846000000,
    "costAndExpenses": 1959000000,
    "interestIncome": 0,
    "interestExpense": 145000000,
    "depreciationAndAmortization": 196000000,
    "ebitda": 3396000000,
    "ebitdaratio": 0.6657518134,
    "operatingIncome": 3142000000,
    "operatingIncomeRatio": 0.6159576554,
    "totalOtherIncomeExpensesNet": -87000000,
    "incomeBeforeTax": 3055000000,
    "incomeBeforeTaxRatio": 0.598902176,
    "incomeTaxExpense": 918000000,
    "netIncome": 2137000000,
    "netIncomeRatio": 0.4189374632,
    "eps": 0.97,
    "epsdiluted": 0.97,
    "weightedAverageShsOut": 2128301000,
    "weightedAverageShsOutDil": 2208000000,
    "link": "https://www.sec.gov/Archives/edgar/data/1403161/000140316120000070/0001403161-20-000070-index.htm",
    "finalLink": "https://www.sec.gov/Archives/edgar/data/1403161/000140316120000070/v-20200930.htm"
  },
  {
    "date": "2020-06-30",
    "symbol": "V",
    "reportedCurrency": "USD",
    "cik": "0001403161",
    "fillingDate": "2020-07-31",
    "acceptedDate": "2020-07-30 21:38:58",
    "calendarYear": "2020",
    "period": "Q3",
    "revenue": 4837000000,
    "costOfRevenue": 1113000000,
    "grossProfit": 3724000000,
    "grossProfitRatio": 0.7698986975,
    "researchAndDevelopmentExpenses": 0,
    "generalAndAdministrativeExpenses": 353000000,
    "sellingAndMarketingExpenses": 174000000,
    "sellingGeneralAndAdministrativeExpenses": 527000000,
    "otherExpenses": 198000000,
    "operatingExpenses": 725000000,
    "costAndExpenses": 1838000000,
    "interestIncome": 0,
    "interestExpense": 142000000,
    "depreciationAndAmortization": 197000000,
    "ebitda": 3271000000,
    "ebitdaratio": 0.6762456068,
    "operatingIncome": 2999000000,
    "operatingIncomeRatio": 0.6200124044,
    "totalOtherIncomeExpensesNet": -67000000,
    "incomeBeforeTax": 2932000000,
    "incomeBeforeTaxRatio": 0.6061608435,
    "incomeTaxExpense": 559000000,
    "netIncome": 2373000000,
    "netIncomeRatio": 0.490593343,
    "eps": 1.07,
    "epsdiluted": 1.07,
    "weightedAverageShsOut": 2214000000,
    "weightedAverageShsOutDil": 2214000000,
    "link": "https://www.sec.gov/Archives/edgar/data/1403161/000140316120000048/0001403161-20-000048-index.htm",
    "finalLink": "https://www.sec.gov/Archives/edgar/data/1403161/000140316120000048/v-20200630.htm"
  },
  {
    "date": "2020-03-31",
    "symbol": "V",
    "reportedCurrency": "USD",
    "cik": "0001403161",
    "fillingDate": "2020-05-04",
    "acceptedDate": "2020-05-04 09:04:51",
    "calendarYear": "2020",
    "period": "Q2",
    "revenue": 5854000000,
    "costOfRevenue": 1123000000,
    "grossProfit": 4731000000,
    "grossProfitRatio": 0.808165357,
    "researchAndDevelopmentExpenses": 0,
    "generalAndAdministrativeExpenses": 372000000,
    "sellingAndMarketingExpenses": 235000000,
    "sellingGeneralAndAdministrativeExpenses": 607000000,
    "otherExpenses": 200000000,
    "operatingExpenses": 807000000,
    "costAndExpenses": 1930000000,
    "interestIncome": 0,
    "interestExpense": 118000000,
    "depreciationAndAmortization": 192000000,
    "ebitda": 4139000000,
    "ebitdaratio": 0.7070379228,
    "operatingIncome": 3924000000,
    "operatingIncomeRatio": 0.6703108985,
    "totalOtherIncomeExpensesNet": -95000000,
    "incomeBeforeTax": 3829000000,
    "incomeBeforeTaxRatio": 0.6540826785,
    "incomeTaxExpense": 745000000,
    "netIncome": 3084000000,
    "netIncomeRatio": 0.5268192689,
    "eps": 1.39,
    "epsdiluted": 1.38,
    "weightedAverageShsOut": 2228000000,
    "weightedAverageShsOutDil": 2228000000,
    "link": "https://www.sec.gov/Archives/edgar/data/1403161/000140316120000028/0001403161-20-000028-index.htm",
    "finalLink": "https://www.sec.gov/Archives/edgar/data/1403161/000140316120000028/v033120form10q.htm"
  },
  {
    "date": "2019-12-31",
    "symbol": "V",
    "reportedCurrency": "USD",
    "cik": "0001403161",
    "fillingDate": "2020-01-31",
    "acceptedDate": "2020-01-31 16:06:01",
    "calendarYear": "2020",
    "period": "Q1",
    "revenue": 6054000000,
    "costOfRevenue": 1163000000,
    "grossProfit": 4891000000,
    "grossProfitRatio": 0.8078956062,
    "researchAndDevelopmentExpenses": 0,
    "generalAndAdministrativeExpenses": 419000000,
    "sellingAndMarketingExpenses": 274000000,
    "sellingGeneralAndAdministrativeExpenses": 693000000,
    "otherExpenses": 182000000,
    "operatingExpenses": 875000000,
    "costAndExpenses": 2038000000,
    "interestIncome": 0,
    "interestExpense": 111000000,
    "depreciationAndAmortization": 182000000,
    "ebitda": 4267000000,
    "ebitdaratio": 0.7048232574,
    "operatingIncome": 4016000000,
    "operatingIncomeRatio": 0.6633630657,
    "totalOtherIncomeExpensesNet": -42000000,
    "incomeBeforeTax": 3974000000,
    "incomeBeforeTaxRatio": 0.6564255038,
    "incomeTaxExpense": 702000000,
    "netIncome": 3272000000,
    "netIncomeRatio": 0.5404691113,
    "eps": 1.46,
    "epsdiluted": 1.46,
    "weightedAverageShsOut": 2154586000,
    "weightedAverageShsOutDil": 2240000000,
    "link": "https://www.sec.gov/Archives/edgar/data/1403161/000140316120000012/0001403161-20-000012-index.htm",
    "finalLink": "https://www.sec.gov/Archives/edgar/data/1403161/000140316120000012/v123119form10q.htm"
  },
  {
    "date": "2019-09-30",
    "symbol": "V",
    "reportedCurrency": "USD",
    "cik": "0001403161",
    "fillingDate": "2019-11-14",
    "acceptedDate": "2019-11-14 15:35:00",
    "calendarYear": "2019",
    "period": "Q4",
    "revenue": 6137000000,
    "costOfRevenue": 1064000000,
    "grossProfit": 5073000000,
    "grossProfitRatio": 0.826625387,
    "researchAndDevelopmentExpenses": 0,
    "generalAndAdministrativeExpenses": 490000000,
    "sellingAndMarketingExpenses": 306000000,
    "sellingGeneralAndAdministrativeExpenses": 796000000,
    "otherExpenses": 542000000,
    "operatingExpenses": 1338000000,
    "costAndExpenses": 2402000000,
    "interestIncome": 0,
    "interestExpense": 0,
    "depreciationAndAmortization": 172000000,
    "ebitda": 3987000000,
    "ebitdaratio": 0.6496659606,
    "operatingIncome": 3735000000,
    "operatingIncomeRatio": 0.6086035522,
    "totalOtherIncomeExpensesNet": -24000000,
    "incomeBeforeTax": 3711000000,
    "incomeBeforeTaxRatio": 0.6046928467,
    "incomeTaxExpense": 686000000,
    "netIncome": 3025000000,
    "netIncomeRatio": 0.4929118462,
    "eps": 1.34,
    "epsdiluted": 1.34,
    "weightedAverageShsOut": 2167301000,
    "weightedAverageShsOutDil": 2253000000,
    "link": "https://www.sec.gov/Archives/edgar/data/1403161/000140316119000050/0001403161-19-000050-index.htm",
    "finalLink": "https://www.sec.gov/Archives/edgar/data/1403161/000140316119000050/v093019form10k.htm"
  },
  {
    "date": "2019-06-30",
    "symbol": "V",
    "reportedCurrency": "USD",
    "cik": "0001403161",
    "fillingDate": "2019-07-26",
    "acceptedDate": "2019-07-26 16:07:11",
    "calendarYear": "2019",
    "period": "Q3",
    "revenue": 5840000000,
    "costOfRevenue": 1056000000,
    "grossProfit": 4784000000,
    "grossProfitRatio": 0.8191780822,
    "researchAndDevelopmentExpenses": 0,
    "generalAndAdministrativeExpenses": 428000000,
    "sellingAndMarketingExpenses": 282000000,
    "sellingGeneralAndAdministrativeExpenses": 710000000,
    "otherExpenses": 166000000,
    "operatingExpenses": 876000000,
    "costAndExpenses": 1932000000,
    "interestIncome": 0,
    "interestExpense": 128000000,
    "depreciationAndAmortization": 165000000,
    "ebitda": 4159000000,
    "ebitdaratio": 0.7121575342,
    "operatingIncome": 3908000000,
    "operatingIncomeRatio": 0.6691780822,
    "totalOtherIncomeExpensesNet": -42000000,
    "incomeBeforeTax": 3866000000,
    "incomeBeforeTaxRatio": 0.6619863014,
    "incomeTaxExpense": 765000000,
    "netIncome": 3101000000,
    "netIncomeRatio": 0.5309931507,
    "eps": 1.37,
    "epsdiluted": 1.37,
    "weightedAverageShsOut": 2180000000,
    "weightedAverageShsOutDil": 2265000000,
    "link": "https://www.sec.gov/Archives/edgar/data/1403161/000140316119000030/0001403161-19-000030-index.htm",
    "finalLink": "https://www.sec.gov/Archives/edgar/data/1403161/000140316119000030/v63019form10q.htm"
  },
  {
    "date": "2019-03-31",
    "symbol": "V",
    "reportedCurrency": "USD",
    "cik": "0001403161",
    "fillingDate": "2019-04-26",
    "acceptedDate": "2019-04-26 16:06:57",
    "calendarYear": "2019",
    "period": "Q2",
    "revenue": 5494000000,
    "costOfRevenue": 1065000000,
    "grossProfit": 4429000000,
    "grossProfitRatio": 0.806152166,
    "researchAndDevelopmentExpenses": 0,
    "generalAndAdministrativeExpenses": 365000000,
    "sellingAndMarketingExpenses": 241000000,
    "sellingGeneralAndAdministrativeExpenses": 606000000,
    "otherExpenses": 182000000,
    "operatingExpenses": 788000000,
    "costAndExpenses": 1853000000,
    "interestIncome": 0,
    "interestExpense": 140000000,
    "depreciationAndAmortization": 160000000,
    "ebitda": 3977000000,
    "ebitdaratio": 0.723880597,
    "operatingIncome": 3641000000,
    "operatingIncomeRatio": 0.6627229705,
    "totalOtherIncomeExpensesNet": 36000000,
    "incomeBeforeTax": 3677000000,
    "incomeBeforeTaxRatio": 0.6692755734,
    "incomeTaxExpense": 700000000,
    "netIncome": 2977000000,
    "netIncomeRatio": 0.5418638515,
    "eps": 1.31,
    "epsdiluted": 1.31,
    "weightedAverageShsOut": 2195000000,
    "weightedAverageShsOutDil": 2279000000,
    "link": "https://www.sec.gov/Archives/edgar/data/1403161/000140316119000017/0001403161-19-000017-index.htm",
    "finalLink": "https://www.sec.gov/Archives/edgar/data/1403161/000140316119000017/v33119form10q.htm"
  },
  {
    "date": "2018-12-31",
    "symbol": "V",
    "reportedCurrency": "USD",
    "cik": "0001403161",
    "fillingDate": "2019-01-31",
    "acceptedDate": "2019-01-31 16:16:27",
    "calendarYear": "2019",
    "period": "Q1",
    "revenue": 5506000000,
    "costOfRevenue": 980000000,
    "grossProfit": 4526000000,
    "grossProfitRatio": 0.8220123502,
    "researchAndDevelopmentExpenses": 0,
    "generalAndAdministrativeExpenses": 367000000,
    "sellingAndMarketingExpenses": 276000000,
    "sellingGeneralAndAdministrativeExpenses": 643000000,
    "otherExpenses": 166000000,
    "operatingExpenses": 809000000,
    "costAndExpenses": 1789000000,
    "interestIncome": 0,
    "interestExpense": 145000000,
    "depreciationAndAmortization": 159000000,
    "ebitda": 3883000000,
    "ebitdaratio": 0.7052306575,
    "operatingIncome": 3717000000,
    "operatingIncomeRatio": 0.675081729,
    "totalOtherIncomeExpensesNet": -87000000,
    "incomeBeforeTax": 3630000000,
    "incomeBeforeTaxRatio": 0.6592807846,
    "incomeTaxExpense": 653000000,
    "netIncome": 2977000000,
    "netIncomeRatio": 0.5406828914,
    "eps": 1.3,
    "epsdiluted": 1.3,
    "weightedAverageShsOut": 2205586000,
    "weightedAverageShsOutDil": 2291000000,
    "link": "https://www.sec.gov/Archives/edgar/data/1403161/000140316119000005/0001403161-19-000005-index.htm",
    "finalLink": "https://www.sec.gov/Archives/edgar/data/1403161/000140316119000005/v123118form10q.htm"
  },
  {
    "date": "2018-09-30",
    "symbol": "V",
    "reportedCurrency": "USD",
    "cik": "0001403161",
    "fillingDate": "2018-11-16",
    "acceptedDate": "2018-11-16 16:10:27",
    "calendarYear": "2018",
    "period": "Q4",
    "revenue": 5434000000,
    "costOfRevenue": 1003000000,
    "grossProfit": 4431000000,
    "grossProfitRatio": 0.8154214207,
    "researchAndDevelopmentExpenses": 0,
    "generalAndAdministrativeExpenses": 591000000,
    "sellingAndMarketingExpenses": 264000000,
    "sellingGeneralAndAdministrativeExpenses": 855000000,
    "otherExpenses": 170000000,
    "operatingExpenses": 1025000000,
    "costAndExpenses": 2028000000,
    "interestIncome": 0,
    "interestExpense": 150000000,
    "depreciationAndAmortization": 163000000,
    "ebitda": 3851000000,
    "ebitdaratio": 0.7086860508,
    "operatingIncome": 3406000000,
    "operatingIncomeRatio": 0.6267942584,
    "totalOtherIncomeExpensesNet": 132000000,
    "incomeBeforeTax": 3538000000,
    "incomeBeforeTaxRatio": 0.6510857563,
    "incomeTaxExpense": 693000000,
    "netIncome": 2845000000,
    "netIncomeRatio": 0.523555392,
    "eps": 1.24,
    "epsdiluted": 1.23,
    "weightedAverageShsOut": 2221301000,
    "weightedAverageShsOutDil": 2306000000,
    "link": "https://www.sec.gov/Archives/edgar/data/1403161/000140316118000055/0001403161-18-000055-index.htm",
    "finalLink": "https://www.sec.gov/Archives/edgar/data/1403161/000140316118000055/v093018.htm"
  },
  {
    "date": "2018-06-30",
    "symbol": "V",
    "reportedCurrency": "USD",
    "cik": "0001403161",
    "fillingDate": "2018-07-27",
    "acceptedDate": "2018-07-27 16:06:49",
    "calendarYear": "2018",
    "period": "Q3",
    "revenue": 5240000000,
    "costOfRevenue": 1021000000,
    "grossProfit": 4219000000,
    "grossProfitRatio": 0.8051526718,
    "researchAndDevelopmentExpenses": 0,
    "generalAndAdministrativeExpenses": 342000000,
    "sellingAndMarketingExpenses": 240000000,
    "sellingGeneralAndAdministrativeExpenses": 582000000,
    "otherExpenses": 752000000,
    "operatingExpenses": 1334000000,
    "costAndExpenses": 2355000000,
    "interestIncome": 0,
    "interestExpense": 155000000,
    "depreciationAndAmortization": 152000000,
    "ebitda": 3119000000,
    "ebitdaratio": 0.5952290076,
    "operatingIncome": 2885000000,
    "operatingIncomeRatio": 0.5505725191,
    "totalOtherIncomeExpensesNet": -73000000,
    "incomeBeforeTax": 2812000000,
    "incomeBeforeTaxRatio": 0.5366412214,
    "incomeTaxExpense": 483000000,
    "netIncome": 2329000000,
    "netIncomeRatio": 0.4444656489,
    "eps": 1,
    "epsdiluted": 1,
    "weightedAverageShsOut": 2231301000,
    "weightedAverageShsOutDil": 2321000000,
    "link": "https://www.sec.gov/Archives/edgar/data/1403161/000140316118000034/0001403161-18-000034-index.htm",
    "finalLink": "https://www.sec.gov/Archives/edgar/data/1403161/000140316118000034/v63018form10q.htm"
  },
  {
    "date": "2018-03-31",
    "symbol": "V",
    "reportedCurrency": "USD",
    "cik": "0001403161",
    "fillingDate": "2018-04-27",
    "acceptedDate": "2018-04-27 16:06:38",
    "calendarYear": "2018",
    "period": "Q2",
    "revenue": 5073000000,
    "costOfRevenue": 993000000,
    "grossProfit": 4080000000,
    "grossProfitRatio": 0.8042578356,
    "researchAndDevelopmentExpenses": 0,
    "generalAndAdministrativeExpenses": 330000000,
    "sellingAndMarketingExpenses": 261000000,
    "sellingGeneralAndAdministrativeExpenses": 591000000,
    "otherExpenses": 153000000,
    "operatingExpenses": 744000000,
    "costAndExpenses": 1737000000,
    "interestIncome": 0,
    "interestExpense": 153000000,
    "depreciationAndAmortization": 153000000,
    "ebitda": 3489000000,
    "ebitdaratio": 0.6877587226,
    "operatingIncome": 3336000000,
    "operatingIncomeRatio": 0.6575990538,
    "totalOtherIncomeExpensesNet": -119000000,
    "incomeBeforeTax": 3217000000,
    "incomeBeforeTaxRatio": 0.6341415336,
    "incomeTaxExpense": 612000000,
    "netIncome": 2605000000,
    "netIncomeRatio": 0.5135028583,
    "eps": 1.12,
    "epsdiluted": 1.11,
    "weightedAverageShsOut": 2245300000,
    "weightedAverageShsOutDil": 2337000000,
    "link": "https://www.sec.gov/Archives/edgar/data/1403161/000140316118000020/0001403161-18-000020-index.htm",
    "finalLink": "https://www.sec.gov/Archives/edgar/data/1403161/000140316118000020/v33118form10q.htm"
  },
  {
    "date": "2017-12-31",
    "symbol": "V",
    "reportedCurrency": "USD",
    "cik": "0001403161",
    "fillingDate": "2018-02-01",
    "acceptedDate": "2018-02-01 16:15:13",
    "calendarYear": "2018",
    "period": "Q1",
    "revenue": 4862000000,
    "costOfRevenue": 839000000,
    "grossProfit": 4023000000,
    "grossProfitRatio": 0.8274372686,
    "researchAndDevelopmentExpenses": 0,
    "generalAndAdministrativeExpenses": 328000000,
    "sellingAndMarketingExpenses": 223000000,
    "sellingGeneralAndAdministrativeExpenses": 551000000,
    "otherExpenses": 145000000,
    "operatingExpenses": 696000000,
    "costAndExpenses": 1535000000,
    "interestIncome": 0,
    "interestExpense": 154000000,
    "depreciationAndAmortization": 145000000,
    "ebitda": 3538000000,
    "ebitdaratio": 0.7276840806,
    "operatingIncome": 3327000000,
    "operatingIncomeRatio": 0.6842863019,
    "totalOtherIncomeExpensesNet": -88000000,
    "incomeBeforeTax": 3239000000,
    "incomeBeforeTaxRatio": 0.6661867544,
    "incomeTaxExpense": 717000000,
    "netIncome": 2522000000,
    "netIncomeRatio": 0.5187165775,
    "eps": 1.07,
    "epsdiluted": 1.07,
    "weightedAverageShsOut": 2267000000,
    "weightedAverageShsOutDil": 2353000000,
    "link": "https://www.sec.gov/Archives/edgar/data/1403161/000140316118000009/0001403161-18-000009-index.htm",
    "finalLink": "https://www.sec.gov/Archives/edgar/data/1403161/000140316118000009/v123117form10q.htm"
  },
  {
    "date": "2017-09-30",
    "symbol": "V",
    "reportedCurrency": "USD",
    "cik": "0001403161",
    "fillingDate": "2017-11-17",
    "acceptedDate": "2017-11-16 20:07:25",
    "calendarYear": "2017",
    "period": "Q4",
    "revenue": 4855000000,
    "costOfRevenue": 822000000,
    "grossProfit": 4033000000,
    "grossProfitRatio": 0.8306900103,
    "researchAndDevelopmentExpenses": 0,
    "generalAndAdministrativeExpenses": 382000000,
    "sellingAndMarketingExpenses": 290000000,
    "sellingGeneralAndAdministrativeExpenses": 672000000,
    "otherExpenses": 149000000,
    "operatingExpenses": 821000000,
    "costAndExpenses": 1643000000,
    "interestIncome": 0,
    "interestExpense": 148000000,
    "depreciationAndAmortization": 147000000,
    "ebitda": 3394000000,
    "ebitdaratio": 0.6990731205,
    "operatingIncome": 3212000000,
    "operatingIncomeRatio": 0.6615859938,
    "totalOtherIncomeExpensesNet": -113000000,
    "incomeBeforeTax": 3099000000,
    "incomeBeforeTaxRatio": 0.6383110196,
    "incomeTaxExpense": 959000000,
    "netIncome": 2140000000,
    "netIncomeRatio": 0.4407826982,
    "eps": 0.91,
    "epsdiluted": 0.9,
    "weightedAverageShsOut": 2281000000,
    "weightedAverageShsOutDil": 2368000000,
    "link": "https://www.sec.gov/Archives/edgar/data/1403161/000140316117000044/0001403161-17-000044-index.htm",
    "finalLink": "https://www.sec.gov/Archives/edgar/data/1403161/000140316117000044/v093017.htm"
  },
  {
    "date": "2017-06-30",
    "symbol": "V",
    "reportedCurrency": "USD",
    "cik": "0001403161",
    "fillingDate": "2017-07-20",
    "acceptedDate": "2017-07-20 16:12:42",
    "calendarYear": "2017",
    "period": "Q3",
    "revenue": 4565000000,
    "costOfRevenue": 856000000,
    "grossProfit": 3709000000,
    "grossProfitRatio": 0.8124863089,
    "researchAndDevelopmentExpenses": 0,
    "generalAndAdministrativeExpenses": 332000000,
    "sellingAndMarketingExpenses": 221000000,
    "sellingGeneralAndAdministrativeExpenses": 553000000,
    "otherExpenses": 132000000,
    "operatingExpenses": 685000000,
    "costAndExpenses": 1541000000,
    "interestIncome": 0,
    "interestExpense": 140000000,
    "depreciationAndAmortization": 132000000,
    "ebitda": 3186000000,
    "ebitdaratio": 0.6979189485,
    "operatingIncome": 3024000000,
    "operatingIncomeRatio": 0.6624315444,
    "totalOtherIncomeExpensesNet": -110000000,
    "incomeBeforeTax": 2914000000,
    "incomeBeforeTaxRatio": 0.6383351588,
    "incomeTaxExpense": 855000000,
    "netIncome": 2059000000,
    "netIncomeRatio": 0.4510405257,
    "eps": 0.87,
    "epsdiluted": 0.86,
    "weightedAverageShsOut": 2296000000,
    "weightedAverageShsOutDil": 2385000000,
    "link": "https://www.sec.gov/Archives/edgar/data/1403161/000140316117000037/0001403161-17-000037-index.htm",
    "finalLink": "https://www.sec.gov/Archives/edgar/data/1403161/000140316117000037/v63017form10q.htm"
  },
  {
    "date": "2017-03-31",
    "symbol": "V",
    "reportedCurrency": "USD",
    "cik": "0001403161",
    "fillingDate": "2017-04-21",
    "acceptedDate": "2017-04-21 08:25:29",
    "calendarYear": "2017",
    "period": "Q2",
    "revenue": 4477000000,
    "costOfRevenue": 854000000,
    "grossProfit": 3623000000,
    "grossProfitRatio": 0.8092472638,
    "researchAndDevelopmentExpenses": 0,
    "generalAndAdministrativeExpenses": 489000000,
    "sellingAndMarketingExpenses": 193000000,
    "sellingGeneralAndAdministrativeExpenses": 682000000,
    "otherExpenses": 133000000,
    "operatingExpenses": 815000000,
    "costAndExpenses": 1669000000,
    "interestIncome": 0,
    "interestExpense": 135000000,
    "depreciationAndAmortization": 131000000,
    "ebitda": 2968000000,
    "ebitdaratio": 0.6629439357,
    "operatingIncome": 2808000000,
    "operatingIncomeRatio": 0.6272057181,
    "totalOtherIncomeExpensesNet": -106000000,
    "incomeBeforeTax": 2702000000,
    "incomeBeforeTaxRatio": 0.603529149,
    "incomeTaxExpense": 2272000000,
    "netIncome": 430000000,
    "netIncomeRatio": 0.0960464597,
    "eps": 0.18,
    "epsdiluted": 0.18,
    "weightedAverageShsOut": 2318000000,
    "weightedAverageShsOutDil": 2406000000,
    "link": "https://www.sec.gov/Archives/edgar/data/1403161/000140316117000028/0001403161-17-000028-index.htm",
    "finalLink": "https://www.sec.gov/Archives/edgar/data/1403161/000140316117000028/v33117form10q.htm"
  },
  {
    "date": "2016-12-31",
    "symbol": "V",
    "reportedCurrency": "USD",
    "cik": "0001403161",
    "fillingDate": "2017-02-02",
    "acceptedDate": "2017-02-02 16:13:41",
    "calendarYear": "2017",
    "period": "Q1",
    "revenue": 4461000000,
    "costOfRevenue": 716000000,
    "grossProfit": 3745000000,
    "grossProfitRatio": 0.8394978704,
    "researchAndDevelopmentExpenses": 0,
    "generalAndAdministrativeExpenses": 266000000,
    "sellingAndMarketingExpenses": 218000000,
    "sellingGeneralAndAdministrativeExpenses": 484000000,
    "otherExpenses": 161000000,
    "operatingExpenses": 645000000,
    "costAndExpenses": 1361000000,
    "interestIncome": 0,
    "interestExpense": 140000000,
    "depreciationAndAmortization": 146000000,
    "ebitda": 3265000000,
    "ebitdaratio": 0.7318986774,
    "operatingIncome": 3100000000,
    "operatingIncomeRatio": 0.6949114548,
    "totalOtherIncomeExpensesNet": -121000000,
    "incomeBeforeTax": 2979000000,
    "incomeBeforeTaxRatio": 0.6677874916,
    "incomeTaxExpense": 909000000,
    "netIncome": 2070000000,
    "netIncomeRatio": 0.4640215198,
    "eps": 0.86,
    "epsdiluted": 0.86,
    "weightedAverageShsOut": 2332000000,
    "weightedAverageShsOutDil": 2421000000,
    "link": "https://www.sec.gov/Archives/edgar/data/1403161/000140316117000011/0001403161-17-000011-index.htm",
    "finalLink": "https://www.sec.gov/Archives/edgar/data/1403161/000140316117000011/v123116form10q.htm"
  },
  {
    "date": "2016-09-30",
    "symbol": "V",
    "reportedCurrency": "USD",
    "cik": "0001403161",
    "fillingDate": "2016-11-15",
    "acceptedDate": "2016-11-15 16:44:02",
    "calendarYear": "2016",
    "period": "Q4",
    "revenue": 4261000000,
    "costOfRevenue": 851000000,
    "grossProfit": 3410000000,
    "grossProfitRatio": 0.800281624,
    "researchAndDevelopmentExpenses": 0,
    "generalAndAdministrativeExpenses": 343000000,
    "sellingAndMarketingExpenses": 300000000,
    "sellingGeneralAndAdministrativeExpenses": 643000000,
    "otherExpenses": 142000000,
    "operatingExpenses": 785000000,
    "costAndExpenses": 1636000000,
    "interestIncome": 0,
    "interestExpense": 135000000,
    "depreciationAndAmortization": 141000000,
    "ebitda": 2786000000,
    "ebitdaratio": 0.6538371274,
    "operatingIncome": 2625000000,
    "operatingIncomeRatio": 0.6160525698,
    "totalOtherIncomeExpensesNet": -115000000,
    "incomeBeforeTax": 2510000000,
    "incomeBeforeTaxRatio": 0.5890636001,
    "incomeTaxExpense": 579000000,
    "netIncome": 1931000000,
    "netIncomeRatio": 0.4531800047,
    "eps": 0.79,
    "epsdiluted": 0.79,
    "weightedAverageShsOut": 2350000000,
    "weightedAverageShsOutDil": 2440000000,
    "link": "https://www.sec.gov/Archives/edgar/data/1403161/000140316116000058/0001403161-16-000058-index.htm",
    "finalLink": "https://www.sec.gov/Archives/edgar/data/1403161/000140316116000058/v093016.htm"
  },
  {
    "date": "2016-06-30",
    "symbol": "V",
    "reportedCurrency": "USD",
    "cik": "0001403161",
    "fillingDate": "2016-07-25",
    "acceptedDate": "2016-07-25 16:14:07",
    "calendarYear": "2016",
    "period": "Q3",
    "revenue": 3630000000,
    "costOfRevenue": 632000000,
    "grossProfit": 2998000000,
    "grossProfitRatio": 0.8258953168,
    "researchAndDevelopmentExpenses": 0,
    "generalAndAdministrativeExpenses": 384000000,
    "sellingAndMarketingExpenses": 189000000,
    "sellingGeneralAndAdministrativeExpenses": 573000000,
    "otherExpenses": 1997000000,
    "operatingExpenses": 2570000000,
    "costAndExpenses": 3202000000,
    "interestIncome": 0,
    "interestExpense": 131000000,
    "depreciationAndAmortization": 120000000,
    "ebitda": 673000000,
    "ebitdaratio": 0.185399449,
    "operatingIncome": 428000000,
    "operatingIncomeRatio": 0.1179063361,
    "totalOtherIncomeExpensesNet": -6000000,
    "incomeBeforeTax": 422000000,
    "incomeBeforeTaxRatio": 0.1162534435,
    "incomeTaxExpense": 10000000,
    "netIncome": 412000000,
    "netIncomeRatio": 0.1134986226,
    "eps": 0.17,
    "epsdiluted": 0.17,
    "weightedAverageShsOut": 2375000000,
    "weightedAverageShsOutDil": 2386000000,
    "link": "https://www.sec.gov/Archives/edgar/data/1403161/000140316116000039/0001403161-16-000039-index.htm",
    "finalLink": "https://www.sec.gov/Archives/edgar/data/1403161/000140316116000039/v63016form10q.htm"
  },
  {
    "date": "2016-03-31",
    "symbol": "V",
    "reportedCurrency": "USD",
    "cik": "0001403161",
    "fillingDate": "2016-04-25",
    "acceptedDate": "2016-04-25 16:19:11",
    "calendarYear": "2016",
    "period": "Q2",
    "revenue": 3626000000,
    "costOfRevenue": 654000000,
    "grossProfit": 2972000000,
    "grossProfitRatio": 0.8196359625,
    "researchAndDevelopmentExpenses": 0,
    "generalAndAdministrativeExpenses": 230000000,
    "sellingAndMarketingExpenses": 186000000,
    "sellingGeneralAndAdministrativeExpenses": 416000000,
    "otherExpenses": 122000000,
    "operatingExpenses": 538000000,
    "costAndExpenses": 1192000000,
    "interestIncome": 0,
    "interestExpense": 132000000,
    "depreciationAndAmortization": 121000000,
    "ebitda": 2694000000,
    "ebitdaratio": 0.7429674573,
    "operatingIncome": 2434000000,
    "operatingIncomeRatio": 0.6712630998,
    "totalOtherIncomeExpensesNet": 7000000,
    "incomeBeforeTax": 2441000000,
    "incomeBeforeTaxRatio": 0.6731936018,
    "incomeTaxExpense": 734000000,
    "netIncome": 1707000000,
    "netIncomeRatio": 0.4707666851,
    "eps": 0.71,
    "epsdiluted": 0.71,
    "weightedAverageShsOut": 2389000000,
    "weightedAverageShsOutDil": 2401000000,
    "link": "https://www.sec.gov/Archives/edgar/data/1403161/000140316116000022/0001403161-16-000022-index.htm",
    "finalLink": "https://www.sec.gov/Archives/edgar/data/1403161/000140316116000022/v33116form10q.htm"
  },
  {
    "date": "2015-12-31",
    "symbol": "V",
    "reportedCurrency": "USD",
    "cik": "0001403161",
    "fillingDate": "2016-01-28",
    "acceptedDate": "2016-01-28 16:17:17",
    "calendarYear": "2016",
    "period": "Q1",
    "revenue": 3565000000,
    "costOfRevenue": 627000000,
    "grossProfit": 2938000000,
    "grossProfitRatio": 0.8241234222,
    "researchAndDevelopmentExpenses": 0,
    "generalAndAdministrativeExpenses": 228000000,
    "sellingAndMarketingExpenses": 194000000,
    "sellingGeneralAndAdministrativeExpenses": 422000000,
    "otherExpenses": 120000000,
    "operatingExpenses": 542000000,
    "costAndExpenses": 1169000000,
    "interestIncome": 0,
    "interestExpense": 29000000,
    "depreciationAndAmortization": 120000000,
    "ebitda": 2788000000,
    "ebitdaratio": 0.7820476858,
    "operatingIncome": 2396000000,
    "operatingIncomeRatio": 0.6720897616,
    "totalOtherIncomeExpensesNet": 243000000,
    "incomeBeforeTax": 2639000000,
    "incomeBeforeTaxRatio": 0.7402524544,
    "incomeTaxExpense": 698000000,
    "netIncome": 1941000000,
    "netIncomeRatio": 0.5444600281,
    "eps": 0.8,
    "epsdiluted": 0.8,
    "weightedAverageShsOut": 2421000000,
    "weightedAverageShsOutDil": 2430000000,
    "link": "https://www.sec.gov/Archives/edgar/data/1403161/000140316116000015/0001403161-16-000015-index.htm",
    "finalLink": "https://www.sec.gov/Archives/edgar/data/1403161/000140316116000015/v123115form10q.htm"
  },
  {
    "date": "2015-09-30",
    "symbol": "V",
    "reportedCurrency": "USD",
    "cik": "0001403161",
    "fillingDate": "2015-11-20",
    "acceptedDate": "2015-11-19 18:24:51",
    "calendarYear": "2015",
    "period": "Q4",
    "revenue": 3571000000,
    "costOfRevenue": 655000000,
    "grossProfit": 2916000000,
    "grossProfitRatio": 0.8165779894,
    "researchAndDevelopmentExpenses": 0,
    "generalAndAdministrativeExpenses": 250000000,
    "sellingAndMarketingExpenses": 253000000,
    "sellingGeneralAndAdministrativeExpenses": 503000000,
    "otherExpenses": 130000000,
    "operatingExpenses": 633000000,
    "costAndExpenses": 1288000000,
    "interestIncome": 0,
    "interestExpense": 0,
    "depreciationAndAmortization": 119000000,
    "ebitda": 2413000000,
    "ebitdaratio": 0.6757210865,
    "operatingIncome": 2283000000,
    "operatingIncomeRatio": 0.639316718,
    "totalOtherIncomeExpensesNet": 0,
    "incomeBeforeTax": 2283000000,
    "incomeBeforeTaxRatio": 0.639316718,
    "incomeTaxExpense": 771000000,
    "netIncome": 1512000000,
    "netIncomeRatio": 0.4234108093,
    "eps": 0.62,
    "epsdiluted": 0.62,
    "weightedAverageShsOut": 2428000000,
    "weightedAverageShsOutDil": 2440000000,
    "link": "https://www.sec.gov/Archives/edgar/data/1403161/000140316115000013/0001403161-15-000013-index.htm",
    "finalLink": "https://www.sec.gov/Archives/edgar/data/1403161/000140316115000013/v093015.htm"
  },
  {
    "date": "2015-06-30",
    "symbol": "V",
    "reportedCurrency": "USD",
    "cik": "0001403161",
    "fillingDate": "2015-07-23",
    "acceptedDate": "2015-07-23 16:21:36",
    "calendarYear": "2015",
    "period": "Q3",
    "revenue": 3518000000,
    "costOfRevenue": 683000000,
    "grossProfit": 2835000000,
    "grossProfitRatio": 0.8058555998,
    "researchAndDevelopmentExpenses": 0,
    "generalAndAdministrativeExpenses": 219000000,
    "sellingAndMarketingExpenses": 224000000,
    "sellingGeneralAndAdministrativeExpenses": 443000000,
    "otherExpenses": 130000000,
    "operatingExpenses": 573000000,
    "costAndExpenses": 1256000000,
    "interestIncome": 8000000,
    "interestExpense": 0,
    "depreciationAndAmortization": 130000000,
    "ebitda": 2392000000,
    "ebitdaratio": 0.6799317794,
    "operatingIncome": 2262000000,
    "operatingIncomeRatio": 0.6429789653,
    "totalOtherIncomeExpensesNet": -94000000,
    "incomeBeforeTax": 2168000000,
    "incomeBeforeTaxRatio": 0.6162592382,
    "incomeTaxExpense": 471000000,
    "netIncome": 1697000000,
    "netIncomeRatio": 0.4823763502,
    "eps": 0.69,
    "epsdiluted": 0.69,
    "weightedAverageShsOut": 2439000000,
    "weightedAverageShsOutDil": 2448000000,
    "link": "https://www.sec.gov/Archives/edgar/data/1403161/000140316115000010/0001403161-15-000010-index.htm",
    "finalLink": "https://www.sec.gov/Archives/edgar/data/1403161/000140316115000010/v63015form10q.htm"
  },
  {
    "date": "2015-03-31",
    "symbol": "V",
    "reportedCurrency": "USD",
    "cik": "0001403161",
    "fillingDate": "2015-04-30",
    "acceptedDate": "2015-04-30 16:25:20",
    "calendarYear": "2015",
    "period": "Q2",
    "revenue": 3409000000,
    "costOfRevenue": 592000000,
    "grossProfit": 2817000000,
    "grossProfitRatio": 0.8263420358,
    "researchAndDevelopmentExpenses": 0,
    "generalAndAdministrativeExpenses": 218000000,
    "sellingAndMarketingExpenses": 190000000,
    "sellingGeneralAndAdministrativeExpenses": 408000000,
    "otherExpenses": 128000000,
    "operatingExpenses": 536000000,
    "costAndExpenses": 1128000000,
    "interestIncome": 0,
    "interestExpense": 7000000,
    "depreciationAndAmortization": 125000000,
    "ebitda": 2414000000,
    "ebitdaratio": 0.70812555,
    "operatingIncome": 2281000000,
    "operatingIncomeRatio": 0.6691111763,
    "totalOtherIncomeExpensesNet": 1000000,
    "incomeBeforeTax": 2282000000,
    "incomeBeforeTaxRatio": 0.6694045175,
    "incomeTaxExpense": 732000000,
    "netIncome": 1550000000,
    "netIncomeRatio": 0.4546787914,
    "eps": 0.63,
    "epsdiluted": 0.63,
    "weightedAverageShsOut": 2447000000,
    "weightedAverageShsOutDil": 2460000000,
    "link": "https://www.sec.gov/Archives/edgar/data/1403161/000140316115000007/0001403161-15-000007-index.htm",
    "finalLink": "https://www.sec.gov/Archives/edgar/data/1403161/000140316115000007/v33115form10q.htm"
  },
  {
    "date": "2014-12-31",
    "symbol": "V",
    "reportedCurrency": "USD",
    "cik": "0001403161",
    "fillingDate": "2015-01-29",
    "acceptedDate": "2015-01-29 16:17:49",
    "calendarYear": "2015",
    "period": "Q1",
    "revenue": 3382000000,
    "costOfRevenue": 623000000,
    "grossProfit": 2759000000,
    "grossProfitRatio": 0.8157894737,
    "researchAndDevelopmentExpenses": 0,
    "generalAndAdministrativeExpenses": 196000000,
    "sellingAndMarketingExpenses": 205000000,
    "sellingGeneralAndAdministrativeExpenses": 401000000,
    "otherExpenses": 120000000,
    "operatingExpenses": 521000000,
    "costAndExpenses": 1144000000,
    "interestIncome": 0,
    "interestExpense": 3000000,
    "depreciationAndAmortization": 120000000,
    "ebitda": 2385000000,
    "ebitdaratio": 0.7052040213,
    "operatingIncome": 2238000000,
    "operatingIncomeRatio": 0.6617386162,
    "totalOtherIncomeExpensesNet": 24000000,
    "incomeBeforeTax": 2262000000,
    "incomeBeforeTaxRatio": 0.6688350089,
    "incomeTaxExpense": 693000000,
    "netIncome": 1569000000,
    "netIncomeRatio": 0.4639266706,
    "eps": 0.63,
    "epsdiluted": 0.63,
    "weightedAverageShsOut": 2466000000,
    "weightedAverageShsOutDil": 2478000000,
    "link": "https://www.sec.gov/Archives/edgar/data/1403161/000140316115000003/0001403161-15-000003-index.htm",
    "finalLink": "https://www.sec.gov/Archives/edgar/data/1403161/000140316115000003/v123114form10q.htm"
  },
  {
    "date": "2014-09-30",
    "symbol": "V",
    "reportedCurrency": "USD",
    "cik": "0001403161",
    "fillingDate": "2014-11-21",
    "acceptedDate": "2014-11-20 18:57:50",
    "calendarYear": "2014",
    "period": "Q4",
    "revenue": 3229000000,
    "costOfRevenue": 624000000,
    "grossProfit": 2605000000,
    "grossProfitRatio": 0.8067513162,
    "researchAndDevelopmentExpenses": 0,
    "generalAndAdministrativeExpenses": 247000000,
    "sellingAndMarketingExpenses": 241000000,
    "sellingGeneralAndAdministrativeExpenses": 488000000,
    "otherExpenses": 565000000,
    "operatingExpenses": 1053000000,
    "costAndExpenses": 1677000000,
    "interestIncome": 0,
    "interestExpense": 0,
    "depreciationAndAmortization": 112000000,
    "ebitda": 2117000000,
    "ebitdaratio": 0.6556209353,
    "operatingIncome": 1552000000,
    "operatingIncomeRatio": 0.4806441623,
    "totalOtherIncomeExpensesNet": -2000000,
    "incomeBeforeTax": 1550000000,
    "incomeBeforeTaxRatio": 0.4800247755,
    "incomeTaxExpense": 477000000,
    "netIncome": 1073000000,
    "netIncomeRatio": 0.332301022,
    "eps": 0.43,
    "epsdiluted": 0.43,
    "weightedAverageShsOut": 2476000000,
    "weightedAverageShsOutDil": 2492000000,
    "link": "https://www.sec.gov/Archives/edgar/data/1403161/000140316114000017/0001403161-14-000017-index.htm",
    "finalLink": "https://www.sec.gov/Archives/edgar/data/1403161/000140316114000017/v09301410-k.htm"
  },
  {
    "date": "2014-06-30",
    "symbol": "V",
    "reportedCurrency": "USD",
    "cik": "0001403161",
    "fillingDate": "2014-07-24",
    "acceptedDate": "2014-07-24 16:22:20",
    "calendarYear": "2014",
    "period": "Q3",
    "revenue": 3155000000,
    "costOfRevenue": 590000000,
    "grossProfit": 2565000000,
    "grossProfitRatio": 0.8129952456,
    "researchAndDevelopmentExpenses": 0,
    "generalAndAdministrativeExpenses": 208000000,
    "sellingAndMarketingExpenses": 228000000,
    "sellingGeneralAndAdministrativeExpenses": 436000000,
    "otherExpenses": 109000000,
    "operatingExpenses": 545000000,
    "costAndExpenses": 1135000000,
    "interestIncome": 0,
    "interestExpense": 0,
    "depreciationAndAmortization": 109000000,
    "ebitda": 2129000000,
    "ebitdaratio": 0.6748019017,
    "operatingIncome": 2020000000,
    "operatingIncomeRatio": 0.6402535658,
    "totalOtherIncomeExpensesNet": 10000000,
    "incomeBeforeTax": 2030000000,
    "incomeBeforeTaxRatio": 0.6434231379,
    "incomeTaxExpense": 670000000,
    "netIncome": 1360000000,
    "netIncomeRatio": 0.4310618067,
    "eps": 0.54,
    "epsdiluted": 0.54,
    "weightedAverageShsOut": 2490000000,
    "weightedAverageShsOutDil": 2511000000,
    "link": "https://www.sec.gov/Archives/edgar/data/1403161/000140316114000012/0001403161-14-000012-index.htm",
    "finalLink": "https://www.sec.gov/Archives/edgar/data/1403161/000140316114000012/v63014form10q.htm"
  },
  {
    "date": "2014-03-31",
    "symbol": "V",
    "reportedCurrency": "USD",
    "cik": "0001403161",
    "fillingDate": "2014-04-24",
    "acceptedDate": "2014-04-24 16:20:41",
    "calendarYear": "2014",
    "period": "Q2",
    "revenue": 3163000000,
    "costOfRevenue": 566000000,
    "grossProfit": 2597000000,
    "grossProfitRatio": 0.8210559595,
    "researchAndDevelopmentExpenses": 0,
    "generalAndAdministrativeExpenses": 197000000,
    "sellingAndMarketingExpenses": 245000000,
    "sellingGeneralAndAdministrativeExpenses": 442000000,
    "otherExpenses": 107000000,
    "operatingExpenses": 549000000,
    "costAndExpenses": 1115000000,
    "interestIncome": 0,
    "interestExpense": 0,
    "depreciationAndAmortization": 107000000,
    "ebitda": 2155000000,
    "ebitdaratio": 0.6813152071,
    "operatingIncome": 2048000000,
    "operatingIncomeRatio": 0.6474865634,
    "totalOtherIncomeExpensesNet": 13000000,
    "incomeBeforeTax": 2061000000,
    "incomeBeforeTaxRatio": 0.6515965855,
    "incomeTaxExpense": 463000000,
    "netIncome": 1598000000,
    "netIncomeRatio": 0.5052165666,
    "eps": 0.63,
    "epsdiluted": 0.63,
    "weightedAverageShsOut": 2511000000,
    "weightedAverageShsOutDil": 2534000000,
    "link": "https://www.sec.gov/Archives/edgar/data/1403161/000140316114000008/0001403161-14-000008-index.htm",
    "finalLink": "https://www.sec.gov/Archives/edgar/data/1403161/000140316114000008/v33114form10q.htm"
  },
  {
    "date": "2013-12-31",
    "symbol": "V",
    "reportedCurrency": "USD",
    "cik": "0001403161",
    "fillingDate": "2014-01-30",
    "acceptedDate": "2014-01-30 07:21:45",
    "calendarYear": "2014",
    "period": "Q1",
    "revenue": 3155000000,
    "costOfRevenue": 602000000,
    "grossProfit": 2553000000,
    "grossProfitRatio": 0.8091917591,
    "researchAndDevelopmentExpenses": 0,
    "generalAndAdministrativeExpenses": 183000000,
    "sellingAndMarketingExpenses": 186000000,
    "sellingGeneralAndAdministrativeExpenses": 369000000,
    "otherExpenses": 107000000,
    "operatingExpenses": 476000000,
    "costAndExpenses": 1078000000,
    "interestIncome": 0,
    "interestExpense": 0,
    "depreciationAndAmortization": 107000000,
    "ebitda": 2184000000,
    "ebitdaratio": 0.6922345483,
    "operatingIncome": 2077000000,
    "operatingIncomeRatio": 0.6583201268,
    "totalOtherIncomeExpensesNet": 6000000,
    "incomeBeforeTax": 2083000000,
    "incomeBeforeTaxRatio": 0.66022187,
    "incomeTaxExpense": 676000000,
    "netIncome": 1407000000,
    "netIncomeRatio": 0.4459587956,
    "eps": 0.55,
    "epsdiluted": 0.55,
    "weightedAverageShsOut": 2532000000,
    "weightedAverageShsOutDil": 2556000000,
    "link": "https://www.sec.gov/Archives/edgar/data/1403161/000140316114000005/0001403161-14-000005-index.htm",
    "finalLink": "https://www.sec.gov/Archives/edgar/data/1403161/000140316114000005/v123113form10q.htm"
  },
  {
    "date": "2013-09-30",
    "symbol": "V",
    "reportedCurrency": "USD",
    "cik": "0001403161",
    "fillingDate": "2013-11-22",
    "acceptedDate": "2013-11-21 19:53:37",
    "calendarYear": "2013",
    "period": "Q4",
    "revenue": 2973000000,
    "costOfRevenue": 621000000,
    "grossProfit": 2352000000,
    "grossProfitRatio": 0.7911200807,
    "researchAndDevelopmentExpenses": 0,
    "generalAndAdministrativeExpenses": 259000000,
    "sellingAndMarketingExpenses": 236000000,
    "sellingGeneralAndAdministrativeExpenses": 495000000,
    "otherExpenses": 106000000,
    "operatingExpenses": 601000000,
    "costAndExpenses": 1222000000,
    "interestIncome": 0,
    "interestExpense": 0,
    "depreciationAndAmortization": 106000000,
    "ebitda": 1857000000,
    "ebitdaratio": 0.6246215943,
    "operatingIncome": 1751000000,
    "operatingIncomeRatio": 0.588967373,
    "totalOtherIncomeExpensesNet": 15000000,
    "incomeBeforeTax": 1766000000,
    "incomeBeforeTaxRatio": 0.5940127817,
    "incomeTaxExpense": 574000000,
    "netIncome": 1192000000,
    "netIncomeRatio": 0.4009418096,
    "eps": 0.47,
    "epsdiluted": 0.46,
    "weightedAverageShsOut": 2556000000,
    "weightedAverageShsOutDil": 2576000000,
    "link": "https://www.sec.gov/Archives/edgar/data/1403161/000140316113000011/0001403161-13-000011-index.htm",
    "finalLink": "https://www.sec.gov/Archives/edgar/data/1403161/000140316113000011/v09301310-k.htm"
  },
  {
    "date": "2013-06-30",
    "symbol": "V",
    "reportedCurrency": "USD",
    "cik": "0001403161",
    "fillingDate": "2013-07-24",
    "acceptedDate": "2013-07-24 16:25:21",
    "calendarYear": "2013",
    "period": "Q3",
    "revenue": 3001000000,
    "costOfRevenue": 610000000,
    "grossProfit": 2391000000,
    "grossProfitRatio": 0.7967344219,
    "researchAndDevelopmentExpenses": 0,
    "generalAndAdministrativeExpenses": 211000000,
    "sellingAndMarketingExpenses": 252000000,
    "sellingGeneralAndAdministrativeExpenses": 463000000,
    "otherExpenses": 100000000,
    "operatingExpenses": 563000000,
    "costAndExpenses": 1173000000,
    "interestIncome": 0,
    "interestExpense": 0,
    "depreciationAndAmortization": 101000000,
    "ebitda": 1928000000,
    "ebitdaratio": 0.6424525158,
    "operatingIncome": 1828000000,
    "operatingIncomeRatio": 0.6091302899,
    "totalOtherIncomeExpensesNet": 5000000,
    "incomeBeforeTax": 1833000000,
    "incomeBeforeTaxRatio": 0.6107964012,
    "incomeTaxExpense": 608000000,
    "netIncome": 1225000000,
    "netIncomeRatio": 0.4081972676,
    "eps": 0.47,
    "epsdiluted": 0.47,
    "weightedAverageShsOut": 2584000000,
    "weightedAverageShsOutDil": 2604000000,
    "link": "https://www.sec.gov/Archives/edgar/data/1403161/000140316113000007/0001403161-13-000007-index.htm",
    "finalLink": "https://www.sec.gov/Archives/edgar/data/1403161/000140316113000007/v063013form10q.htm"
  },
  {
    "date": "2013-03-31",
    "symbol": "V",
    "reportedCurrency": "USD",
    "cik": "0001403161",
    "fillingDate": "2013-05-01",
    "acceptedDate": "2013-05-01 16:24:48",
    "calendarYear": "2013",
    "period": "Q2",
    "revenue": 2958000000,
    "costOfRevenue": 605000000,
    "grossProfit": 2353000000,
    "grossProfitRatio": 0.7954699121,
    "researchAndDevelopmentExpenses": 0,
    "generalAndAdministrativeExpenses": 199000000,
    "sellingAndMarketingExpenses": 195000000,
    "sellingGeneralAndAdministrativeExpenses": 394000000,
    "otherExpenses": 99000000,
    "operatingExpenses": 493000000,
    "costAndExpenses": 1098000000,
    "interestIncome": 0,
    "interestExpense": 0,
    "depreciationAndAmortization": 98000000,
    "ebitda": 1959000000,
    "ebitdaratio": 0.6622718053,
    "operatingIncome": 1860000000,
    "operatingIncomeRatio": 0.6288032454,
    "totalOtherIncomeExpensesNet": -3000000,
    "incomeBeforeTax": 1857000000,
    "incomeBeforeTaxRatio": 0.6277890467,
    "incomeTaxExpense": 587000000,
    "netIncome": 1270000000,
    "netIncomeRatio": 0.4293441515,
    "eps": 0.48,
    "epsdiluted": 0.48,
    "weightedAverageShsOut": 2620000000,
    "weightedAverageShsOutDil": 2640000000,
    "link": "https://www.sec.gov/Archives/edgar/data/1403161/000140316113000004/0001403161-13-000004-index.htm",
    "finalLink": "https://www.sec.gov/Archives/edgar/data/1403161/000140316113000004/v033113form10q.htm"
  },
  {
    "date": "2012-12-31",
    "symbol": "V",
    "reportedCurrency": "USD",
    "cik": "0001403161",
    "fillingDate": "2013-02-06",
    "acceptedDate": "2013-02-06 16:17:56",
    "calendarYear": "2013",
    "period": "Q1",
    "revenue": 2846000000,
    "costOfRevenue": 564000000,
    "grossProfit": 2282000000,
    "grossProfitRatio": 0.8018271258,
    "researchAndDevelopmentExpenses": 0,
    "generalAndAdministrativeExpenses": 194000000,
    "sellingAndMarketingExpenses": 193000000,
    "sellingGeneralAndAdministrativeExpenses": 387000000,
    "otherExpenses": 95000000,
    "operatingExpenses": 482000000,
    "costAndExpenses": 1046000000,
    "interestIncome": 0,
    "interestExpense": 0,
    "depreciationAndAmortization": 92000000,
    "ebitda": 1895000000,
    "ebitdaratio": 0.6658468025,
    "operatingIncome": 1800000000,
    "operatingIncomeRatio": 0.6324666198,
    "totalOtherIncomeExpensesNet": 1000000,
    "incomeBeforeTax": 1801000000,
    "incomeBeforeTaxRatio": 0.6328179902,
    "incomeTaxExpense": 508000000,
    "netIncome": 1293000000,
    "netIncomeRatio": 0.4543218552,
    "eps": 0.49,
    "epsdiluted": 0.48,
    "weightedAverageShsOut": 2656000000,
    "weightedAverageShsOutDil": 2676000000,
    "link": "https://www.sec.gov/Archives/edgar/data/1403161/000138410813000004/0001384108-13-000004-index.htm",
    "finalLink": "https://www.sec.gov/Archives/edgar/data/1403161/000138410813000004/v123112form10q.htm"
  },
  {
    "date": "2012-09-30",
    "symbol": "V",
    "reportedCurrency": "USD",
    "cik": "0001403161",
    "fillingDate": "2012-11-16",
    "acceptedDate": "2012-11-15 20:15:57",
    "calendarYear": "2012",
    "period": "Q4",
    "revenue": 2731000000,
    "costOfRevenue": 582000000,
    "grossProfit": 2149000000,
    "grossProfitRatio": 0.7868912486,
    "researchAndDevelopmentExpenses": 0,
    "generalAndAdministrativeExpenses": 265000000,
    "sellingAndMarketingExpenses": 271000000,
    "sellingGeneralAndAdministrativeExpenses": 536000000,
    "otherExpenses": 91000000,
    "operatingExpenses": 627000000,
    "costAndExpenses": 1209000000,
    "interestIncome": 0,
    "interestExpense": 1000000,
    "depreciationAndAmortization": 89000000,
    "ebitda": 1613000000,
    "ebitdaratio": 0.5906261443,
    "operatingIncome": 1522000000,
    "operatingIncomeRatio": 0.5573050165,
    "totalOtherIncomeExpensesNet": 66000000,
    "incomeBeforeTax": 1588000000,
    "incomeBeforeTaxRatio": 0.5814719883,
    "incomeTaxExpense": -74000000,
    "netIncome": 1662000000,
    "netIncomeRatio": 0.60856829,
    "eps": 0.52,
    "epsdiluted": 0.44,
    "weightedAverageShsOut": 3232000000,
    "weightedAverageShsOutDil": 3808000000,
    "link": "https://www.sec.gov/Archives/edgar/data/1403161/000138410812000011/0001384108-12-000011-index.htm",
    "finalLink": "https://www.sec.gov/Archives/edgar/data/1403161/000138410812000011/v09301210-k.htm"
  },
  {
    "date": "2012-06-30",
    "symbol": "V",
    "reportedCurrency": "USD",
    "cik": "0001403161",
    "fillingDate": "2012-07-27",
    "acceptedDate": "2012-07-27 16:09:17",
    "calendarYear": "2012",
    "period": "Q3",
    "revenue": 2565000000,
    "costOfRevenue": 537000000,
    "grossProfit": 2028000000,
    "grossProfitRatio": 0.7906432749,
    "researchAndDevelopmentExpenses": 0,
    "generalAndAdministrativeExpenses": 211000000,
    "sellingAndMarketingExpenses": 242000000,
    "sellingGeneralAndAdministrativeExpenses": 453000000,
    "otherExpenses": 4182000000,
    "operatingExpenses": 4635000000,
    "costAndExpenses": 5172000000,
    "interestIncome": 0,
    "interestExpense": 0,
    "depreciationAndAmortization": 84000000,
    "ebitda": 1575000000,
    "ebitdaratio": 0.6140350877,
    "operatingIncome": -2607000000,
    "operatingIncomeRatio": -1.016374269,
    "totalOtherIncomeExpensesNet": 0,
    "incomeBeforeTax": -2607000000,
    "incomeBeforeTaxRatio": -1.016374269,
    "incomeTaxExpense": -768000000,
    "netIncome": -1839000000,
    "netIncomeRatio": -0.7169590643,
    "eps": 0.57,
    "epsdiluted": 0.48,
    "weightedAverageShsOut": 3240000000,
    "weightedAverageShsOutDil": 3828000000,
    "link": "https://www.sec.gov/Archives/edgar/data/1403161/000138410812000008/0001384108-12-000008-index.htm",
    "finalLink": "https://www.sec.gov/Archives/edgar/data/1403161/000138410812000008/v63012form10q.htm"
  },
  {
    "date": "2012-03-31",
    "symbol": "V",
    "reportedCurrency": "USD",
    "cik": "0001403161",
    "fillingDate": "2012-05-02",
    "acceptedDate": "2012-05-02 16:44:29",
    "calendarYear": "2012",
    "period": "Q2",
    "revenue": 2578000000,
    "costOfRevenue": 534000000,
    "grossProfit": 2044000000,
    "grossProfitRatio": 0.7928626843,
    "researchAndDevelopmentExpenses": 0,
    "generalAndAdministrativeExpenses": 188000000,
    "sellingAndMarketingExpenses": 170000000,
    "sellingGeneralAndAdministrativeExpenses": 358000000,
    "otherExpenses": 80000000,
    "operatingExpenses": 438000000,
    "costAndExpenses": 972000000,
    "interestIncome": 0,
    "interestExpense": 7000000,
    "depreciationAndAmortization": 80000000,
    "ebitda": 1686000000,
    "ebitdaratio": 0.6539953452,
    "operatingIncome": 1606000000,
    "operatingIncomeRatio": 0.6229635376,
    "totalOtherIncomeExpensesNet": 3000000,
    "incomeBeforeTax": 1609000000,
    "incomeBeforeTaxRatio": 0.6241272304,
    "incomeTaxExpense": 317000000,
    "netIncome": 1292000000,
    "netIncomeRatio": 0.5011636928,
    "eps": 0.48,
    "epsdiluted": 0.48,
    "weightedAverageShsOut": 2676000000,
    "weightedAverageShsOutDil": 2704000000,
    "link": "https://www.sec.gov/Archives/edgar/data/1403161/000138410812000004/0001384108-12-000004-index.htm",
    "finalLink": "https://www.sec.gov/Archives/edgar/data/1403161/000138410812000004/v33112form10q.htm"
  },
  {
    "date": "2011-12-31",
    "symbol": "V",
    "reportedCurrency": "USD",
    "cik": "0001403161",
    "fillingDate": "2012-02-08",
    "acceptedDate": "2012-02-08 16:27:18",
    "calendarYear": "2012",
    "period": "Q1",
    "revenue": 2547000000,
    "costOfRevenue": 487000000,
    "grossProfit": 2060000000,
    "grossProfitRatio": 0.8087946604,
    "researchAndDevelopmentExpenses": 0,
    "generalAndAdministrativeExpenses": 172000000,
    "sellingAndMarketingExpenses": 190000000,
    "sellingGeneralAndAdministrativeExpenses": 362000000,
    "otherExpenses": 80000000,
    "operatingExpenses": 442000000,
    "costAndExpenses": 929000000,
    "interestIncome": 0,
    "interestExpense": 10000000,
    "depreciationAndAmortization": 80000000,
    "ebitda": 1698000000,
    "ebitdaratio": 0.6666666667,
    "operatingIncome": 1618000000,
    "operatingIncomeRatio": 0.6352571653,
    "totalOtherIncomeExpensesNet": -1000000,
    "incomeBeforeTax": 1617000000,
    "incomeBeforeTaxRatio": 0.6348645465,
    "incomeTaxExpense": 590000000,
    "netIncome": 1029000000,
    "netIncomeRatio": 0.4040047114,
    "eps": 0.38,
    "epsdiluted": 0.37,
    "weightedAverageShsOut": 2676000000,
    "weightedAverageShsOutDil": 2760000000,
    "link": "https://www.sec.gov/Archives/edgar/data/1403161/000144530512000234/0001445305-12-000234-index.htm",
    "finalLink": "https://www.sec.gov/Archives/edgar/data/1403161/000144530512000234/v123111form10q.htm"
  },
  {
    "date": "2011-09-30",
    "symbol": "V",
    "reportedCurrency": "USD",
    "cik": "0001403161",
    "fillingDate": "2011-11-18",
    "acceptedDate": "2011-11-17 19:39:34",
    "calendarYear": "2011",
    "period": "Q4",
    "revenue": 2383000000,
    "costOfRevenue": 494000000,
    "grossProfit": 1889000000,
    "grossProfitRatio": 0.7926982795,
    "researchAndDevelopmentExpenses": 0,
    "generalAndAdministrativeExpenses": 210000000,
    "sellingAndMarketingExpenses": 239000000,
    "sellingGeneralAndAdministrativeExpenses": 449000000,
    "otherExpenses": 78000000,
    "operatingExpenses": 527000000,
    "costAndExpenses": 1021000000,
    "interestIncome": 0,
    "interestExpense": 13000000,
    "depreciationAndAmortization": 77000000,
    "ebitda": 1444000000,
    "ebitdaratio": 0.6059588754,
    "operatingIncome": 1362000000,
    "operatingIncomeRatio": 0.5715484683,
    "totalOtherIncomeExpensesNet": -8000000,
    "incomeBeforeTax": 1354000000,
    "incomeBeforeTaxRatio": 0.5681913554,
    "incomeTaxExpense": 476000000,
    "netIncome": 880000000,
    "netIncomeRatio": 0.3692824171,
    "eps": 0.27,
    "epsdiluted": 0.22,
    "weightedAverageShsOut": 3248000000,
    "weightedAverageShsOutDil": 3944000000,
    "link": "https://www.sec.gov/Archives/edgar/data/1403161/000119312511315956/0001193125-11-315956-index.htm",
    "finalLink": "https://www.sec.gov/Archives/edgar/data/1403161/000119312511315956/d218694d10k.htm"
  },
  {
    "date": "2011-06-30",
    "symbol": "V",
    "reportedCurrency": "USD",
    "cik": "0001403161",
    "fillingDate": "2011-07-29",
    "acceptedDate": "2011-07-29 11:46:15",
    "calendarYear": "2011",
    "period": "Q3",
    "revenue": 2322000000,
    "costOfRevenue": 454000000,
    "grossProfit": 1868000000,
    "grossProfitRatio": 0.8044788975,
    "researchAndDevelopmentExpenses": 0,
    "generalAndAdministrativeExpenses": 198000000,
    "sellingAndMarketingExpenses": 251000000,
    "sellingGeneralAndAdministrativeExpenses": 449000000,
    "otherExpenses": 74000000,
    "operatingExpenses": 523000000,
    "costAndExpenses": 977000000,
    "interestIncome": 0,
    "interestExpense": 11000000,
    "depreciationAndAmortization": 74000000,
    "ebitda": 1419000000,
    "ebitdaratio": 0.6111111111,
    "operatingIncome": 1345000000,
    "operatingIncomeRatio": 0.5792420327,
    "totalOtherIncomeExpensesNet": 198000000,
    "incomeBeforeTax": 1543000000,
    "incomeBeforeTaxRatio": 0.6645133506,
    "incomeTaxExpense": 539000000,
    "netIncome": 1005000000,
    "netIncomeRatio": 0.4328165375,
    "eps": 0.31,
    "epsdiluted": 0.25,
    "weightedAverageShsOut": 3300000000,
    "weightedAverageShsOutDil": 4032000000,
    "link": "https://www.sec.gov/Archives/edgar/data/1403161/000119312511202235/0001193125-11-202235-index.htm",
    "finalLink": "https://www.sec.gov/Archives/edgar/data/1403161/000119312511202235/d10q.htm"
  },
  {
    "date": "2011-03-31",
    "symbol": "V",
    "reportedCurrency": "USD",
    "cik": "0001403161",
    "fillingDate": "2011-05-05",
    "acceptedDate": "2011-05-05 16:31:33",
    "calendarYear": "2011",
    "period": "Q2",
    "revenue": 2245000000,
    "costOfRevenue": 431000000,
    "grossProfit": 1814000000,
    "grossProfitRatio": 0.8080178174,
    "researchAndDevelopmentExpenses": 0,
    "generalAndAdministrativeExpenses": 172000000,
    "sellingAndMarketingExpenses": 183000000,
    "sellingGeneralAndAdministrativeExpenses": 355000000,
    "otherExpenses": 76000000,
    "operatingExpenses": 431000000,
    "costAndExpenses": 862000000,
    "interestIncome": 0,
    "interestExpense": 12000000,
    "depreciationAndAmortization": 70000000,
    "ebitda": 1459000000,
    "ebitdaratio": 0.6498886414,
    "operatingIncome": 1383000000,
    "operatingIncomeRatio": 0.6160356347,
    "totalOtherIncomeExpensesNet": -6000000,
    "incomeBeforeTax": 1377000000,
    "incomeBeforeTaxRatio": 0.613363029,
    "incomeTaxExpense": 497000000,
    "netIncome": 881000000,
    "netIncomeRatio": 0.3924276169,
    "eps": 0.31,
    "epsdiluted": 0.31,
    "weightedAverageShsOut": 2756000000,
    "weightedAverageShsOutDil": 2856000000,
    "link": "https://www.sec.gov/Archives/edgar/data/1403161/000119312511128562/0001193125-11-128562-index.htm",
    "finalLink": "https://www.sec.gov/Archives/edgar/data/1403161/000119312511128562/d10q.htm"
  },
  {
    "date": "2010-12-31",
    "symbol": "V",
    "reportedCurrency": "USD",
    "cik": "0001403161",
    "fillingDate": "2011-02-02",
    "acceptedDate": "2011-02-02 16:18:08",
    "calendarYear": "2011",
    "period": "Q1",
    "revenue": 2238000000,
    "costOfRevenue": 437000000,
    "grossProfit": 1801000000,
    "grossProfitRatio": 0.8047363718,
    "researchAndDevelopmentExpenses": 0,
    "generalAndAdministrativeExpenses": 171000000,
    "sellingAndMarketingExpenses": 197000000,
    "sellingGeneralAndAdministrativeExpenses": 368000000,
    "otherExpenses": 67000000,
    "operatingExpenses": 435000000,
    "costAndExpenses": 872000000,
    "interestIncome": 4000000,
    "interestExpense": 0,
    "depreciationAndAmortization": 67000000,
    "ebitda": 1449000000,
    "ebitdaratio": 0.6474530831,
    "operatingIncome": 1366000000,
    "operatingIncomeRatio": 0.6103663986,
    "totalOtherIncomeExpensesNet": 16000000,
    "incomeBeforeTax": 1382000000,
    "incomeBeforeTaxRatio": 0.617515639,
    "incomeTaxExpense": 498000000,
    "netIncome": 884000000,
    "netIncomeRatio": 0.3949955317,
    "eps": 0.31,
    "epsdiluted": 0.31,
    "weightedAverageShsOut": 2768000000,
    "weightedAverageShsOutDil": 2876000000,
    "link": "https://www.sec.gov/Archives/edgar/data/1403161/000119312511021871/0001193125-11-021871-index.htm",
    "finalLink": "https://www.sec.gov/Archives/edgar/data/1403161/000119312511021871/d10q.htm"
  },
  {
    "date": "2010-09-30",
    "symbol": "V",
    "reportedCurrency": "USD",
    "cik": "0001403161",
    "fillingDate": "2010-11-19",
    "acceptedDate": "2010-11-19 16:10:39",
    "calendarYear": "2010",
    "period": "Q4",
    "revenue": 2117000000,
    "costOfRevenue": 472000000,
    "grossProfit": 1645000000,
    "grossProfitRatio": 0.7770429854,
    "researchAndDevelopmentExpenses": 0,
    "generalAndAdministrativeExpenses": 225000000,
    "sellingAndMarketingExpenses": 233000000,
    "sellingGeneralAndAdministrativeExpenses": 458000000,
    "otherExpenses": 74000000,
    "operatingExpenses": 532000000,
    "costAndExpenses": 1004000000,
    "interestIncome": 0,
    "interestExpense": 15000000,
    "depreciationAndAmortization": 78000000,
    "ebitda": 1288000000,
    "ebitdaratio": 0.6084081247,
    "operatingIncome": 1113000000,
    "operatingIncomeRatio": 0.5257439773,
    "totalOtherIncomeExpensesNet": 82000000,
    "incomeBeforeTax": 1195000000,
    "incomeBeforeTaxRatio": 0.564478035,
    "incomeTaxExpense": 422000000,
    "netIncome": 774000000,
    "netIncomeRatio": 0.3656117147,
    "eps": 0,
    "epsdiluted": 0,
    "weightedAverageShsOut": 0,
    "weightedAverageShsOutDil": 4356000000,
    "link": "https://www.sec.gov/Archives/edgar/data/1403161/000119312510265236/0001193125-10-265236-index.htm",
    "finalLink": "https://www.sec.gov/Archives/edgar/data/1403161/000119312510265236/d10k.htm"
  },
  {
    "date": "2010-06-30",
    "symbol": "V",
    "reportedCurrency": "USD",
    "cik": "0001403161",
    "fillingDate": "2010-08-02",
    "acceptedDate": "2010-07-30 19:14:09",
    "calendarYear": "2010",
    "period": "Q3",
    "revenue": 2029000000,
    "costOfRevenue": 388000000,
    "grossProfit": 1641000000,
    "grossProfitRatio": 0.8087727945,
    "researchAndDevelopmentExpenses": 0,
    "generalAndAdministrativeExpenses": 164000000,
    "sellingAndMarketingExpenses": 277000000,
    "sellingGeneralAndAdministrativeExpenses": 441000000,
    "otherExpenses": 63000000,
    "operatingExpenses": 504000000,
    "costAndExpenses": 892000000,
    "interestIncome": 0,
    "interestExpense": 13000000,
    "depreciationAndAmortization": 63000000,
    "ebitda": 1198000000,
    "ebitdaratio": 0.5904386397,
    "operatingIncome": 1137000000,
    "operatingIncomeRatio": 0.5603745688,
    "totalOtherIncomeExpensesNet": -15000000,
    "incomeBeforeTax": 1122000000,
    "incomeBeforeTaxRatio": 0.5529817644,
    "incomeTaxExpense": 406000000,
    "netIncome": 716000000,
    "netIncomeRatio": 0.3528831937,
    "eps": 0.21,
    "epsdiluted": 0.17,
    "weightedAverageShsOut": 3352000000,
    "weightedAverageShsOutDil": 4328000000,
    "link": "https://www.sec.gov/Archives/edgar/data/1403161/000119312510172477/0001193125-10-172477-index.htm",
    "finalLink": "https://www.sec.gov/Archives/edgar/data/1403161/000119312510172477/d10q.htm"
  },
  {
    "date": "2010-03-31",
    "symbol": "V",
    "reportedCurrency": "USD",
    "cik": "0001403161",
    "fillingDate": "2010-05-03",
    "acceptedDate": "2010-04-30 21:17:07",
    "calendarYear": "2010",
    "period": "Q2",
    "revenue": 1959000000,
    "costOfRevenue": 408000000,
    "grossProfit": 1551000000,
    "grossProfitRatio": 0.7917304747,
    "researchAndDevelopmentExpenses": 0,
    "generalAndAdministrativeExpenses": 127000000,
    "sellingAndMarketingExpenses": 238000000,
    "sellingGeneralAndAdministrativeExpenses": 365000000,
    "otherExpenses": 64000000,
    "operatingExpenses": 429000000,
    "costAndExpenses": 837000000,
    "interestIncome": 0,
    "interestExpense": 28000000,
    "depreciationAndAmortization": 62000000,
    "ebitda": 1203000000,
    "ebitdaratio": 0.6140888208,
    "operatingIncome": 1122000000,
    "operatingIncomeRatio": 0.5727411945,
    "totalOtherIncomeExpensesNet": -9000000,
    "incomeBeforeTax": 1113000000,
    "incomeBeforeTaxRatio": 0.5681470138,
    "incomeTaxExpense": 401000000,
    "netIncome": 713000000,
    "netIncomeRatio": 0.3639612047,
    "eps": 0.38,
    "epsdiluted": 0.24,
    "weightedAverageShsOut": 1888000000,
    "weightedAverageShsOutDil": 2968000000,
    "link": "https://www.sec.gov/Archives/edgar/data/1403161/000119312510102602/0001193125-10-102602-index.htm",
    "finalLink": "https://www.sec.gov/Archives/edgar/data/1403161/000119312510102602/d10q.htm"
  },
  {
    "date": "2009-12-31",
    "symbol": "V",
    "reportedCurrency": "USD",
    "cik": "0001403161",
    "fillingDate": "2010-02-03",
    "acceptedDate": "2010-02-03 16:32:45",
    "calendarYear": "2010",
    "period": "Q1",
    "revenue": 1960000000,
    "costOfRevenue": 379000000,
    "grossProfit": 1581000000,
    "grossProfitRatio": 0.8066326531,
    "researchAndDevelopmentExpenses": 0,
    "generalAndAdministrativeExpenses": 129000000,
    "sellingAndMarketingExpenses": 216000000,
    "sellingGeneralAndAdministrativeExpenses": 345000000,
    "otherExpenses": 19000000,
    "operatingExpenses": 364000000,
    "costAndExpenses": 743000000,
    "interestIncome": 0,
    "interestExpense": 16000000,
    "depreciationAndAmortization": 62000000,
    "ebitda": 1279000000,
    "ebitdaratio": 0.6525510204,
    "operatingIncome": 1217000000,
    "operatingIncomeRatio": 0.6209183673,
    "totalOtherIncomeExpensesNet": -9000000,
    "incomeBeforeTax": 1208000000,
    "incomeBeforeTaxRatio": 0.6163265306,
    "incomeTaxExpense": 445000000,
    "netIncome": 763000000,
    "netIncomeRatio": 0.3892857143,
    "eps": 0.26,
    "epsdiluted": 0.26,
    "weightedAverageShsOut": 2888000000,
    "weightedAverageShsOutDil": 2980000000,
    "link": "https://www.sec.gov/Archives/edgar/data/1403161/000119312510020834/0001193125-10-020834-index.htm",
    "finalLink": "https://www.sec.gov/Archives/edgar/data/1403161/000119312510020834/d10q.htm"
  },
  {
    "date": "2009-09-30",
    "symbol": "V",
    "reportedCurrency": "USD",
    "cik": "0001403161",
    "fillingDate": "2009-11-20",
    "acceptedDate": "2009-11-20 16:07:00",
    "calendarYear": "2009",
    "period": "Q4",
    "revenue": 1879000000,
    "costOfRevenue": 445000000,
    "grossProfit": 1434000000,
    "grossProfitRatio": 0.7631718999,
    "researchAndDevelopmentExpenses": 0,
    "generalAndAdministrativeExpenses": 220000000,
    "sellingAndMarketingExpenses": 283000000,
    "sellingGeneralAndAdministrativeExpenses": 503000000,
    "otherExpenses": 62000000,
    "operatingExpenses": 565000000,
    "costAndExpenses": 1010000000,
    "interestIncome": 0,
    "interestExpense": 25000000,
    "depreciationAndAmortization": 61000000,
    "ebitda": 949000000,
    "ebitdaratio": 0.5050558808,
    "operatingIncome": 869000000,
    "operatingIncomeRatio": 0.4624800426,
    "totalOtherIncomeExpensesNet": -6000000,
    "incomeBeforeTax": 863000000,
    "incomeBeforeTaxRatio": 0.4592868547,
    "incomeTaxExpense": 349000000,
    "netIncome": 514000000,
    "netIncomeRatio": 0.2735497605,
    "eps": 0,
    "epsdiluted": 0.17,
    "weightedAverageShsOut": 0,
    "weightedAverageShsOutDil": 3006000000,
    "link": "https://www.sec.gov/Archives/edgar/data/1403161/000119312509239249/0001193125-09-239249-index.htm",
    "finalLink": "https://www.sec.gov/Archives/edgar/data/1403161/000119312509239249/d10k.htm"
  },
  {
    "date": "2009-06-30",
    "symbol": "V",
    "reportedCurrency": "USD",
    "cik": "0001403161",
    "fillingDate": "2009-07-30",
    "acceptedDate": "2009-07-30 17:05:49",
    "calendarYear": "2009",
    "period": "Q3",
    "revenue": 1646000000,
    "costOfRevenue": 379000000,
    "grossProfit": 1267000000,
    "grossProfitRatio": 0.769744836,
    "researchAndDevelopmentExpenses": 0,
    "generalAndAdministrativeExpenses": 158000000,
    "sellingAndMarketingExpenses": 229000000,
    "sellingGeneralAndAdministrativeExpenses": 387000000,
    "otherExpenses": 58000000,
    "operatingExpenses": 445000000,
    "costAndExpenses": 824000000,
    "interestIncome": 0,
    "interestExpense": 30000000,
    "depreciationAndAmortization": 57000000,
    "ebitda": 1384000000,
    "ebitdaratio": 0.8408262454,
    "operatingIncome": 822000000,
    "operatingIncomeRatio": 0.4993924666,
    "totalOtherIncomeExpensesNet": 475000000,
    "incomeBeforeTax": 1297000000,
    "incomeBeforeTaxRatio": 0.7879708384,
    "incomeTaxExpense": 568000000,
    "netIncome": 729000000,
    "netIncomeRatio": 0.4428918591,
    "eps": 0.41,
    "epsdiluted": 0.24,
    "weightedAverageShsOut": 1792000000,
    "weightedAverageShsOutDil": 3024000000,
    "link": "https://www.sec.gov/Archives/edgar/data/1403161/000119312509159678/0001193125-09-159678-index.htm",
    "finalLink": "https://www.sec.gov/Archives/edgar/data/1403161/000119312509159678/d10q.htm"
  },
  {
    "date": "2009-03-31",
    "symbol": "V",
    "reportedCurrency": "USD",
    "cik": "0001403161",
    "fillingDate": "2009-05-06",
    "acceptedDate": "2009-05-06 09:29:44",
    "calendarYear": "2009",
    "period": "Q2",
    "revenue": 1647000000,
    "costOfRevenue": 384000000,
    "grossProfit": 1263000000,
    "grossProfitRatio": 0.766848816,
    "researchAndDevelopmentExpenses": 0,
    "generalAndAdministrativeExpenses": 130000000,
    "sellingAndMarketingExpenses": 196000000,
    "sellingGeneralAndAdministrativeExpenses": 326000000,
    "otherExpenses": 56000000,
    "operatingExpenses": 382000000,
    "costAndExpenses": 766000000,
    "interestIncome": 0,
    "interestExpense": 30000000,
    "depreciationAndAmortization": 56000000,
    "ebitda": 973000000,
    "ebitdaratio": 0.590771099,
    "operatingIncome": 881000000,
    "operatingIncomeRatio": 0.5349119611,
    "totalOtherIncomeExpensesNet": 6000000,
    "incomeBeforeTax": 887000000,
    "incomeBeforeTaxRatio": 0.5385549484,
    "incomeTaxExpense": 352000000,
    "netIncome": 536000000,
    "netIncomeRatio": 0.3254401943,
    "eps": 0.18,
    "epsdiluted": 0.18,
    "weightedAverageShsOut": 2968000000,
    "weightedAverageShsOutDil": 3024000000,
    "link": "https://www.sec.gov/Archives/edgar/data/1403161/000119312509100928/0001193125-09-100928-index.htm",
    "finalLink": "https://www.sec.gov/Archives/edgar/data/1403161/000119312509100928/d10q.htm"
  },
  {
    "date": "2008-12-31",
    "symbol": "V",
    "reportedCurrency": "USD",
    "cik": "0001403161",
    "fillingDate": "2009-02-09",
    "acceptedDate": "2009-02-09 15:47:44",
    "calendarYear": "2009",
    "period": "Q1",
    "revenue": 1739000000,
    "costOfRevenue": 392000000,
    "grossProfit": 1347000000,
    "grossProfitRatio": 0.7745830937,
    "researchAndDevelopmentExpenses": 0,
    "generalAndAdministrativeExpenses": 119000000,
    "sellingAndMarketingExpenses": 210000000,
    "sellingGeneralAndAdministrativeExpenses": 329000000,
    "otherExpenses": 52000000,
    "operatingExpenses": 381000000,
    "costAndExpenses": 773000000,
    "interestIncome": 0,
    "interestExpense": 30000000,
    "depreciationAndAmortization": 52000000,
    "ebitda": 1035000000,
    "ebitdaratio": 0.5951696377,
    "operatingIncome": 966000000,
    "operatingIncomeRatio": 0.5554916619,
    "totalOtherIncomeExpensesNet": -13000000,
    "incomeBeforeTax": 953000000,
    "incomeBeforeTaxRatio": 0.5480161012,
    "incomeTaxExpense": 379000000,
    "netIncome": 574000000,
    "netIncomeRatio": 0.3300747556,
    "eps": 0.19,
    "epsdiluted": 0.19,
    "weightedAverageShsOut": 2964000000,
    "weightedAverageShsOutDil": 3092000000,
    "link": "https://www.sec.gov/Archives/edgar/data/1403161/000119312509022518/0001193125-09-022518-index.htm",
    "finalLink": "https://www.sec.gov/Archives/edgar/data/1403161/000119312509022518/d10q.htm"
  },
  {
    "date": "2008-09-30",
    "symbol": "V",
    "reportedCurrency": "USD",
    "cik": "0001403161",
    "fillingDate": "2008-11-21",
    "acceptedDate": "2008-11-20 21:38:24",
    "calendarYear": "2008",
    "period": "Q4",
    "revenue": 1709000000,
    "costOfRevenue": 411000000,
    "grossProfit": 1298000000,
    "grossProfitRatio": 0.7595084845,
    "researchAndDevelopmentExpenses": 0,
    "generalAndAdministrativeExpenses": 234000000,
    "sellingAndMarketingExpenses": 320000000,
    "sellingGeneralAndAdministrativeExpenses": 554000000,
    "otherExpenses": 1187000000,
    "operatingExpenses": 1741000000,
    "costAndExpenses": 2152000000,
    "interestIncome": 0,
    "interestExpense": 0,
    "depreciationAndAmortization": 59000000,
    "ebitda": -137000000,
    "ebitdaratio": -0.0801638385,
    "operatingIncome": -443000000,
    "operatingIncomeRatio": -0.2592159157,
    "totalOtherIncomeExpensesNet": 12000000,
    "incomeBeforeTax": -431000000,
    "incomeBeforeTaxRatio": -0.2521942657,
    "incomeTaxExpense": -75000000,
    "netIncome": -356000000,
    "netIncomeRatio": -0.2083089526,
    "eps": -0.13,
    "epsdiluted": -0.13,
    "weightedAverageShsOut": 2818000000,
    "weightedAverageShsOutDil": 3084000000,
    "link": "https://www.sec.gov/Archives/edgar/data/1403161/000119312508240384/0001193125-08-240384-index.htm",
    "finalLink": "https://www.sec.gov/Archives/edgar/data/1403161/000119312508240384/d10k.htm"
  },
  {
    "date": "2008-06-30",
    "symbol": "V",
    "reportedCurrency": "USD",
    "cik": "0001403161",
    "fillingDate": "2008-08-13",
    "acceptedDate": "2008-08-13 13:56:34",
    "calendarYear": "2008",
    "period": "Q3",
    "revenue": 1613000000,
    "costOfRevenue": 394000000,
    "grossProfit": 1219000000,
    "grossProfitRatio": 0.7557346559,
    "researchAndDevelopmentExpenses": 0,
    "generalAndAdministrativeExpenses": 193000000,
    "sellingAndMarketingExpenses": 271000000,
    "sellingGeneralAndAdministrativeExpenses": 464000000,
    "otherExpenses": 107000000,
    "operatingExpenses": 571000000,
    "costAndExpenses": 965000000,
    "interestIncome": 0,
    "interestExpense": 30000000,
    "depreciationAndAmortization": 57000000,
    "ebitda": 801000000,
    "ebitdaratio": 0.4965902046,
    "operatingIncome": 648000000,
    "operatingIncomeRatio": 0.4017358958,
    "totalOtherIncomeExpensesNet": 66000000,
    "incomeBeforeTax": 714000000,
    "incomeBeforeTaxRatio": 0.4426534408,
    "incomeTaxExpense": 292000000,
    "netIncome": 422000000,
    "netIncomeRatio": 0.2616243025,
    "eps": 0.13,
    "epsdiluted": 0.13,
    "weightedAverageShsOut": 2968000000,
    "weightedAverageShsOutDil": 3104000000,
    "link": "https://www.sec.gov/Archives/edgar/data/1403161/000119312508176170/0001193125-08-176170-index.htm",
    "finalLink": "https://www.sec.gov/Archives/edgar/data/1403161/000119312508176170/d10q.htm"
  },
  {
    "date": "2008-03-31",
    "symbol": "V",
    "reportedCurrency": "USD",
    "cik": "0001403161",
    "fillingDate": "2008-05-13",
    "acceptedDate": "2008-05-13 16:23:12",
    "calendarYear": "2008",
    "period": "Q2",
    "revenue": 1453000000,
    "costOfRevenue": 367000000,
    "grossProfit": 1086000000,
    "grossProfitRatio": 0.7474191328,
    "researchAndDevelopmentExpenses": 0,
    "generalAndAdministrativeExpenses": 171000000,
    "sellingAndMarketingExpenses": 215000000,
    "sellingGeneralAndAdministrativeExpenses": 386000000,
    "otherExpenses": 351000000,
    "operatingExpenses": 737000000,
    "costAndExpenses": 1104000000,
    "interestIncome": 0,
    "interestExpense": 41000000,
    "depreciationAndAmortization": 59000000,
    "ebitda": 470000000,
    "ebitdaratio": 0.3234686855,
    "operatingIncome": 349000000,
    "operatingIncomeRatio": 0.2401927047,
    "totalOtherIncomeExpensesNet": 21000000,
    "incomeBeforeTax": 370000000,
    "incomeBeforeTaxRatio": 0.2546455609,
    "incomeTaxExpense": 56000000,
    "netIncome": 314000000,
    "netIncomeRatio": 0.2161046111,
    "eps": 0.14,
    "epsdiluted": 0.1,
    "weightedAverageShsOut": 2552000000,
    "weightedAverageShsOutDil": 3112000000,
    "link": "https://www.sec.gov/Archives/edgar/data/1403161/000119312508113141/0001193125-08-113141-index.htm",
    "finalLink": "https://www.sec.gov/Archives/edgar/data/1403161/000119312508113141/d10q.htm"
  },
  {
    "date": "2007-12-31",
    "symbol": "V",
    "reportedCurrency": "USD",
    "cik": "0001403161",
    "fillingDate": "2008-02-04",
    "acceptedDate": "2008-02-04 16:49:54",
    "calendarYear": "2008",
    "period": "Q1",
    "revenue": 1488000000,
    "costOfRevenue": 366000000,
    "grossProfit": 1122000000,
    "grossProfitRatio": 0.7540322581,
    "researchAndDevelopmentExpenses": 0,
    "generalAndAdministrativeExpenses": 172000000,
    "sellingAndMarketingExpenses": 210000000,
    "sellingGeneralAndAdministrativeExpenses": 382000000,
    "otherExpenses": 62000000,
    "operatingExpenses": 444000000,
    "costAndExpenses": 810000000,
    "interestIncome": 0,
    "interestExpense": 45000000,
    "depreciationAndAmortization": 62000000,
    "ebitda": 790000000,
    "ebitdaratio": 0.5309139785,
    "operatingIncome": 678000000,
    "operatingIncomeRatio": 0.4556451613,
    "totalOtherIncomeExpensesNet": 5000000,
    "incomeBeforeTax": 683000000,
    "incomeBeforeTaxRatio": 0.4590053763,
    "incomeTaxExpense": 259000000,
    "netIncome": 424000000,
    "netIncomeRatio": 0.2849462366,
    "eps": 0.14,
    "epsdiluted": 0.14,
    "weightedAverageShsOut": 3100000000,
    "weightedAverageShsOutDil": 3100000000,
    "link": "https://www.sec.gov/Archives/edgar/data/1403161/000119312508019208/0001193125-08-019208-index.htm",
    "finalLink": "https://www.sec.gov/Archives/edgar/data/1403161/000119312508019208/d10q.htm"
  },
  {
    "date": "2007-09-30",
    "symbol": "V",
    "reportedCurrency": "USD",
    "cik": "0001403161",
    "fillingDate": "2007-12-21",
    "acceptedDate": "2007-12-21 15:58:47",
    "calendarYear": "2007",
    "period": "Q4",
    "revenue": 991045000,
    "costOfRevenue": 0,
    "grossProfit": 991045000,
    "grossProfitRatio": 1,
    "researchAndDevelopmentExpenses": 0,
    "generalAndAdministrativeExpenses": 679840000,
    "sellingAndMarketingExpenses": 174556000,
    "sellingGeneralAndAdministrativeExpenses": 854396000,
    "otherExpenses": 2500109000,
    "operatingExpenses": 3354505000,
    "costAndExpenses": 3354505000,
    "interestIncome": 0,
    "interestExpense": 0,
    "depreciationAndAmortization": 41000000,
    "ebitda": -2401760000,
    "ebitdaratio": -2.4234621031,
    "operatingIncome": -2363460000,
    "operatingIncomeRatio": -2.3848160275,
    "totalOtherIncomeExpensesNet": 12050000,
    "incomeBeforeTax": -2351410000,
    "incomeBeforeTaxRatio": -2.3726571447,
    "incomeTaxExpense": -666848000,
    "netIncome": -1684575000,
    "netIncomeRatio": -1.6997966793,
    "eps": -0.58,
    "epsdiluted": -0.57,
    "weightedAverageShsOut": 2926000000,
    "weightedAverageShsOutDil": 2974000000,
    "link": "https://www.sec.gov/Archives/edgar/data/1403161/000119312507270394/0001193125-07-270394-index.htm",
    "finalLink": "https://www.sec.gov/Archives/edgar/data/1403161/000119312507270394/d10k.htm"
  },
  {
    "date": "2007-06-30",
    "symbol": "V",
    "reportedCurrency": "USD",
    "cik": "0001403161",
    "fillingDate": "2007-06-30",
    "acceptedDate": "2007-06-29 20:00:00",
    "calendarYear": "2007",
    "period": "Q3",
    "revenue": 941000000,
    "costOfRevenue": 0,
    "grossProfit": 941000000,
    "grossProfitRatio": 1,
    "researchAndDevelopmentExpenses": 0,
    "generalAndAdministrativeExpenses": 50000000,
    "sellingAndMarketingExpenses": 0,
    "sellingGeneralAndAdministrativeExpenses": 50000000,
    "otherExpenses": 557000000,
    "operatingExpenses": 607000000,
    "costAndExpenses": 607000000,
    "interestIncome": 0,
    "interestExpense": 20000000,
    "depreciationAndAmortization": 104389000,
    "ebitda": 219965000,
    "ebitdaratio": 0.2337566419,
    "operatingIncome": 334000000,
    "operatingIncomeRatio": 0.3549415515,
    "totalOtherIncomeExpensesNet": 19000000,
    "incomeBeforeTax": 353000000,
    "incomeBeforeTaxRatio": 0.3751328374,
    "incomeTaxExpense": 126000000,
    "netIncome": 223000000,
    "netIncomeRatio": 0.2369819341,
    "eps": 0.0815,
    "epsdiluted": 0.0792,
    "weightedAverageShsOut": 2736000000,
    "weightedAverageShsOutDil": 2816000000,
    "link": "",
    "finalLink": ""
  },
  {
    "date": "2007-03-31",
    "symbol": "V",
    "reportedCurrency": "USD",
    "cik": "0001403161",
    "fillingDate": "2007-03-31",
    "acceptedDate": "2007-03-30 20:00:00",
    "calendarYear": "2007",
    "period": "Q2",
    "revenue": 813000000,
    "costOfRevenue": 0,
    "grossProfit": 813000000,
    "grossProfitRatio": 1,
    "researchAndDevelopmentExpenses": 0,
    "generalAndAdministrativeExpenses": 46000000,
    "sellingAndMarketingExpenses": 105000000,
    "sellingGeneralAndAdministrativeExpenses": 151000000,
    "otherExpenses": 391000000,
    "operatingExpenses": 542000000,
    "costAndExpenses": 542000000,
    "interestIncome": 0,
    "interestExpense": 0,
    "depreciationAndAmortization": 111000000,
    "ebitda": 382000000,
    "ebitdaratio": 0.4698646986,
    "operatingIncome": 271000000,
    "operatingIncomeRatio": 0.3333333333,
    "totalOtherIncomeExpensesNet": 17000000,
    "incomeBeforeTax": 288000000,
    "incomeBeforeTaxRatio": 0.3542435424,
    "incomeTaxExpense": 106000000,
    "netIncome": 180000000,
    "netIncomeRatio": 0.221402214,
    "eps": 0.0658,
    "epsdiluted": 0.0639,
    "weightedAverageShsOut": 2736000000,
    "weightedAverageShsOutDil": 2816000000,
    "link": "",
    "finalLink": ""
  },
  {
    "date": "2006-12-31",
    "symbol": "V",
    "reportedCurrency": "USD",
    "cik": "0001403161",
    "fillingDate": "2006-12-31",
    "acceptedDate": "2006-12-30 19:00:00",
    "calendarYear": "2007",
    "period": "Q1",
    "revenue": 845000000,
    "costOfRevenue": 0,
    "grossProfit": 845000000,
    "grossProfitRatio": 1,
    "researchAndDevelopmentExpenses": 0,
    "generalAndAdministrativeExpenses": 54000000,
    "sellingAndMarketingExpenses": 114000000,
    "sellingGeneralAndAdministrativeExpenses": 168000000,
    "otherExpenses": 368000000,
    "operatingExpenses": 536000000,
    "costAndExpenses": 536000000,
    "interestIncome": 0,
    "interestExpense": 0,
    "depreciationAndAmortization": 129000000,
    "ebitda": 438000000,
    "ebitdaratio": 0.5183431953,
    "operatingIncome": 309000000,
    "operatingIncomeRatio": 0.3656804734,
    "totalOtherIncomeExpensesNet": 14000000,
    "incomeBeforeTax": 323000000,
    "incomeBeforeTaxRatio": 0.3822485207,
    "incomeTaxExpense": 119000000,
    "netIncome": 205000000,
    "netIncomeRatio": 0.2426035503,
    "eps": 0.0749,
    "epsdiluted": 0.0728,
    "weightedAverageShsOut": 2736000000,
    "weightedAverageShsOutDil": 2816000000,
    "link": "",
    "finalLink": ""
  },
  {
    "date": "2006-09-30",
    "symbol": "V",
    "reportedCurrency": "USD",
    "cik": "0001403161",
    "fillingDate": "2006-09-30",
    "acceptedDate": "2006-09-29 20:00:00",
    "calendarYear": "2006",
    "period": "Q4",
    "revenue": 744707000,
    "costOfRevenue": 0,
    "grossProfit": 744707000,
    "grossProfitRatio": 1,
    "researchAndDevelopmentExpenses": 0,
    "generalAndAdministrativeExpenses": 17399000,
    "sellingAndMarketingExpenses": 146827000,
    "sellingGeneralAndAdministrativeExpenses": 164226000,
    "otherExpenses": 402894000,
    "operatingExpenses": 567120000,
    "costAndExpenses": 567120000,
    "interestIncome": 0,
    "interestExpense": 0,
    "depreciationAndAmortization": 304472000,
    "ebitda": 482059000,
    "ebitdaratio": 0.6473136415,
    "operatingIncome": 177587000,
    "operatingIncomeRatio": 0.2384655979,
    "totalOtherIncomeExpensesNet": -4051000,
    "incomeBeforeTax": 173536000,
    "incomeBeforeTaxRatio": 0.2330258746,
    "incomeTaxExpense": 54007000,
    "netIncome": 114399000,
    "netIncomeRatio": 0.1536161202,
    "eps": 0,
    "epsdiluted": 0.0404,
    "weightedAverageShsOut": 0,
    "weightedAverageShsOutDil": 2832000000,
    "link": "",
    "finalLink": ""
  },
  {
    "date": "2006-06-30",
    "symbol": "V",
    "reportedCurrency": "USD",
    "cik": "0001403161",
    "fillingDate": "2006-06-30",
    "acceptedDate": "2006-06-29 20:00:00",
    "calendarYear": "2006",
    "period": "Q3",
    "revenue": 735990000,
    "costOfRevenue": 0,
    "grossProfit": 735990000,
    "grossProfitRatio": 1,
    "researchAndDevelopmentExpenses": 0,
    "generalAndAdministrativeExpenses": 28931000,
    "sellingAndMarketingExpenses": 132285000,
    "sellingGeneralAndAdministrativeExpenses": 161216000,
    "otherExpenses": 371448000,
    "operatingExpenses": 532664000,
    "costAndExpenses": 532664000,
    "interestIncome": 0,
    "interestExpense": 0,
    "depreciationAndAmortization": 87922000,
    "ebitda": 291248000,
    "ebitdaratio": 0.395722768,
    "operatingIncome": 203326000,
    "operatingIncomeRatio": 0.2762619057,
    "totalOtherIncomeExpensesNet": 1003000,
    "incomeBeforeTax": 204329000,
    "incomeBeforeTaxRatio": 0.277624696,
    "incomeTaxExpense": 71958000,
    "netIncome": 127344000,
    "netIncomeRatio": 0.17302409,
    "eps": 0,
    "epsdiluted": 0.0447,
    "weightedAverageShsOut": 0,
    "weightedAverageShsOutDil": 2848000000,
    "link": "",
    "finalLink": ""
  }
]