[
  {
    "date": "2024-12-31",
    "symbol": "VICI",
    "reportedCurrency": "USD",
    "cik": "0001705696",
    "fillingDate": "2025-02-20",
    "acceptedDate": "2025-02-20 16:18:13",
    "calendarYear": "2024",
    "period": "FY",
    "revenue": 3849205000,
    "costOfRevenue": 26895000,
    "grossProfit": 3822310000,
    "grossProfitRatio": 0.9930128429,
    "researchAndDevelopmentExpenses": 0,
    "generalAndAdministrativeExpenses": 69109000,
    "sellingAndMarketingExpenses": 0,
    "sellingGeneralAndAdministrativeExpenses": 69109000,
    "otherExpenses": 208267000,
    "operatingExpenses": 277376000,
    "costAndExpenses": 304271000,
    "interestIncome": 16095000,
    "interestExpense": 826097000,
    "depreciationAndAmortization": 4125000,
    "ebitda": 3561168000,
    "ebitdaratio": 0.9251697428,
    "operatingIncome": 3544934000,
    "operatingIncomeRatio": 0.9209522486,
    "totalOtherIncomeExpensesNet": -813988000,
    "incomeBeforeTax": 2730946000,
    "incomeBeforeTaxRatio": 0.709483127,
    "incomeTaxExpense": 9704000,
    "netIncome": 2678810000,
    "netIncomeRatio": 0.695938512,
    "eps": 2.56,
    "epsdiluted": 2.56,
    "weightedAverageShsOut": 1046740000,
    "weightedAverageShsOutDil": 1047675000,
    "link": "https://www.sec.gov/Archives/edgar/data/1705696/000170569625000033/0001705696-25-000033-index.htm",
    "finalLink": "https://www.sec.gov/Archives/edgar/data/1705696/000170569625000033/vici-20241231.htm"
  },
  {
    "date": "2023-12-31",
    "symbol": "VICI",
    "reportedCurrency": "USD",
    "cik": "0001705696",
    "fillingDate": "2024-02-22",
    "acceptedDate": "2024-02-22 16:20:50",
    "calendarYear": "2023",
    "period": "FY",
    "revenue": 3611988000,
    "costOfRevenue": 27089000,
    "grossProfit": 3584899000,
    "grossProfitRatio": 0.9925002519,
    "researchAndDevelopmentExpenses": 0,
    "generalAndAdministrativeExpenses": 59603000,
    "sellingAndMarketingExpenses": 0,
    "sellingGeneralAndAdministrativeExpenses": 59603000,
    "otherExpenses": 180448000,
    "operatingExpenses": 240051000,
    "costAndExpenses": 267140000,
    "interestIncome": 23970000,
    "interestExpense": 818056000,
    "depreciationAndAmortization": 4298000,
    "ebitda": 3370835000,
    "ebitdaratio": 0.9332353817,
    "operatingIncome": 3344848000,
    "operatingIncomeRatio": 0.9260407288,
    "totalOtherIncomeExpensesNet": -796367000,
    "incomeBeforeTax": 2548481000,
    "incomeBeforeTaxRatio": 0.7055618679,
    "incomeTaxExpense": -6141000,
    "netIncome": 2513540000,
    "netIncomeRatio": 0.6958882477,
    "eps": 2.48,
    "epsdiluted": 2.47,
    "weightedAverageShsOut": 1014513195,
    "weightedAverageShsOutDil": 1015776697,
    "link": "https://www.sec.gov/Archives/edgar/data/1705696/000170569624000033/0001705696-24-000033-index.htm",
    "finalLink": "https://www.sec.gov/Archives/edgar/data/1705696/000170569624000033/vici-20231231.htm"
  },
  {
    "date": "2022-12-31",
    "symbol": "VICI",
    "reportedCurrency": "USD",
    "cik": "0001705696",
    "fillingDate": "2023-02-23",
    "acceptedDate": "2023-02-23 16:20:46",
    "calendarYear": "2022",
    "period": "FY",
    "revenue": 2600697000,
    "costOfRevenue": 22602000,
    "grossProfit": 2578095000,
    "grossProfitRatio": 0.9913092529,
    "researchAndDevelopmentExpenses": 0,
    "generalAndAdministrativeExpenses": 48340000,
    "sellingAndMarketingExpenses": 0,
    "sellingGeneralAndAdministrativeExpenses": 48340000,
    "otherExpenses": 897305000,
    "operatingExpenses": 945645000,
    "costAndExpenses": 968247000,
    "interestIncome": 9530000,
    "interestExpense": 539953000,
    "depreciationAndAmortization": 3182000,
    "ebitda": 1682278000,
    "ebitdaratio": 0.6468565927,
    "operatingIncome": 1632450000,
    "operatingIncomeRatio": 0.6276971135,
    "totalOtherIncomeExpensesNet": -493307000,
    "incomeBeforeTax": 1139143000,
    "incomeBeforeTaxRatio": 0.4380145015,
    "incomeTaxExpense": 2876000,
    "netIncome": 1117635000,
    "netIncomeRatio": 0.4297444108,
    "eps": 1.27,
    "epsdiluted": 1.27,
    "weightedAverageShsOut": 877508388,
    "weightedAverageShsOutDil": 879675845,
    "link": "https://www.sec.gov/Archives/edgar/data/1705696/000170569623000035/0001705696-23-000035-index.htm",
    "finalLink": "https://www.sec.gov/Archives/edgar/data/1705696/000170569623000035/vici-20221231.htm"
  },
  {
    "date": "2021-12-31",
    "symbol": "VICI",
    "reportedCurrency": "USD",
    "cik": "0001705696",
    "fillingDate": "2022-02-23",
    "acceptedDate": "2022-02-23 16:26:13",
    "calendarYear": "2021",
    "period": "FY",
    "revenue": 1509568000,
    "costOfRevenue": 20762000,
    "grossProfit": 1488806000,
    "grossProfitRatio": 0.9862463963,
    "researchAndDevelopmentExpenses": 0,
    "generalAndAdministrativeExpenses": 33122000,
    "sellingAndMarketingExpenses": 0,
    "sellingGeneralAndAdministrativeExpenses": 33122000,
    "otherExpenses": 11345000,
    "operatingExpenses": 44467000,
    "costAndExpenses": 65229000,
    "interestIncome": 120000,
    "interestExpense": 392390000,
    "depreciationAndAmortization": 3091000,
    "ebitda": 1421526000,
    "ebitdaratio": 0.9416773541,
    "operatingIncome": 1444339000,
    "operatingIncomeRatio": 0.9567896246,
    "totalOtherIncomeExpensesNet": -418294000,
    "incomeBeforeTax": 1026045000,
    "incomeBeforeTaxRatio": 0.6796944556,
    "incomeTaxExpense": 2887000,
    "netIncome": 1013851000,
    "netIncomeRatio": 0.6716166479,
    "eps": 1.8,
    "epsdiluted": 1.76,
    "weightedAverageShsOut": 564467362,
    "weightedAverageShsOutDil": 577066292,
    "link": "https://www.sec.gov/Archives/edgar/data/1705696/000170569622000046/0001705696-22-000046-index.htm",
    "finalLink": "https://www.sec.gov/Archives/edgar/data/1705696/000170569622000046/vici-20211231.htm"
  },
  {
    "date": "2020-12-31",
    "symbol": "VICI",
    "reportedCurrency": "USD",
    "cik": "0001705696",
    "fillingDate": "2021-02-18",
    "acceptedDate": "2021-02-18 16:20:48",
    "calendarYear": "2020",
    "period": "FY",
    "revenue": 1225574000,
    "costOfRevenue": 33425000,
    "grossProfit": 1192149000,
    "grossProfitRatio": 0.972727065,
    "researchAndDevelopmentExpenses": 0,
    "generalAndAdministrativeExpenses": 30661000,
    "sellingAndMarketingExpenses": 0,
    "sellingGeneralAndAdministrativeExpenses": 30661000,
    "otherExpenses": 248248000,
    "operatingExpenses": 278909000,
    "costAndExpenses": 312334000,
    "interestIncome": 6795000,
    "interestExpense": 308605000,
    "depreciationAndAmortization": 3731000,
    "ebitda": 1209375000,
    "ebitdaratio": 0.9867825199,
    "operatingIncome": 913240000,
    "operatingIncomeRatio": 0.7451528835,
    "totalOtherIncomeExpensesNet": -16201000,
    "incomeBeforeTax": 897039000,
    "incomeBeforeTaxRatio": 0.7319337714,
    "incomeTaxExpense": 831000,
    "netIncome": 891674000,
    "netIncomeRatio": 0.7275562308,
    "eps": 1.76,
    "epsdiluted": 1.75,
    "weightedAverageShsOut": 506140642,
    "weightedAverageShsOutDil": 510908755,
    "link": "https://www.sec.gov/Archives/edgar/data/1705696/000170569621000030/0001705696-21-000030-index.htm",
    "finalLink": "https://www.sec.gov/Archives/edgar/data/1705696/000170569621000030/vici-20201231.htm"
  },
  {
    "date": "2019-12-31",
    "symbol": "VICI",
    "reportedCurrency": "USD",
    "cik": "0001705696",
    "fillingDate": "2020-02-20",
    "acceptedDate": "2020-02-20 16:28:12",
    "calendarYear": "2019",
    "period": "FY",
    "revenue": 894798000,
    "costOfRevenue": 18901000,
    "grossProfit": 875897000,
    "grossProfitRatio": 0.9788767968,
    "researchAndDevelopmentExpenses": 0,
    "generalAndAdministrativeExpenses": 24569000,
    "sellingAndMarketingExpenses": 0,
    "sellingGeneralAndAdministrativeExpenses": 24569000,
    "otherExpenses": 8829000,
    "operatingExpenses": 33398000,
    "costAndExpenses": 52299000,
    "interestIncome": 20014000,
    "interestExpense": 248384000,
    "depreciationAndAmortization": 3831000,
    "ebitda": 808201000,
    "ebitdaratio": 0.9032217327,
    "operatingIncome": 842499000,
    "operatingIncomeRatio": 0.9415521716,
    "totalOtherIncomeExpensesNet": -286513000,
    "incomeBeforeTax": 555986000,
    "incomeBeforeTaxRatio": 0.6213536463,
    "incomeTaxExpense": 1705000,
    "netIncome": 545964000,
    "netIncomeRatio": 0.610153353,
    "eps": 1.25,
    "epsdiluted": 1.24,
    "weightedAverageShsOut": 435071096,
    "weightedAverageShsOutDil": 439152946,
    "link": "https://www.sec.gov/Archives/edgar/data/1705696/000170569620000048/0001705696-20-000048-index.htm",
    "finalLink": "https://www.sec.gov/Archives/edgar/data/1705696/000170569620000048/vici2019form10-k.htm"
  },
  {
    "date": "2018-12-31",
    "symbol": "VICI",
    "reportedCurrency": "USD",
    "cik": "0001705696",
    "fillingDate": "2019-02-14",
    "acceptedDate": "2019-02-14 16:34:34",
    "calendarYear": "2018",
    "period": "FY",
    "revenue": 897977000,
    "costOfRevenue": 99181000,
    "grossProfit": 798796000,
    "grossProfitRatio": 0.8895506232,
    "researchAndDevelopmentExpenses": 0,
    "generalAndAdministrativeExpenses": 24429000,
    "sellingAndMarketingExpenses": 0,
    "sellingGeneralAndAdministrativeExpenses": 24429000,
    "otherExpenses": 16413000,
    "operatingExpenses": 40842000,
    "costAndExpenses": 140023000,
    "interestIncome": 11307000,
    "interestExpense": 212663000,
    "depreciationAndAmortization": 3686000,
    "ebitda": 749907000,
    "ebitdaratio": 0.8351071353,
    "operatingIncome": 757954000,
    "operatingIncomeRatio": 0.8440683893,
    "totalOtherIncomeExpensesNet": -224396000,
    "incomeBeforeTax": 533558000,
    "incomeBeforeTaxRatio": 0.5941778019,
    "incomeTaxExpense": 1441000,
    "netIncome": 523619000,
    "netIncomeRatio": 0.5831095897,
    "eps": 1.43,
    "epsdiluted": 1.43,
    "weightedAverageShsOut": 367226395,
    "weightedAverageShsOutDil": 367316901,
    "link": "https://www.sec.gov/Archives/edgar/data/1705696/000170569619000064/0001705696-19-000064-index.htm",
    "finalLink": "https://www.sec.gov/Archives/edgar/data/1705696/000170569619000064/vici201810-k.htm"
  },
  {
    "date": "2017-12-31",
    "symbol": "VICI",
    "reportedCurrency": "USD",
    "cik": "0001705696",
    "fillingDate": "2018-03-28",
    "acceptedDate": "2018-03-28 16:01:56",
    "calendarYear": "2017",
    "period": "FY",
    "revenue": 201436000,
    "costOfRevenue": 33768000,
    "grossProfit": 167668000,
    "grossProfitRatio": 0.8323636291,
    "researchAndDevelopmentExpenses": 0,
    "generalAndAdministrativeExpenses": 11280000,
    "sellingAndMarketingExpenses": 0,
    "sellingGeneralAndAdministrativeExpenses": 11280000,
    "otherExpenses": 12192000,
    "operatingExpenses": 23472000,
    "costAndExpenses": 57240000,
    "interestIncome": 282000,
    "interestExpense": 63354000,
    "depreciationAndAmortization": 3153000,
    "ebitda": 109143000,
    "ebitdaratio": 0.5418246987,
    "operatingIncome": 144196000,
    "operatingIncomeRatio": 0.7158402669,
    "totalOtherIncomeExpensesNet": -101560000,
    "incomeBeforeTax": 42636000,
    "incomeBeforeTaxRatio": 0.2116602792,
    "incomeTaxExpense": -1901000,
    "netIncome": 42662000,
    "netIncomeRatio": 0.2117893524,
    "eps": 0.13,
    "epsdiluted": 0.13,
    "weightedAverageShsOut": 327541414,
    "weightedAverageShsOutDil": 327580567,
    "link": "https://www.sec.gov/Archives/edgar/data/1705696/000170569618000015/0001705696-18-000015-index.htm",
    "finalLink": "https://www.sec.gov/Archives/edgar/data/1705696/000170569618000015/viciform10-k2017.htm"
  },
  {
    "date": "2016-12-31",
    "symbol": "VICI",
    "reportedCurrency": "USD",
    "cik": "0001705696",
    "fillingDate": "2016-12-31",
    "acceptedDate": "2016-12-30 19:00:00",
    "calendarYear": "2016",
    "period": "FY",
    "revenue": 18785000,
    "costOfRevenue": 13739000,
    "grossProfit": 5046000,
    "grossProfitRatio": 0.2686185787,
    "researchAndDevelopmentExpenses": 0,
    "generalAndAdministrativeExpenses": 1891000,
    "sellingAndMarketingExpenses": 0,
    "sellingGeneralAndAdministrativeExpenses": 2009000,
    "otherExpenses": 3030000,
    "operatingExpenses": 5039000,
    "costAndExpenses": 18778000,
    "interestIncome": 0,
    "interestExpense": 7000,
    "depreciationAndAmortization": 3030000,
    "ebitda": 3037000,
    "ebitdaratio": 0.1616715464,
    "operatingIncome": 7000,
    "operatingIncomeRatio": 0.0003726377,
    "totalOtherIncomeExpensesNet": -7000,
    "incomeBeforeTax": 3037000,
    "incomeBeforeTaxRatio": 0.1616715464,
    "incomeTaxExpense": 7000,
    "netIncome": 3030000,
    "netIncomeRatio": 0.1612989087,
    "eps": 0.0084,
    "epsdiluted": 0.0084,
    "weightedAverageShsOut": 360778938,
    "weightedAverageShsOutDil": 360778938,
    "link": "",
    "finalLink": ""
  },
  {
    "date": "2015-12-31",
    "symbol": "VICI",
    "reportedCurrency": "USD",
    "cik": "0001705696",
    "fillingDate": "2015-12-31",
    "acceptedDate": "2015-12-30 19:00:00",
    "calendarYear": "2015",
    "period": "FY",
    "revenue": 18077000,
    "costOfRevenue": 13417000,
    "grossProfit": 4660000,
    "grossProfitRatio": 0.2577861371,
    "researchAndDevelopmentExpenses": 0,
    "generalAndAdministrativeExpenses": 1686000,
    "sellingAndMarketingExpenses": 0,
    "sellingGeneralAndAdministrativeExpenses": 1760000,
    "otherExpenses": 2882000,
    "operatingExpenses": 4642000,
    "costAndExpenses": 18059000,
    "interestIncome": 0,
    "interestExpense": 18000,
    "depreciationAndAmortization": 2882000,
    "ebitda": 2900000,
    "ebitdaratio": 0.1604248493,
    "operatingIncome": 18000,
    "operatingIncomeRatio": 0.0009957404,
    "totalOtherIncomeExpensesNet": -18000,
    "incomeBeforeTax": 0,
    "incomeBeforeTaxRatio": 0,
    "incomeTaxExpense": -3000,
    "netIncome": 3000,
    "netIncomeRatio": 0.0001659567,
    "eps": 0.0000083153,
    "epsdiluted": 0.0000083153,
    "weightedAverageShsOut": 360778938,
    "weightedAverageShsOutDil": 360778938,
    "link": "",
    "finalLink": ""
  },
  {
    "date": "2014-12-31",
    "symbol": "VICI",
    "reportedCurrency": "USD",
    "cik": "0001705696",
    "fillingDate": "2014-12-31",
    "acceptedDate": "2014-12-30 19:00:00",
    "calendarYear": "2014",
    "period": "FY",
    "revenue": 18908000,
    "costOfRevenue": 14067000,
    "grossProfit": 4841000,
    "grossProfitRatio": 0.256029194,
    "researchAndDevelopmentExpenses": 0,
    "generalAndAdministrativeExpenses": 1808000,
    "sellingAndMarketingExpenses": 0,
    "sellingGeneralAndAdministrativeExpenses": 1898000,
    "otherExpenses": 2904000,
    "operatingExpenses": 4802000,
    "costAndExpenses": 18869000,
    "interestIncome": 0,
    "interestExpense": 39000,
    "depreciationAndAmortization": 2904000,
    "ebitda": 2943000,
    "ebitdaratio": 0.1556484028,
    "operatingIncome": 39000,
    "operatingIncomeRatio": 0.002062619,
    "totalOtherIncomeExpensesNet": -39000,
    "incomeBeforeTax": 0,
    "incomeBeforeTaxRatio": 0,
    "incomeTaxExpense": -4000,
    "netIncome": 4000,
    "netIncomeRatio": 0.0002115507,
    "eps": 0.0000110871,
    "epsdiluted": 0.0000110871,
    "weightedAverageShsOut": 360778938,
    "weightedAverageShsOutDil": 360778938,
    "link": "",
    "finalLink": ""
  }
]