[
  {
    "date": "2025-06-30",
    "symbol": "VLO",
    "reportedCurrency": "USD",
    "cik": "0001035002",
    "fillingDate": "2025-07-24",
    "acceptedDate": "2025-07-24 12:18:50",
    "calendarYear": "2025",
    "period": "Q2",
    "revenue": 29889000000,
    "costOfRevenue": 28668000000,
    "grossProfit": 1221000000,
    "grossProfitRatio": 0.0408511493,
    "researchAndDevelopmentExpenses": 0,
    "generalAndAdministrativeExpenses": 220000000,
    "sellingAndMarketingExpenses": 0,
    "sellingGeneralAndAdministrativeExpenses": 220000000,
    "otherExpenses": 4000000,
    "operatingExpenses": 224000000,
    "costAndExpenses": 28892000000,
    "interestIncome": 0,
    "interestExpense": 141000000,
    "depreciationAndAmortization": 814000000,
    "ebitda": 1897000000,
    "ebitdaratio": 0.0634681655,
    "operatingIncome": 997000000,
    "operatingIncomeRatio": 0.0333567533,
    "totalOtherIncomeExpensesNet": -55000000,
    "incomeBeforeTax": 942000000,
    "incomeBeforeTaxRatio": 0.0315166115,
    "incomeTaxExpense": 279000000,
    "netIncome": 714000000,
    "netIncomeRatio": 0.023888387,
    "eps": 2.28,
    "epsdiluted": 2.28,
    "weightedAverageShsOut": 312000000,
    "weightedAverageShsOutDil": 312000000,
    "link": "https://www.sec.gov/Archives/edgar/data/1035002/000103500225000061/0001035002-25-000061-index.htm",
    "finalLink": "https://www.sec.gov/Archives/edgar/data/1035002/000103500225000061/vlo-20250630.htm"
  },
  {
    "date": "2025-03-31",
    "symbol": "VLO",
    "reportedCurrency": "USD",
    "cik": "0001035002",
    "fillingDate": "2025-04-24",
    "acceptedDate": "2025-04-24 11:55:24",
    "calendarYear": "2025",
    "period": "Q1",
    "revenue": 30258000000,
    "costOfRevenue": 29762000000,
    "grossProfit": 496000000,
    "grossProfitRatio": 0.016392359,
    "researchAndDevelopmentExpenses": 0,
    "generalAndAdministrativeExpenses": 261000000,
    "sellingAndMarketingExpenses": 0,
    "sellingGeneralAndAdministrativeExpenses": 261000000,
    "otherExpenses": 1135000000,
    "operatingExpenses": 1396000000,
    "costAndExpenses": 31158000000,
    "interestIncome": 0,
    "interestExpense": 137000000,
    "depreciationAndAmortization": 691000000,
    "ebitda": -89000000,
    "ebitdaratio": -0.0029413709,
    "operatingIncome": -900000000,
    "operatingIncomeRatio": -0.0297441999,
    "totalOtherIncomeExpensesNet": -17000000,
    "incomeBeforeTax": -917000000,
    "incomeBeforeTaxRatio": -0.0303060348,
    "incomeTaxExpense": -265000000,
    "netIncome": -595000000,
    "netIncomeRatio": -0.019664221,
    "eps": -1.9,
    "epsdiluted": -1.9,
    "weightedAverageShsOut": 314000000,
    "weightedAverageShsOutDil": 314000000,
    "link": "https://www.sec.gov/Archives/edgar/data/1035002/000103500225000017/0001035002-25-000017-index.htm",
    "finalLink": "https://www.sec.gov/Archives/edgar/data/1035002/000103500225000017/vlo-20250331.htm"
  },
  {
    "date": "2024-12-31",
    "symbol": "VLO",
    "reportedCurrency": "USD",
    "cik": "0001035002",
    "fillingDate": "2025-02-26",
    "acceptedDate": "2025-02-26 14:47:52",
    "calendarYear": "2024",
    "period": "Q4",
    "revenue": 30756000000,
    "costOfRevenue": 30138000000,
    "grossProfit": 618000000,
    "grossProfitRatio": 0.0200936403,
    "researchAndDevelopmentExpenses": 0,
    "generalAndAdministrativeExpenses": 266000000,
    "sellingAndMarketingExpenses": 0,
    "sellingGeneralAndAdministrativeExpenses": 266000000,
    "otherExpenses": 4000000,
    "operatingExpenses": 270000000,
    "costAndExpenses": 30408000000,
    "interestIncome": 0,
    "interestExpense": 135000000,
    "depreciationAndAmortization": 698000000,
    "ebitda": 1156000000,
    "ebitdaratio": 0.037586162,
    "operatingIncome": 348000000,
    "operatingIncomeRatio": 0.0113148654,
    "totalOtherIncomeExpensesNet": -25000000,
    "incomeBeforeTax": 323000000,
    "incomeBeforeTaxRatio": 0.0105020159,
    "incomeTaxExpense": -34000000,
    "netIncome": 281000000,
    "netIncomeRatio": 0.0091364287,
    "eps": 0.89,
    "epsdiluted": 0.89,
    "weightedAverageShsOut": 315000000,
    "weightedAverageShsOutDil": 316000000,
    "link": "https://www.sec.gov/Archives/edgar/data/1035002/000103500225000005/0001035002-25-000005-index.htm",
    "finalLink": "https://www.sec.gov/Archives/edgar/data/1035002/000103500225000005/vlo-20241231.htm"
  },
  {
    "date": "2024-09-30",
    "symbol": "VLO",
    "reportedCurrency": "USD",
    "cik": "0001035002",
    "fillingDate": "2024-10-30",
    "acceptedDate": "2024-10-29 19:20:29",
    "calendarYear": "2024",
    "period": "Q3",
    "revenue": 32876000000,
    "costOfRevenue": 32132000000,
    "grossProfit": 744000000,
    "grossProfitRatio": 0.0226304903,
    "researchAndDevelopmentExpenses": 0,
    "generalAndAdministrativeExpenses": 234000000,
    "sellingAndMarketingExpenses": 0,
    "sellingGeneralAndAdministrativeExpenses": 234000000,
    "otherExpenses": 3000000,
    "operatingExpenses": 237000000,
    "costAndExpenses": 32369000000,
    "interestIncome": 0,
    "interestExpense": 141000000,
    "depreciationAndAmortization": 685000000,
    "ebitda": 1315000000,
    "ebitdaratio": 0.0399987833,
    "operatingIncome": 507000000,
    "operatingIncomeRatio": 0.0154215841,
    "totalOtherIncomeExpensesNet": -18000000,
    "incomeBeforeTax": 489000000,
    "incomeBeforeTaxRatio": 0.0148740723,
    "incomeTaxExpense": 96000000,
    "netIncome": 364000000,
    "netIncomeRatio": 0.0110719066,
    "eps": 1.14,
    "epsdiluted": 1.14,
    "weightedAverageShsOut": 318000000,
    "weightedAverageShsOutDil": 318000000,
    "link": "https://www.sec.gov/Archives/edgar/data/1035002/000103500224000056/0001035002-24-000056-index.htm",
    "finalLink": "https://www.sec.gov/Archives/edgar/data/1035002/000103500224000056/vlo-20240930.htm"
  },
  {
    "date": "2024-06-30",
    "symbol": "VLO",
    "reportedCurrency": "USD",
    "cik": "0001035002",
    "fillingDate": "2024-07-25",
    "acceptedDate": "2024-07-25 17:02:48",
    "calendarYear": "2024",
    "period": "Q2",
    "revenue": 34490000000,
    "costOfRevenue": 33063000000,
    "grossProfit": 1427000000,
    "grossProfitRatio": 0.0413743114,
    "researchAndDevelopmentExpenses": 0,
    "generalAndAdministrativeExpenses": 203000000,
    "sellingAndMarketingExpenses": 0,
    "sellingGeneralAndAdministrativeExpenses": 203000000,
    "otherExpenses": 3000000,
    "operatingExpenses": 206000000,
    "costAndExpenses": 33269000000,
    "interestIncome": 0,
    "interestExpense": 140000000,
    "depreciationAndAmortization": 696000000,
    "ebitda": 2039000000,
    "ebitdaratio": 0.0591185851,
    "operatingIncome": 1221000000,
    "operatingIncomeRatio": 0.0354015657,
    "totalOtherIncomeExpensesNet": -18000000,
    "incomeBeforeTax": 1203000000,
    "incomeBeforeTaxRatio": 0.0348796753,
    "incomeTaxExpense": 277000000,
    "netIncome": 880000000,
    "netIncomeRatio": 0.0255146419,
    "eps": 2.71,
    "epsdiluted": 2.71,
    "weightedAverageShsOut": 324000000,
    "weightedAverageShsOutDil": 324000000,
    "link": "https://www.sec.gov/Archives/edgar/data/1035002/000103500224000051/0001035002-24-000051-index.htm",
    "finalLink": "https://www.sec.gov/Archives/edgar/data/1035002/000103500224000051/vlo-20240630.htm"
  },
  {
    "date": "2024-03-31",
    "symbol": "VLO",
    "reportedCurrency": "USD",
    "cik": "0001035002",
    "fillingDate": "2024-04-25",
    "acceptedDate": "2024-04-25 16:39:26",
    "calendarYear": "2024",
    "period": "Q1",
    "revenue": 31759000000,
    "costOfRevenue": 29788000000,
    "grossProfit": 1971000000,
    "grossProfitRatio": 0.062061148,
    "researchAndDevelopmentExpenses": 0,
    "generalAndAdministrativeExpenses": 258000000,
    "sellingAndMarketingExpenses": 0,
    "sellingGeneralAndAdministrativeExpenses": 258000000,
    "otherExpenses": 34000000,
    "operatingExpenses": 292000000,
    "costAndExpenses": 30080000000,
    "interestIncome": 0,
    "interestExpense": 140000000,
    "depreciationAndAmortization": 695000000,
    "ebitda": 2518000000,
    "ebitdaratio": 0.0792846122,
    "operatingIncome": 1679000000,
    "operatingIncomeRatio": 0.0528669039,
    "totalOtherIncomeExpensesNet": 4000000,
    "incomeBeforeTax": 1683000000,
    "incomeBeforeTaxRatio": 0.0529928524,
    "incomeTaxExpense": 353000000,
    "netIncome": 1245000000,
    "netIncomeRatio": 0.0392014862,
    "eps": 3.75,
    "epsdiluted": 3.75,
    "weightedAverageShsOut": 331000000,
    "weightedAverageShsOutDil": 331000000,
    "link": "https://www.sec.gov/Archives/edgar/data/1035002/000103500224000022/0001035002-24-000022-index.htm",
    "finalLink": "https://www.sec.gov/Archives/edgar/data/1035002/000103500224000022/vlo-20240331.htm"
  },
  {
    "date": "2023-12-31",
    "symbol": "VLO",
    "reportedCurrency": "USD",
    "cik": "0001035002",
    "fillingDate": "2024-02-22",
    "acceptedDate": "2024-02-22 14:17:34",
    "calendarYear": "2023",
    "period": "Q4",
    "revenue": 35414000000,
    "costOfRevenue": 33551000000,
    "grossProfit": 1863000000,
    "grossProfitRatio": 0.0526063139,
    "researchAndDevelopmentExpenses": 0,
    "generalAndAdministrativeExpenses": 295000000,
    "sellingAndMarketingExpenses": 0,
    "sellingGeneralAndAdministrativeExpenses": 295000000,
    "otherExpenses": 15000000,
    "operatingExpenses": 310000000,
    "costAndExpenses": 33861000000,
    "interestIncome": 96000000,
    "interestExpense": 149000000,
    "depreciationAndAmortization": 690000000,
    "ebitda": 2265000000,
    "ebitdaratio": 0.0639577568,
    "operatingIncome": 1553000000,
    "operatingIncomeRatio": 0.0438527136,
    "totalOtherIncomeExpensesNet": -4000000,
    "incomeBeforeTax": 1549000000,
    "incomeBeforeTaxRatio": 0.0437397639,
    "incomeTaxExpense": 331000000,
    "netIncome": 1202000000,
    "netIncomeRatio": 0.0339413791,
    "eps": 3.56,
    "epsdiluted": 3.55,
    "weightedAverageShsOut": 337000000,
    "weightedAverageShsOutDil": 338000000,
    "link": "https://www.sec.gov/Archives/edgar/data/1035002/000103500224000007/0001035002-24-000007-index.htm",
    "finalLink": "https://www.sec.gov/Archives/edgar/data/1035002/000103500224000007/vlo-20231231.htm"
  },
  {
    "date": "2023-09-30",
    "symbol": "VLO",
    "reportedCurrency": "USD",
    "cik": "0001035002",
    "fillingDate": "2023-10-26",
    "acceptedDate": "2023-10-26 16:23:47",
    "calendarYear": "2023",
    "period": "Q3",
    "revenue": 38404000000,
    "costOfRevenue": 34645000000,
    "grossProfit": 3759000000,
    "grossProfitRatio": 0.0978804291,
    "researchAndDevelopmentExpenses": 0,
    "generalAndAdministrativeExpenses": 250000000,
    "sellingAndMarketingExpenses": 0,
    "sellingGeneralAndAdministrativeExpenses": 250000000,
    "otherExpenses": 6000000,
    "operatingExpenses": 256000000,
    "costAndExpenses": 34901000000,
    "interestIncome": 74000000,
    "interestExpense": 149000000,
    "depreciationAndAmortization": 682000000,
    "ebitda": 4211000000,
    "ebitdaratio": 0.1096500365,
    "operatingIncome": 3503000000,
    "operatingIncomeRatio": 0.0912144568,
    "totalOtherIncomeExpensesNet": -27000000,
    "incomeBeforeTax": 3476000000,
    "incomeBeforeTaxRatio": 0.0905114051,
    "incomeTaxExpense": 813000000,
    "netIncome": 2622000000,
    "netIncomeRatio": 0.0682741381,
    "eps": 7.49,
    "epsdiluted": 7.49,
    "weightedAverageShsOut": 349000000,
    "weightedAverageShsOutDil": 349000000,
    "link": "https://www.sec.gov/Archives/edgar/data/1035002/000103500223000110/0001035002-23-000110-index.htm",
    "finalLink": "https://www.sec.gov/Archives/edgar/data/1035002/000103500223000110/vlo-20230930.htm"
  },
  {
    "date": "2023-06-30",
    "symbol": "VLO",
    "reportedCurrency": "USD",
    "cik": "0001035002",
    "fillingDate": "2023-07-27",
    "acceptedDate": "2023-07-27 16:14:04",
    "calendarYear": "2023",
    "period": "Q2",
    "revenue": 34509000000,
    "costOfRevenue": 31539000000,
    "grossProfit": 2970000000,
    "grossProfitRatio": 0.0860645049,
    "researchAndDevelopmentExpenses": 0,
    "generalAndAdministrativeExpenses": 209000000,
    "sellingAndMarketingExpenses": 0,
    "sellingGeneralAndAdministrativeExpenses": 209000000,
    "otherExpenses": 2000000,
    "operatingExpenses": 211000000,
    "costAndExpenses": 31750000000,
    "interestIncome": 62000000,
    "interestExpense": 148000000,
    "depreciationAndAmortization": 669000000,
    "ebitda": 3454000000,
    "ebitdaratio": 0.1000898316,
    "operatingIncome": 2759000000,
    "operatingIncomeRatio": 0.0799501579,
    "totalOtherIncomeExpensesNet": -42000000,
    "incomeBeforeTax": 2717000000,
    "incomeBeforeTaxRatio": 0.0787330841,
    "incomeTaxExpense": 595000000,
    "netIncome": 1944000000,
    "netIncomeRatio": 0.0563331305,
    "eps": 5.41,
    "epsdiluted": 5.41,
    "weightedAverageShsOut": 358000000,
    "weightedAverageShsOutDil": 358000000,
    "link": "https://www.sec.gov/Archives/edgar/data/1035002/000103500223000103/0001035002-23-000103-index.htm",
    "finalLink": "https://www.sec.gov/Archives/edgar/data/1035002/000103500223000103/vlo-20230630.htm"
  },
  {
    "date": "2023-03-31",
    "symbol": "VLO",
    "reportedCurrency": "USD",
    "cik": "0001035002",
    "fillingDate": "2023-04-27",
    "acceptedDate": "2023-04-27 16:16:32",
    "calendarYear": "2023",
    "period": "Q1",
    "revenue": 36439000000,
    "costOfRevenue": 32142000000,
    "grossProfit": 4297000000,
    "grossProfitRatio": 0.1179231044,
    "researchAndDevelopmentExpenses": 0,
    "generalAndAdministrativeExpenses": 244000000,
    "sellingAndMarketingExpenses": 0,
    "sellingGeneralAndAdministrativeExpenses": 244000000,
    "otherExpenses": 10000000,
    "operatingExpenses": 254000000,
    "costAndExpenses": 32396000000,
    "interestIncome": 0,
    "interestExpense": 146000000,
    "depreciationAndAmortization": 660000000,
    "ebitda": 4727000000,
    "ebitdaratio": 0.1297236477,
    "operatingIncome": 4043000000,
    "operatingIncomeRatio": 0.1109525508,
    "totalOtherIncomeExpensesNet": -17000000,
    "incomeBeforeTax": 4026000000,
    "incomeBeforeTaxRatio": 0.1104860177,
    "incomeTaxExpense": 880000000,
    "netIncome": 3067000000,
    "netIncomeRatio": 0.0841680617,
    "eps": 8.28,
    "epsdiluted": 8.28,
    "weightedAverageShsOut": 369000000,
    "weightedAverageShsOutDil": 369000000,
    "link": "https://www.sec.gov/Archives/edgar/data/1035002/000103500223000054/0001035002-23-000054-index.htm",
    "finalLink": "https://www.sec.gov/Archives/edgar/data/1035002/000103500223000054/vlo-20230331.htm"
  },
  {
    "date": "2022-12-31",
    "symbol": "VLO",
    "reportedCurrency": "USD",
    "cik": "0001035002",
    "fillingDate": "2023-02-23",
    "acceptedDate": "2023-02-23 14:28:38",
    "calendarYear": "2022",
    "period": "Q4",
    "revenue": 41746000000,
    "costOfRevenue": 37082000000,
    "grossProfit": 4664000000,
    "grossProfitRatio": 0.1117232789,
    "researchAndDevelopmentExpenses": 0,
    "generalAndAdministrativeExpenses": 340000000,
    "sellingAndMarketingExpenses": 0,
    "sellingGeneralAndAdministrativeExpenses": 340000000,
    "otherExpenses": 29000000,
    "operatingExpenses": 369000000,
    "costAndExpenses": 37451000000,
    "interestIncome": 0,
    "interestExpense": 137000000,
    "depreciationAndAmortization": 633000000,
    "ebitda": 5020000000,
    "ebitdaratio": 0.120251042,
    "operatingIncome": 4295000000,
    "operatingIncomeRatio": 0.1028841087,
    "totalOtherIncomeExpensesNet": -45000000,
    "incomeBeforeTax": 4250000000,
    "incomeBeforeTaxRatio": 0.1018061611,
    "incomeTaxExpense": 1018000000,
    "netIncome": 3113000000,
    "netIncomeRatio": 0.0745700187,
    "eps": 8.16,
    "epsdiluted": 8.14,
    "weightedAverageShsOut": 380000000,
    "weightedAverageShsOutDil": 381000000,
    "link": "https://www.sec.gov/Archives/edgar/data/1035002/000103500223000027/0001035002-23-000027-index.htm",
    "finalLink": "https://www.sec.gov/Archives/edgar/data/1035002/000103500223000027/vlo-20221231.htm"
  },
  {
    "date": "2022-09-30",
    "symbol": "VLO",
    "reportedCurrency": "USD",
    "cik": "0001035002",
    "fillingDate": "2022-10-26",
    "acceptedDate": "2022-10-26 17:09:18",
    "calendarYear": "2022",
    "period": "Q3",
    "revenue": 44454000000,
    "costOfRevenue": 40442000000,
    "grossProfit": 4012000000,
    "grossProfitRatio": 0.0902505961,
    "researchAndDevelopmentExpenses": 0,
    "generalAndAdministrativeExpenses": 214000000,
    "sellingAndMarketingExpenses": 0,
    "sellingGeneralAndAdministrativeExpenses": 214000000,
    "otherExpenses": 6000000,
    "operatingExpenses": 220000000,
    "costAndExpenses": 40662000000,
    "interestIncome": 36000000,
    "interestExpense": 138000000,
    "depreciationAndAmortization": 632000000,
    "ebitda": 4428000000,
    "ebitdaratio": 0.0996085842,
    "operatingIncome": 3792000000,
    "operatingIncomeRatio": 0.0853016601,
    "totalOtherIncomeExpensesNet": -64000000,
    "incomeBeforeTax": 3728000000,
    "incomeBeforeTaxRatio": 0.0838619697,
    "incomeTaxExpense": 816000000,
    "netIncome": 2817000000,
    "netIncomeRatio": 0.0633688757,
    "eps": 7.22,
    "epsdiluted": 7.22,
    "weightedAverageShsOut": 390000000,
    "weightedAverageShsOutDil": 390000000,
    "link": "https://www.sec.gov/Archives/edgar/data/1035002/000103500222000049/0001035002-22-000049-index.htm",
    "finalLink": "https://www.sec.gov/Archives/edgar/data/1035002/000103500222000049/vlo-20220930.htm"
  },
  {
    "date": "2022-06-30",
    "symbol": "VLO",
    "reportedCurrency": "USD",
    "cik": "0001035002",
    "fillingDate": "2022-07-28",
    "acceptedDate": "2022-07-28 15:19:01",
    "calendarYear": "2022",
    "period": "Q2",
    "revenue": 51641000000,
    "costOfRevenue": 45174000000,
    "grossProfit": 6467000000,
    "grossProfitRatio": 0.1252299529,
    "researchAndDevelopmentExpenses": 0,
    "generalAndAdministrativeExpenses": 233000000,
    "sellingAndMarketingExpenses": 0,
    "sellingGeneralAndAdministrativeExpenses": 233000000,
    "otherExpenses": 15000000,
    "operatingExpenses": 248000000,
    "costAndExpenses": 45422000000,
    "interestIncome": 10000000,
    "interestExpense": 142000000,
    "depreciationAndAmortization": 602000000,
    "ebitda": 6854000000,
    "ebitdaratio": 0.1327239984,
    "operatingIncome": 6219000000,
    "operatingIncomeRatio": 0.1204275672,
    "totalOtherIncomeExpensesNet": -109000000,
    "incomeBeforeTax": 6110000000,
    "incomeBeforeTaxRatio": 0.1183168413,
    "incomeTaxExpense": 1342000000,
    "netIncome": 4693000000,
    "netIncomeRatio": 0.0908774036,
    "eps": 11.62,
    "epsdiluted": 11.62,
    "weightedAverageShsOut": 404000000,
    "weightedAverageShsOutDil": 404000000,
    "link": "https://www.sec.gov/Archives/edgar/data/1035002/000103500222000044/0001035002-22-000044-index.htm",
    "finalLink": "https://www.sec.gov/Archives/edgar/data/1035002/000103500222000044/vlo-20220630.htm"
  },
  {
    "date": "2022-03-31",
    "symbol": "VLO",
    "reportedCurrency": "USD",
    "cik": "0001035002",
    "fillingDate": "2022-04-28",
    "acceptedDate": "2022-04-27 18:41:30",
    "calendarYear": "2022",
    "period": "Q1",
    "revenue": 38542000000,
    "costOfRevenue": 36934000000,
    "grossProfit": 1608000000,
    "grossProfitRatio": 0.0417207203,
    "researchAndDevelopmentExpenses": 0,
    "generalAndAdministrativeExpenses": 205000000,
    "sellingAndMarketingExpenses": 0,
    "sellingGeneralAndAdministrativeExpenses": 205000000,
    "otherExpenses": 19000000,
    "operatingExpenses": 224000000,
    "costAndExpenses": 37158000000,
    "interestIncome": 0,
    "interestExpense": 145000000,
    "depreciationAndAmortization": 606000000,
    "ebitda": 1970000000,
    "ebitdaratio": 0.0511130715,
    "operatingIncome": 1384000000,
    "operatingIncomeRatio": 0.0359088786,
    "totalOtherIncomeExpensesNet": -165000000,
    "incomeBeforeTax": 1219000000,
    "incomeBeforeTaxRatio": 0.0316278346,
    "incomeTaxExpense": 252000000,
    "netIncome": 905000000,
    "netIncomeRatio": 0.023480878,
    "eps": 2.22,
    "epsdiluted": 2.22,
    "weightedAverageShsOut": 408000000,
    "weightedAverageShsOutDil": 408000000,
    "link": "https://www.sec.gov/Archives/edgar/data/1035002/000103500222000024/0001035002-22-000024-index.htm",
    "finalLink": "https://www.sec.gov/Archives/edgar/data/1035002/000103500222000024/vlo-20220331.htm"
  },
  {
    "date": "2021-12-31",
    "symbol": "VLO",
    "reportedCurrency": "USD",
    "cik": "0001035002",
    "fillingDate": "2022-02-22",
    "acceptedDate": "2022-02-22 14:55:26",
    "calendarYear": "2021",
    "period": "Q4",
    "revenue": 35903000000,
    "costOfRevenue": 34005000000,
    "grossProfit": 1898000000,
    "grossProfitRatio": 0.0528646631,
    "researchAndDevelopmentExpenses": 0,
    "generalAndAdministrativeExpenses": 286000000,
    "sellingAndMarketingExpenses": 0,
    "sellingGeneralAndAdministrativeExpenses": 286000000,
    "otherExpenses": 18000000,
    "operatingExpenses": 304000000,
    "costAndExpenses": 34309000000,
    "interestIncome": 0,
    "interestExpense": 152000000,
    "depreciationAndAmortization": 598000000,
    "ebitda": 2029000000,
    "ebitdaratio": 0.0565133833,
    "operatingIncome": 1594000000,
    "operatingIncomeRatio": 0.0443974041,
    "totalOtherIncomeExpensesNet": -315000000,
    "incomeBeforeTax": 1279000000,
    "incomeBeforeTaxRatio": 0.035623764,
    "incomeTaxExpense": 169000000,
    "netIncome": 1009000000,
    "netIncomeRatio": 0.0281035011,
    "eps": 2.47,
    "epsdiluted": 2.46,
    "weightedAverageShsOut": 407000000,
    "weightedAverageShsOutDil": 408000000,
    "link": "https://www.sec.gov/Archives/edgar/data/1035002/000103500222000007/0001035002-22-000007-index.htm",
    "finalLink": "https://www.sec.gov/Archives/edgar/data/1035002/000103500222000007/vlo-20211231.htm"
  },
  {
    "date": "2021-09-30",
    "symbol": "VLO",
    "reportedCurrency": "USD",
    "cik": "0001035002",
    "fillingDate": "2021-10-27",
    "acceptedDate": "2021-10-27 17:14:39",
    "calendarYear": "2021",
    "period": "Q3",
    "revenue": 29520000000,
    "costOfRevenue": 28613000000,
    "grossProfit": 907000000,
    "grossProfitRatio": 0.0307249322,
    "researchAndDevelopmentExpenses": 0,
    "generalAndAdministrativeExpenses": 195000000,
    "sellingAndMarketingExpenses": 0,
    "sellingGeneralAndAdministrativeExpenses": 195000000,
    "otherExpenses": 19000000,
    "operatingExpenses": 214000000,
    "costAndExpenses": 28827000000,
    "interestIncome": 0,
    "interestExpense": 152000000,
    "depreciationAndAmortization": 641000000,
    "ebitda": 1395000000,
    "ebitdaratio": 0.0472560976,
    "operatingIncome": 693000000,
    "operatingIncomeRatio": 0.0234756098,
    "totalOtherIncomeExpensesNet": -120000000,
    "incomeBeforeTax": 573000000,
    "incomeBeforeTaxRatio": 0.0194105691,
    "incomeTaxExpense": 65000000,
    "netIncome": 463000000,
    "netIncomeRatio": 0.0156842818,
    "eps": 1.13,
    "epsdiluted": 1.13,
    "weightedAverageShsOut": 407000000,
    "weightedAverageShsOutDil": 408000000,
    "link": "https://www.sec.gov/Archives/edgar/data/1035002/000103500221000118/0001035002-21-000118-index.htm",
    "finalLink": "https://www.sec.gov/Archives/edgar/data/1035002/000103500221000118/vlo-20210930.htm"
  },
  {
    "date": "2021-06-30",
    "symbol": "VLO",
    "reportedCurrency": "USD",
    "cik": "0001035002",
    "fillingDate": "2021-07-29",
    "acceptedDate": "2021-07-29 15:48:32",
    "calendarYear": "2021",
    "period": "Q2",
    "revenue": 27748000000,
    "costOfRevenue": 27051000000,
    "grossProfit": 697000000,
    "grossProfitRatio": 0.0251189275,
    "researchAndDevelopmentExpenses": 0,
    "generalAndAdministrativeExpenses": 176000000,
    "sellingAndMarketingExpenses": 0,
    "sellingGeneralAndAdministrativeExpenses": 176000000,
    "otherExpenses": 12000000,
    "operatingExpenses": 188000000,
    "costAndExpenses": 27239000000,
    "interestIncome": 0,
    "interestExpense": 150000000,
    "depreciationAndAmortization": 588000000,
    "ebitda": 1199000000,
    "ebitdaratio": 0.0432103215,
    "operatingIncome": 509000000,
    "operatingIncomeRatio": 0.0183436644,
    "totalOtherIncomeExpensesNet": -48000000,
    "incomeBeforeTax": 461000000,
    "incomeBeforeTaxRatio": 0.01661381,
    "incomeTaxExpense": 169000000,
    "netIncome": 162000000,
    "netIncomeRatio": 0.0058382586,
    "eps": 0.39,
    "epsdiluted": 0.39,
    "weightedAverageShsOut": 407000000,
    "weightedAverageShsOutDil": 407000000,
    "link": "https://www.sec.gov/Archives/edgar/data/1035002/000103500221000102/0001035002-21-000102-index.htm",
    "finalLink": "https://www.sec.gov/Archives/edgar/data/1035002/000103500221000102/vlo-20210630.htm"
  },
  {
    "date": "2021-03-31",
    "symbol": "VLO",
    "reportedCurrency": "USD",
    "cik": "0001035002",
    "fillingDate": "2021-04-30",
    "acceptedDate": "2021-04-30 11:21:31",
    "calendarYear": "2021",
    "period": "Q1",
    "revenue": 20806000000,
    "costOfRevenue": 21226000000,
    "grossProfit": -420000000,
    "grossProfitRatio": -0.0201864847,
    "researchAndDevelopmentExpenses": 0,
    "generalAndAdministrativeExpenses": 208000000,
    "sellingAndMarketingExpenses": 0,
    "sellingGeneralAndAdministrativeExpenses": 208000000,
    "otherExpenses": 38000000,
    "operatingExpenses": 246000000,
    "costAndExpenses": 21472000000,
    "interestIncome": 0,
    "interestExpense": 149000000,
    "depreciationAndAmortization": 578000000,
    "ebitda": -43000000,
    "ebitdaratio": -0.0020667115,
    "operatingIncome": -666000000,
    "operatingIncomeRatio": -0.0320099971,
    "totalOtherIncomeExpensesNet": -104000000,
    "incomeBeforeTax": -770000000,
    "incomeBeforeTaxRatio": -0.0370085552,
    "incomeTaxExpense": -148000000,
    "netIncome": -704000000,
    "netIncomeRatio": -0.0338363933,
    "eps": -1.73,
    "epsdiluted": -1.73,
    "weightedAverageShsOut": 407000000,
    "weightedAverageShsOutDil": 407000000,
    "link": "https://www.sec.gov/Archives/edgar/data/1035002/000103500221000068/0001035002-21-000068-index.htm",
    "finalLink": "https://www.sec.gov/Archives/edgar/data/1035002/000103500221000068/vlo-20210331.htm"
  },
  {
    "date": "2020-12-31",
    "symbol": "VLO",
    "reportedCurrency": "USD",
    "cik": "0001035002",
    "fillingDate": "2021-02-23",
    "acceptedDate": "2021-02-23 15:43:21",
    "calendarYear": "2020",
    "period": "Q4",
    "revenue": 16604000000,
    "costOfRevenue": 16845000000,
    "grossProfit": -241000000,
    "grossProfitRatio": -0.0145145748,
    "researchAndDevelopmentExpenses": 0,
    "generalAndAdministrativeExpenses": 224000000,
    "sellingAndMarketingExpenses": 0,
    "sellingGeneralAndAdministrativeExpenses": 224000000,
    "otherExpenses": 5000000,
    "operatingExpenses": 229000000,
    "costAndExpenses": 17074000000,
    "interestIncome": 0,
    "interestExpense": 153000000,
    "depreciationAndAmortization": 577000000,
    "ebitda": 132000000,
    "ebitdaratio": 0.0079498916,
    "operatingIncome": -470000000,
    "operatingIncomeRatio": -0.0283064322,
    "totalOtherIncomeExpensesNet": -128000000,
    "incomeBeforeTax": -598000000,
    "incomeBeforeTaxRatio": -0.036015418,
    "incomeTaxExpense": -289000000,
    "netIncome": -359000000,
    "netIncomeRatio": -0.0216212961,
    "eps": -0.88,
    "epsdiluted": -0.88,
    "weightedAverageShsOut": 407000000,
    "weightedAverageShsOutDil": 407000000,
    "link": "https://www.sec.gov/Archives/edgar/data/1035002/000103500221000051/0001035002-21-000051-index.htm",
    "finalLink": "https://www.sec.gov/Archives/edgar/data/1035002/000103500221000051/vlo-20201231.htm"
  },
  {
    "date": "2020-09-30",
    "symbol": "VLO",
    "reportedCurrency": "USD",
    "cik": "0001035002",
    "fillingDate": "2020-10-28",
    "acceptedDate": "2020-10-28 16:23:27",
    "calendarYear": "2020",
    "period": "Q3",
    "revenue": 15809000000,
    "costOfRevenue": 16219000000,
    "grossProfit": -410000000,
    "grossProfitRatio": -0.0259345942,
    "researchAndDevelopmentExpenses": 0,
    "generalAndAdministrativeExpenses": 186000000,
    "sellingAndMarketingExpenses": 0,
    "sellingGeneralAndAdministrativeExpenses": 186000000,
    "otherExpenses": 25000000,
    "operatingExpenses": 211000000,
    "costAndExpenses": 16430000000,
    "interestIncome": 0,
    "interestExpense": 143000000,
    "depreciationAndAmortization": 614000000,
    "ebitda": 41000000,
    "ebitdaratio": 0.0025934594,
    "operatingIncome": -621000000,
    "operatingIncomeRatio": -0.039281422,
    "totalOtherIncomeExpensesNet": -95000000,
    "incomeBeforeTax": -716000000,
    "incomeBeforeTaxRatio": -0.0452906572,
    "incomeTaxExpense": -337000000,
    "netIncome": -464000000,
    "netIncomeRatio": -0.02935037,
    "eps": -1.14,
    "epsdiluted": -1.14,
    "weightedAverageShsOut": 407000000,
    "weightedAverageShsOutDil": 407000000,
    "link": "https://www.sec.gov/Archives/edgar/data/1035002/000103500220000053/0001035002-20-000053-index.htm",
    "finalLink": "https://www.sec.gov/Archives/edgar/data/1035002/000103500220000053/vlo-20200930.htm"
  },
  {
    "date": "2020-06-30",
    "symbol": "VLO",
    "reportedCurrency": "USD",
    "cik": "0001035002",
    "fillingDate": "2020-07-31",
    "acceptedDate": "2020-07-30 19:44:19",
    "calendarYear": "2020",
    "period": "Q2",
    "revenue": 10397000000,
    "costOfRevenue": 8436000000,
    "grossProfit": 1961000000,
    "grossProfitRatio": 0.1886120996,
    "researchAndDevelopmentExpenses": 0,
    "generalAndAdministrativeExpenses": 169000000,
    "sellingAndMarketingExpenses": 0,
    "sellingGeneralAndAdministrativeExpenses": 169000000,
    "otherExpenses": 3000000,
    "operatingExpenses": 172000000,
    "costAndExpenses": 8608000000,
    "interestIncome": 0,
    "interestExpense": 142000000,
    "depreciationAndAmortization": 578000000,
    "ebitda": 2394000000,
    "ebitdaratio": 0.2302587285,
    "operatingIncome": 1789000000,
    "operatingIncomeRatio": 0.172068866,
    "totalOtherIncomeExpensesNet": -115000000,
    "incomeBeforeTax": 1674000000,
    "incomeBeforeTaxRatio": 0.1610079831,
    "incomeTaxExpense": 339000000,
    "netIncome": 1253000000,
    "netIncomeRatio": 0.1205155333,
    "eps": 3.07,
    "epsdiluted": 3.07,
    "weightedAverageShsOut": 406000000,
    "weightedAverageShsOutDil": 407000000,
    "link": "https://www.sec.gov/Archives/edgar/data/1035002/000103500220000041/0001035002-20-000041-index.htm",
    "finalLink": "https://www.sec.gov/Archives/edgar/data/1035002/000103500220000041/vloform10-qx6302020.htm"
  },
  {
    "date": "2020-03-31",
    "symbol": "VLO",
    "reportedCurrency": "USD",
    "cik": "0001035002",
    "fillingDate": "2020-04-29",
    "acceptedDate": "2020-04-29 16:58:03",
    "calendarYear": "2020",
    "period": "Q1",
    "revenue": 22102000000,
    "costOfRevenue": 24200000000,
    "grossProfit": -2098000000,
    "grossProfitRatio": -0.0949235363,
    "researchAndDevelopmentExpenses": 0,
    "generalAndAdministrativeExpenses": 177000000,
    "sellingAndMarketingExpenses": 0,
    "sellingGeneralAndAdministrativeExpenses": 177000000,
    "otherExpenses": 2000000,
    "operatingExpenses": 179000000,
    "costAndExpenses": 24379000000,
    "interestIncome": 0,
    "interestExpense": 125000000,
    "depreciationAndAmortization": 582000000,
    "ebitda": -1663000000,
    "ebitdaratio": -0.0752420595,
    "operatingIncome": -2277000000,
    "operatingIncomeRatio": -0.1030223509,
    "totalOtherIncomeExpensesNet": -93000000,
    "incomeBeforeTax": -2370000000,
    "incomeBeforeTaxRatio": -0.1072301149,
    "incomeTaxExpense": -616000000,
    "netIncome": -1851000000,
    "netIncomeRatio": -0.0837480771,
    "eps": -4.54,
    "epsdiluted": -4.54,
    "weightedAverageShsOut": 407592411,
    "weightedAverageShsOutDil": 408000000,
    "link": "https://www.sec.gov/Archives/edgar/data/1035002/000103500220000016/0001035002-20-000016-index.htm",
    "finalLink": "https://www.sec.gov/Archives/edgar/data/1035002/000103500220000016/vloform10-qx3312020.htm"
  },
  {
    "date": "2019-12-31",
    "symbol": "VLO",
    "reportedCurrency": "USD",
    "cik": "0001035002",
    "fillingDate": "2020-02-26",
    "acceptedDate": "2020-02-26 14:08:29",
    "calendarYear": "2019",
    "period": "Q4",
    "revenue": 27879000000,
    "costOfRevenue": 25890000000,
    "grossProfit": 1989000000,
    "grossProfitRatio": 0.0713440224,
    "researchAndDevelopmentExpenses": 0,
    "generalAndAdministrativeExpenses": 243000000,
    "sellingAndMarketingExpenses": 0,
    "sellingGeneralAndAdministrativeExpenses": 243000000,
    "otherExpenses": 36000000,
    "operatingExpenses": 250000000,
    "costAndExpenses": 26140000000,
    "interestIncome": 0,
    "interestExpense": 119000000,
    "depreciationAndAmortization": 14000000,
    "ebitda": 2323000000,
    "ebitdaratio": 0.083324366,
    "operatingIncome": 1739000000,
    "operatingIncomeRatio": 0.0623766993,
    "totalOtherIncomeExpensesNet": -83000000,
    "incomeBeforeTax": 1656000000,
    "incomeBeforeTaxRatio": 0.059399548,
    "incomeTaxExpense": 326000000,
    "netIncome": 1060000000,
    "netIncomeRatio": 0.0380214498,
    "eps": 2.58,
    "epsdiluted": 2.58,
    "weightedAverageShsOut": 409000000,
    "weightedAverageShsOutDil": 410000000,
    "link": "https://www.sec.gov/Archives/edgar/data/1035002/000103500220000007/0001035002-20-000007-index.htm",
    "finalLink": "https://www.sec.gov/Archives/edgar/data/1035002/000103500220000007/vloform10-kx12312019.htm"
  },
  {
    "date": "2019-09-30",
    "symbol": "VLO",
    "reportedCurrency": "USD",
    "cik": "0001035002",
    "fillingDate": "2019-11-07",
    "acceptedDate": "2019-11-07 12:48:00",
    "calendarYear": "2019",
    "period": "Q3",
    "revenue": 27249000000,
    "costOfRevenue": 26141000000,
    "grossProfit": 1108000000,
    "grossProfitRatio": 0.0406620426,
    "researchAndDevelopmentExpenses": 0,
    "generalAndAdministrativeExpenses": 217000000,
    "sellingAndMarketingExpenses": 0,
    "sellingGeneralAndAdministrativeExpenses": 217000000,
    "otherExpenses": 34000000,
    "operatingExpenses": 227000000,
    "costAndExpenses": 26368000000,
    "interestIncome": 0,
    "interestExpense": 111000000,
    "depreciationAndAmortization": 11000000,
    "ebitda": 1459000000,
    "ebitdaratio": 0.0535432493,
    "operatingIncome": 881000000,
    "operatingIncomeRatio": 0.0323314617,
    "totalOtherIncomeExpensesNet": -77000000,
    "incomeBeforeTax": 804000000,
    "incomeBeforeTaxRatio": 0.0295056699,
    "incomeTaxExpense": 165000000,
    "netIncome": 609000000,
    "netIncomeRatio": 0.022349444,
    "eps": 1.48,
    "epsdiluted": 1.48,
    "weightedAverageShsOut": 412000000,
    "weightedAverageShsOutDil": 413000000,
    "link": "https://www.sec.gov/Archives/edgar/data/1035002/000103500219000047/0001035002-19-000047-index.htm",
    "finalLink": "https://www.sec.gov/Archives/edgar/data/1035002/000103500219000047/vloform10-qx9302019.htm"
  },
  {
    "date": "2019-06-30",
    "symbol": "VLO",
    "reportedCurrency": "USD",
    "cik": "0001035002",
    "fillingDate": "2019-08-06",
    "acceptedDate": "2019-08-06 11:49:14",
    "calendarYear": "2019",
    "period": "Q2",
    "revenue": 28933000000,
    "costOfRevenue": 27824000000,
    "grossProfit": 1109000000,
    "grossProfitRatio": 0.0383299347,
    "researchAndDevelopmentExpenses": 0,
    "generalAndAdministrativeExpenses": 199000000,
    "sellingAndMarketingExpenses": 0,
    "sellingGeneralAndAdministrativeExpenses": 199000000,
    "otherExpenses": 12000000,
    "operatingExpenses": 201000000,
    "costAndExpenses": 28025000000,
    "interestIncome": 0,
    "interestExpense": 112000000,
    "depreciationAndAmortization": 14000000,
    "ebitda": 1483000000,
    "ebitdaratio": 0.0512563509,
    "operatingIncome": 908000000,
    "operatingIncomeRatio": 0.03138285,
    "totalOtherIncomeExpensesNet": -100000000,
    "incomeBeforeTax": 808000000,
    "incomeBeforeTaxRatio": 0.027926589,
    "incomeTaxExpense": 160000000,
    "netIncome": 612000000,
    "netIncomeRatio": 0.0211523174,
    "eps": 1.47,
    "epsdiluted": 1.47,
    "weightedAverageShsOut": 415000000,
    "weightedAverageShsOutDil": 417000000,
    "link": "https://www.sec.gov/Archives/edgar/data/1035002/000103500219000040/0001035002-19-000040-index.htm",
    "finalLink": "https://www.sec.gov/Archives/edgar/data/1035002/000103500219000040/vloform10-qx6302019.htm"
  },
  {
    "date": "2019-03-31",
    "symbol": "VLO",
    "reportedCurrency": "USD",
    "cik": "0001035002",
    "fillingDate": "2019-05-07",
    "acceptedDate": "2019-05-07 11:57:02",
    "calendarYear": "2019",
    "period": "Q1",
    "revenue": 24263000000,
    "costOfRevenue": 23744000000,
    "grossProfit": 519000000,
    "grossProfitRatio": 0.0213905947,
    "researchAndDevelopmentExpenses": 0,
    "generalAndAdministrativeExpenses": 209000000,
    "sellingAndMarketingExpenses": 0,
    "sellingGeneralAndAdministrativeExpenses": 209000000,
    "otherExpenses": 0,
    "operatingExpenses": 211000000,
    "costAndExpenses": 23955000000,
    "interestIncome": 0,
    "interestExpense": 112000000,
    "depreciationAndAmortization": 14000000,
    "ebitda": 878000000,
    "ebitdaratio": 0.0361867865,
    "operatingIncome": 308000000,
    "operatingIncomeRatio": 0.0126942258,
    "totalOtherIncomeExpensesNet": -90000000,
    "incomeBeforeTax": 218000000,
    "incomeBeforeTaxRatio": 0.0089848741,
    "incomeTaxExpense": 51000000,
    "netIncome": 141000000,
    "netIncomeRatio": 0.0058113176,
    "eps": 0.34,
    "epsdiluted": 0.34,
    "weightedAverageShsOut": 416000000,
    "weightedAverageShsOutDil": 418000000,
    "link": "https://www.sec.gov/Archives/edgar/data/1035002/000103500219000025/0001035002-19-000025-index.htm",
    "finalLink": "https://www.sec.gov/Archives/edgar/data/1035002/000103500219000025/vloform10-qx3312019.htm"
  },
  {
    "date": "2018-12-31",
    "symbol": "VLO",
    "reportedCurrency": "USD",
    "cik": "0001035002",
    "fillingDate": "2019-02-28",
    "acceptedDate": "2019-02-28 16:06:55",
    "calendarYear": "2018",
    "period": "Q4",
    "revenue": 28730000000,
    "costOfRevenue": 27197000000,
    "grossProfit": 1533000000,
    "grossProfitRatio": 0.0533588583,
    "researchAndDevelopmentExpenses": 0,
    "generalAndAdministrativeExpenses": 230000000,
    "sellingAndMarketingExpenses": 0,
    "sellingGeneralAndAdministrativeExpenses": 230000000,
    "otherExpenses": 42000000,
    "operatingExpenses": 234000000,
    "costAndExpenses": 27431000000,
    "interestIncome": 0,
    "interestExpense": 114000000,
    "depreciationAndAmortization": 13000000,
    "ebitda": 1872000000,
    "ebitdaratio": 0.065158371,
    "operatingIncome": 1299000000,
    "operatingIncomeRatio": 0.045214062,
    "totalOtherIncomeExpensesNet": -72000000,
    "incomeBeforeTax": 1227000000,
    "incomeBeforeTaxRatio": 0.0427079708,
    "incomeTaxExpense": 205000000,
    "netIncome": 952000000,
    "netIncomeRatio": 0.0331360947,
    "eps": 2.26,
    "epsdiluted": 2.24,
    "weightedAverageShsOut": 421000000,
    "weightedAverageShsOutDil": 422000000,
    "link": "https://www.sec.gov/Archives/edgar/data/1035002/000103500219000008/0001035002-19-000008-index.htm",
    "finalLink": "https://www.sec.gov/Archives/edgar/data/1035002/000103500219000008/vloform10-kx12312018.htm"
  },
  {
    "date": "2018-09-30",
    "symbol": "VLO",
    "reportedCurrency": "USD",
    "cik": "0001035002",
    "fillingDate": "2018-11-06",
    "acceptedDate": "2018-11-06 12:26:32",
    "calendarYear": "2018",
    "period": "Q3",
    "revenue": 30849000000,
    "costOfRevenue": 29411000000,
    "grossProfit": 1438000000,
    "grossProfitRatio": 0.0466141528,
    "researchAndDevelopmentExpenses": 0,
    "generalAndAdministrativeExpenses": 209000000,
    "sellingAndMarketingExpenses": 0,
    "sellingGeneralAndAdministrativeExpenses": 209000000,
    "otherExpenses": 42000000,
    "operatingExpenses": 219000000,
    "costAndExpenses": 29630000000,
    "interestIncome": 0,
    "interestExpense": 111000000,
    "depreciationAndAmortization": 13000000,
    "ebitda": 1744000000,
    "ebitdaratio": 0.0565334371,
    "operatingIncome": 1219000000,
    "operatingIncomeRatio": 0.0395150572,
    "totalOtherIncomeExpensesNet": -69000000,
    "incomeBeforeTax": 1150000000,
    "incomeBeforeTaxRatio": 0.0372783559,
    "incomeTaxExpense": 276000000,
    "netIncome": 856000000,
    "netIncomeRatio": 0.0277480631,
    "eps": 2.01,
    "epsdiluted": 2.01,
    "weightedAverageShsOut": 425000000,
    "weightedAverageShsOutDil": 427000000,
    "link": "https://www.sec.gov/Archives/edgar/data/1035002/000103500218000047/0001035002-18-000047-index.htm",
    "finalLink": "https://www.sec.gov/Archives/edgar/data/1035002/000103500218000047/vloform10-qx9302018.htm"
  },
  {
    "date": "2018-06-30",
    "symbol": "VLO",
    "reportedCurrency": "USD",
    "cik": "0001035002",
    "fillingDate": "2018-08-06",
    "acceptedDate": "2018-08-06 13:39:43",
    "calendarYear": "2018",
    "period": "Q2",
    "revenue": 31015000000,
    "costOfRevenue": 29493000000,
    "grossProfit": 1522000000,
    "grossProfitRatio": 0.0490730292,
    "researchAndDevelopmentExpenses": 0,
    "generalAndAdministrativeExpenses": 248000000,
    "sellingAndMarketingExpenses": 0,
    "sellingGeneralAndAdministrativeExpenses": 248000000,
    "otherExpenses": -5000000,
    "operatingExpenses": 269000000,
    "costAndExpenses": 29762000000,
    "interestIncome": 0,
    "interestExpense": 124000000,
    "depreciationAndAmortization": 13000000,
    "ebitda": 1793000000,
    "ebitdaratio": 0.0578107367,
    "operatingIncome": 1253000000,
    "operatingIncomeRatio": 0.0403998065,
    "totalOtherIncomeExpensesNet": -129000000,
    "incomeBeforeTax": 1124000000,
    "incomeBeforeTaxRatio": 0.0362405288,
    "incomeTaxExpense": 249000000,
    "netIncome": 845000000,
    "netIncomeRatio": 0.0272448815,
    "eps": 1.96,
    "epsdiluted": 1.96,
    "weightedAverageShsOut": 429000000,
    "weightedAverageShsOutDil": 431000000,
    "link": "https://www.sec.gov/Archives/edgar/data/1035002/000103500218000041/0001035002-18-000041-index.htm",
    "finalLink": "https://www.sec.gov/Archives/edgar/data/1035002/000103500218000041/vloform10-qx6302018.htm"
  },
  {
    "date": "2018-03-31",
    "symbol": "VLO",
    "reportedCurrency": "USD",
    "cik": "0001035002",
    "fillingDate": "2018-05-07",
    "acceptedDate": "2018-05-07 11:57:22",
    "calendarYear": "2018",
    "period": "Q1",
    "revenue": 26439000000,
    "costOfRevenue": 25390000000,
    "grossProfit": 1049000000,
    "grossProfitRatio": 0.0396762359,
    "researchAndDevelopmentExpenses": 0,
    "generalAndAdministrativeExpenses": 238000000,
    "sellingAndMarketingExpenses": 0,
    "sellingGeneralAndAdministrativeExpenses": 238000000,
    "otherExpenses": 51000000,
    "operatingExpenses": 248000000,
    "costAndExpenses": 25638000000,
    "interestIncome": 0,
    "interestExpense": 121000000,
    "depreciationAndAmortization": 13000000,
    "ebitda": 1307000000,
    "ebitdaratio": 0.0494345474,
    "operatingIncome": 801000000,
    "operatingIncomeRatio": 0.0302961534,
    "totalOtherIncomeExpensesNet": -70000000,
    "incomeBeforeTax": 731000000,
    "incomeBeforeTaxRatio": 0.0276485495,
    "incomeTaxExpense": 149000000,
    "netIncome": 469000000,
    "netIncomeRatio": 0.0177389463,
    "eps": 1.09,
    "epsdiluted": 1.09,
    "weightedAverageShsOut": 431000000,
    "weightedAverageShsOutDil": 432000000,
    "link": "https://www.sec.gov/Archives/edgar/data/1035002/000103500218000015/0001035002-18-000015-index.htm",
    "finalLink": "https://www.sec.gov/Archives/edgar/data/1035002/000103500218000015/vloform10-qx3312018.htm"
  },
  {
    "date": "2017-12-31",
    "symbol": "VLO",
    "reportedCurrency": "USD",
    "cik": "0001035002",
    "fillingDate": "2018-02-28",
    "acceptedDate": "2018-02-28 14:24:13",
    "calendarYear": "2017",
    "period": "Q4",
    "revenue": 26392000000,
    "costOfRevenue": 25284000000,
    "grossProfit": 1108000000,
    "grossProfitRatio": 0.0419824189,
    "researchAndDevelopmentExpenses": 0,
    "generalAndAdministrativeExpenses": 238000000,
    "sellingAndMarketingExpenses": 0,
    "sellingGeneralAndAdministrativeExpenses": 238000000,
    "otherExpenses": 26000000,
    "operatingExpenses": 255000000,
    "costAndExpenses": 25539000000,
    "interestIncome": 0,
    "interestExpense": 114000000,
    "depreciationAndAmortization": 13000000,
    "ebitda": 1344000000,
    "ebitdaratio": 0.0509245226,
    "operatingIncome": 853000000,
    "operatingIncomeRatio": 0.0323204001,
    "totalOtherIncomeExpensesNet": -88000000,
    "incomeBeforeTax": 765000000,
    "incomeBeforeTaxRatio": 0.0289860564,
    "incomeTaxExpense": -1635000000,
    "netIncome": 2371000000,
    "netIncomeRatio": 0.0898378296,
    "eps": 5.43,
    "epsdiluted": 5.42,
    "weightedAverageShsOut": 435000000,
    "weightedAverageShsOutDil": 437000000,
    "link": "https://www.sec.gov/Archives/edgar/data/1035002/000103500218000010/0001035002-18-000010-index.htm",
    "finalLink": "https://www.sec.gov/Archives/edgar/data/1035002/000103500218000010/vloform10-kx12312017.htm"
  },
  {
    "date": "2017-09-30",
    "symbol": "VLO",
    "reportedCurrency": "USD",
    "cik": "0001035002",
    "fillingDate": "2017-11-07",
    "acceptedDate": "2017-11-07 16:54:56",
    "calendarYear": "2017",
    "period": "Q3",
    "revenue": 23562000000,
    "costOfRevenue": 21951000000,
    "grossProfit": 1611000000,
    "grossProfitRatio": 0.0683728037,
    "researchAndDevelopmentExpenses": 0,
    "generalAndAdministrativeExpenses": 229000000,
    "sellingAndMarketingExpenses": 0,
    "sellingGeneralAndAdministrativeExpenses": 229000000,
    "otherExpenses": 17000000,
    "operatingExpenses": 273000000,
    "costAndExpenses": 22224000000,
    "interestIncome": 0,
    "interestExpense": 114000000,
    "depreciationAndAmortization": 13000000,
    "ebitda": 1838000000,
    "ebitdaratio": 0.0780069604,
    "operatingIncome": 1338000000,
    "operatingIncomeRatio": 0.0567863509,
    "totalOtherIncomeExpensesNet": -91000000,
    "incomeBeforeTax": 1241000000,
    "incomeBeforeTaxRatio": 0.0526695527,
    "incomeTaxExpense": 378000000,
    "netIncome": 841000000,
    "netIncomeRatio": 0.0356930651,
    "eps": 1.91,
    "epsdiluted": 1.91,
    "weightedAverageShsOut": 439000000,
    "weightedAverageShsOutDil": 441000000,
    "link": "https://www.sec.gov/Archives/edgar/data/1035002/000103500217000062/0001035002-17-000062-index.htm",
    "finalLink": "https://www.sec.gov/Archives/edgar/data/1035002/000103500217000062/vloform10-qx9302017.htm"
  },
  {
    "date": "2017-06-30",
    "symbol": "VLO",
    "reportedCurrency": "USD",
    "cik": "0001035002",
    "fillingDate": "2017-08-07",
    "acceptedDate": "2017-08-07 16:38:21",
    "calendarYear": "2017",
    "period": "Q2",
    "revenue": 22254000000,
    "costOfRevenue": 21205000000,
    "grossProfit": 1049000000,
    "grossProfitRatio": 0.0471375932,
    "researchAndDevelopmentExpenses": 0,
    "generalAndAdministrativeExpenses": 178000000,
    "sellingAndMarketingExpenses": 0,
    "sellingGeneralAndAdministrativeExpenses": 178000000,
    "otherExpenses": 0,
    "operatingExpenses": 178000000,
    "costAndExpenses": 21383000000,
    "interestIncome": 0,
    "interestExpense": 119000000,
    "depreciationAndAmortization": 499000000,
    "ebitda": 1349000000,
    "ebitdaratio": 0.0606183158,
    "operatingIncome": 871000000,
    "operatingIncomeRatio": 0.0391390312,
    "totalOtherIncomeExpensesNet": -92000000,
    "incomeBeforeTax": 768000000,
    "incomeBeforeTaxRatio": 0.0345106498,
    "incomeTaxExpense": 196000000,
    "netIncome": 548000000,
    "netIncomeRatio": 0.0246247866,
    "eps": 1.23,
    "epsdiluted": 1.23,
    "weightedAverageShsOut": 444000000,
    "weightedAverageShsOutDil": 446000000,
    "link": "https://www.sec.gov/Archives/edgar/data/1035002/000103500217000044/0001035002-17-000044-index.htm",
    "finalLink": "https://www.sec.gov/Archives/edgar/data/1035002/000103500217000044/vloform10-qx6302017.htm"
  },
  {
    "date": "2017-03-31",
    "symbol": "VLO",
    "reportedCurrency": "USD",
    "cik": "0001035002",
    "fillingDate": "2017-05-08",
    "acceptedDate": "2017-05-08 16:47:05",
    "calendarYear": "2017",
    "period": "Q1",
    "revenue": 21772000000,
    "costOfRevenue": 21045000000,
    "grossProfit": 727000000,
    "grossProfitRatio": 0.033391512,
    "researchAndDevelopmentExpenses": 0,
    "generalAndAdministrativeExpenses": 190000000,
    "sellingAndMarketingExpenses": 0,
    "sellingGeneralAndAdministrativeExpenses": 190000000,
    "otherExpenses": 0,
    "operatingExpenses": 190000000,
    "costAndExpenses": 21235000000,
    "interestIncome": 0,
    "interestExpense": 121000000,
    "depreciationAndAmortization": 500000000,
    "ebitda": 1038000000,
    "ebitdaratio": 0.047675914,
    "operatingIncome": 537000000,
    "operatingIncomeRatio": 0.024664707,
    "totalOtherIncomeExpensesNet": -95000000,
    "incomeBeforeTax": 433000000,
    "incomeBeforeTaxRatio": 0.0198879295,
    "incomeTaxExpense": 112000000,
    "netIncome": 305000000,
    "netIncomeRatio": 0.0140088187,
    "eps": 0.68,
    "epsdiluted": 0.68,
    "weightedAverageShsOut": 448000000,
    "weightedAverageShsOutDil": 451000000,
    "link": "https://www.sec.gov/Archives/edgar/data/1035002/000103500217000032/0001035002-17-000032-index.htm",
    "finalLink": "https://www.sec.gov/Archives/edgar/data/1035002/000103500217000032/vloform10-qx3312017.htm"
  },
  {
    "date": "2016-12-31",
    "symbol": "VLO",
    "reportedCurrency": "USD",
    "cik": "0001035002",
    "fillingDate": "2017-02-23",
    "acceptedDate": "2017-02-23 15:34:55",
    "calendarYear": "2016",
    "period": "Q4",
    "revenue": 20712000000,
    "costOfRevenue": 19884000000,
    "grossProfit": 828000000,
    "grossProfitRatio": 0.039976825,
    "researchAndDevelopmentExpenses": 0,
    "generalAndAdministrativeExpenses": 208000000,
    "sellingAndMarketingExpenses": 0,
    "sellingGeneralAndAdministrativeExpenses": 208000000,
    "otherExpenses": 0,
    "operatingExpenses": 208000000,
    "costAndExpenses": 20092000000,
    "interestIncome": 0,
    "interestExpense": 112000000,
    "depreciationAndAmortization": 468000000,
    "ebitda": 1088000000,
    "ebitdaratio": 0.0525299343,
    "operatingIncome": 620000000,
    "operatingIncomeRatio": 0.0299343376,
    "totalOtherIncomeExpensesNet": -91000000,
    "incomeBeforeTax": 529000000,
    "incomeBeforeTaxRatio": 0.0255407493,
    "incomeTaxExpense": 113000000,
    "netIncome": 367000000,
    "netIncomeRatio": 0.0177191966,
    "eps": 0.81,
    "epsdiluted": 0.81,
    "weightedAverageShsOut": 451000000,
    "weightedAverageShsOutDil": 453000000,
    "link": "https://www.sec.gov/Archives/edgar/data/1035002/000103500217000009/0001035002-17-000009-index.htm",
    "finalLink": "https://www.sec.gov/Archives/edgar/data/1035002/000103500217000009/vloform10-kx12312016.htm"
  },
  {
    "date": "2016-09-30",
    "symbol": "VLO",
    "reportedCurrency": "USD",
    "cik": "0001035002",
    "fillingDate": "2016-11-08",
    "acceptedDate": "2016-11-08 13:11:14",
    "calendarYear": "2016",
    "period": "Q3",
    "revenue": 19649000000,
    "costOfRevenue": 18565000000,
    "grossProfit": 1084000000,
    "grossProfitRatio": 0.0551682019,
    "researchAndDevelopmentExpenses": 0,
    "generalAndAdministrativeExpenses": 192000000,
    "sellingAndMarketingExpenses": 0,
    "sellingGeneralAndAdministrativeExpenses": 192000000,
    "otherExpenses": 0,
    "operatingExpenses": 192000000,
    "costAndExpenses": 18757000000,
    "interestIncome": 0,
    "interestExpense": 115000000,
    "depreciationAndAmortization": 470000000,
    "ebitda": 1362000000,
    "ebitdaratio": 0.0693165047,
    "operatingIncome": 892000000,
    "operatingIncomeRatio": 0.0453967123,
    "totalOtherIncomeExpensesNet": -103000000,
    "incomeBeforeTax": 789000000,
    "incomeBeforeTaxRatio": 0.0401547153,
    "incomeTaxExpense": 144000000,
    "netIncome": 613000000,
    "netIncomeRatio": 0.0311975164,
    "eps": 1.33,
    "epsdiluted": 1.33,
    "weightedAverageShsOut": 458000000,
    "weightedAverageShsOutDil": 460000000,
    "link": "https://www.sec.gov/Archives/edgar/data/1035002/000103500216000123/0001035002-16-000123-index.htm",
    "finalLink": "https://www.sec.gov/Archives/edgar/data/1035002/000103500216000123/vloform10-qx9302016.htm"
  },
  {
    "date": "2016-06-30",
    "symbol": "VLO",
    "reportedCurrency": "USD",
    "cik": "0001035002",
    "fillingDate": "2016-08-04",
    "acceptedDate": "2016-08-04 10:38:35",
    "calendarYear": "2016",
    "period": "Q2",
    "revenue": 19584000000,
    "costOfRevenue": 18138000000,
    "grossProfit": 1446000000,
    "grossProfitRatio": 0.0738357843,
    "researchAndDevelopmentExpenses": 0,
    "generalAndAdministrativeExpenses": 159000000,
    "sellingAndMarketingExpenses": 0,
    "sellingGeneralAndAdministrativeExpenses": 159000000,
    "otherExpenses": 0,
    "operatingExpenses": 159000000,
    "costAndExpenses": 18297000000,
    "interestIncome": 0,
    "interestExpense": 111000000,
    "depreciationAndAmortization": 471000000,
    "ebitda": 1758000000,
    "ebitdaratio": 0.0897671569,
    "operatingIncome": 1231000000,
    "operatingIncomeRatio": 0.0628574346,
    "totalOtherIncomeExpensesNet": -97000000,
    "incomeBeforeTax": 1134000000,
    "incomeBeforeTaxRatio": 0.0579044118,
    "incomeTaxExpense": 291000000,
    "netIncome": 814000000,
    "netIncomeRatio": 0.0415645425,
    "eps": 1.74,
    "epsdiluted": 1.73,
    "weightedAverageShsOut": 467000000,
    "weightedAverageShsOutDil": 470000000,
    "link": "https://www.sec.gov/Archives/edgar/data/1035002/000103500216000113/0001035002-16-000113-index.htm",
    "finalLink": "https://www.sec.gov/Archives/edgar/data/1035002/000103500216000113/vloform10-qx6302016.htm"
  },
  {
    "date": "2016-03-31",
    "symbol": "VLO",
    "reportedCurrency": "USD",
    "cik": "0001035002",
    "fillingDate": "2016-05-05",
    "acceptedDate": "2016-05-05 12:38:47",
    "calendarYear": "2016",
    "period": "Q1",
    "revenue": 15714000000,
    "costOfRevenue": 13699000000,
    "grossProfit": 2015000000,
    "grossProfitRatio": 0.1282296042,
    "researchAndDevelopmentExpenses": 0,
    "generalAndAdministrativeExpenses": 156000000,
    "sellingAndMarketingExpenses": 0,
    "sellingGeneralAndAdministrativeExpenses": 156000000,
    "otherExpenses": 9000000,
    "operatingExpenses": 1186000000,
    "costAndExpenses": 14885000000,
    "interestIncome": 0,
    "interestExpense": 108000000,
    "depreciationAndAmortization": 485000000,
    "ebitda": 1314000000,
    "ebitdaratio": 0.0836197022,
    "operatingIncome": 829000000,
    "operatingIncomeRatio": 0.0527555046,
    "totalOtherIncomeExpensesNet": -99000000,
    "incomeBeforeTax": 730000000,
    "incomeBeforeTaxRatio": 0.0464553901,
    "incomeTaxExpense": 217000000,
    "netIncome": 495000000,
    "netIncomeRatio": 0.0315005727,
    "eps": 1.05,
    "epsdiluted": 1.05,
    "weightedAverageShsOut": 469000000,
    "weightedAverageShsOutDil": 471000000,
    "link": "https://www.sec.gov/Archives/edgar/data/1035002/000103500216000087/0001035002-16-000087-index.htm",
    "finalLink": "https://www.sec.gov/Archives/edgar/data/1035002/000103500216000087/vloform10-qx3312016.htm"
  },
  {
    "date": "2015-12-31",
    "symbol": "VLO",
    "reportedCurrency": "USD",
    "cik": "0001035002",
    "fillingDate": "2016-02-25",
    "acceptedDate": "2016-02-25 14:49:47",
    "calendarYear": "2015",
    "period": "Q4",
    "revenue": 18777000000,
    "costOfRevenue": 17925000000,
    "grossProfit": 852000000,
    "grossProfitRatio": 0.0453746605,
    "researchAndDevelopmentExpenses": 0,
    "generalAndAdministrativeExpenses": 206000000,
    "sellingAndMarketingExpenses": 0,
    "sellingGeneralAndAdministrativeExpenses": 206000000,
    "otherExpenses": 0,
    "operatingExpenses": 206000000,
    "costAndExpenses": 18131000000,
    "interestIncome": 0,
    "interestExpense": 107000000,
    "depreciationAndAmortization": 494000000,
    "ebitda": 1151000000,
    "ebitdaratio": 0.061298397,
    "operatingIncome": 646000000,
    "operatingIncomeRatio": 0.0344037919,
    "totalOtherIncomeExpensesNet": -96000000,
    "incomeBeforeTax": 550000000,
    "incomeBeforeTaxRatio": 0.0292911541,
    "incomeTaxExpense": 155000000,
    "netIncome": 298000000,
    "netIncomeRatio": 0.0158704798,
    "eps": 0.62,
    "epsdiluted": 0.62,
    "weightedAverageShsOut": 479000000,
    "weightedAverageShsOutDil": 481000000,
    "link": "https://www.sec.gov/Archives/edgar/data/1035002/000103500216000069/0001035002-16-000069-index.htm",
    "finalLink": "https://www.sec.gov/Archives/edgar/data/1035002/000103500216000069/vloform10-kx12312015.htm"
  },
  {
    "date": "2015-09-30",
    "symbol": "VLO",
    "reportedCurrency": "USD",
    "cik": "0001035002",
    "fillingDate": "2015-11-04",
    "acceptedDate": "2015-11-04 16:21:22",
    "calendarYear": "2015",
    "period": "Q3",
    "revenue": 22579000000,
    "costOfRevenue": 20261000000,
    "grossProfit": 2318000000,
    "grossProfitRatio": 0.1026617654,
    "researchAndDevelopmentExpenses": 0,
    "generalAndAdministrativeExpenses": 179000000,
    "sellingAndMarketingExpenses": 0,
    "sellingGeneralAndAdministrativeExpenses": 179000000,
    "otherExpenses": 0,
    "operatingExpenses": 179000000,
    "costAndExpenses": 20440000000,
    "interestIncome": 0,
    "interestExpense": 112000000,
    "depreciationAndAmortization": 482000000,
    "ebitda": 2624000000,
    "ebitdaratio": 0.1162141813,
    "operatingIncome": 2139000000,
    "operatingIncomeRatio": 0.0947340449,
    "totalOtherIncomeExpensesNet": -109000000,
    "incomeBeforeTax": 2030000000,
    "incomeBeforeTaxRatio": 0.0899065503,
    "incomeTaxExpense": 657000000,
    "netIncome": 1377000000,
    "netIncomeRatio": 0.0609858718,
    "eps": 2.79,
    "epsdiluted": 2.79,
    "weightedAverageShsOut": 491000000,
    "weightedAverageShsOutDil": 494000000,
    "link": "https://www.sec.gov/Archives/edgar/data/1035002/000103500215000063/0001035002-15-000063-index.htm",
    "finalLink": "https://www.sec.gov/Archives/edgar/data/1035002/000103500215000063/vloform10-qx9302015.htm"
  },
  {
    "date": "2015-06-30",
    "symbol": "VLO",
    "reportedCurrency": "USD",
    "cik": "0001035002",
    "fillingDate": "2015-08-06",
    "acceptedDate": "2015-08-06 15:53:03",
    "calendarYear": "2015",
    "period": "Q2",
    "revenue": 25118000000,
    "costOfRevenue": 22862000000,
    "grossProfit": 2256000000,
    "grossProfitRatio": 0.0898160682,
    "researchAndDevelopmentExpenses": 0,
    "generalAndAdministrativeExpenses": 178000000,
    "sellingAndMarketingExpenses": 0,
    "sellingGeneralAndAdministrativeExpenses": 178000000,
    "otherExpenses": 0,
    "operatingExpenses": 178000000,
    "costAndExpenses": 23040000000,
    "interestIncome": 0,
    "interestExpense": 113000000,
    "depreciationAndAmortization": 425000000,
    "ebitda": 2503000000,
    "ebitdaratio": 0.0996496536,
    "operatingIncome": 2078000000,
    "operatingIncomeRatio": 0.0827295167,
    "totalOtherIncomeExpensesNet": -105000000,
    "incomeBeforeTax": 1973000000,
    "incomeBeforeTaxRatio": 0.0785492476,
    "incomeTaxExpense": 608000000,
    "netIncome": 1351000000,
    "netIncomeRatio": 0.0537861295,
    "eps": 2.67,
    "epsdiluted": 2.66,
    "weightedAverageShsOut": 505000000,
    "weightedAverageShsOutDil": 508000000,
    "link": "https://www.sec.gov/Archives/edgar/data/1035002/000103500215000055/0001035002-15-000055-index.htm",
    "finalLink": "https://www.sec.gov/Archives/edgar/data/1035002/000103500215000055/vloform10-qx6302015.htm"
  },
  {
    "date": "2015-03-31",
    "symbol": "VLO",
    "reportedCurrency": "USD",
    "cik": "0001035002",
    "fillingDate": "2015-05-07",
    "acceptedDate": "2015-05-07 16:26:13",
    "calendarYear": "2015",
    "period": "Q1",
    "revenue": 21330000000,
    "costOfRevenue": 19688000000,
    "grossProfit": 1642000000,
    "grossProfitRatio": 0.0769807782,
    "researchAndDevelopmentExpenses": 0,
    "generalAndAdministrativeExpenses": 147000000,
    "sellingAndMarketingExpenses": 0,
    "sellingGeneralAndAdministrativeExpenses": 147000000,
    "otherExpenses": 0,
    "operatingExpenses": 147000000,
    "costAndExpenses": 19835000000,
    "interestIncome": 0,
    "interestExpense": 101000000,
    "depreciationAndAmortization": 441000000,
    "ebitda": 1936000000,
    "ebitdaratio": 0.0907641819,
    "operatingIncome": 1495000000,
    "operatingIncomeRatio": 0.0700890764,
    "totalOtherIncomeExpensesNet": -77000000,
    "incomeBeforeTax": 1418000000,
    "incomeBeforeTaxRatio": 0.0664791374,
    "incomeTaxExpense": 450000000,
    "netIncome": 964000000,
    "netIncomeRatio": 0.0451945617,
    "eps": 1.87,
    "epsdiluted": 1.87,
    "weightedAverageShsOut": 513000000,
    "weightedAverageShsOutDil": 516000000,
    "link": "https://www.sec.gov/Archives/edgar/data/1035002/000103500215000036/0001035002-15-000036-index.htm",
    "finalLink": "https://www.sec.gov/Archives/edgar/data/1035002/000103500215000036/vloform10-qx3312015.htm"
  },
  {
    "date": "2014-12-31",
    "symbol": "VLO",
    "reportedCurrency": "USD",
    "cik": "0001035002",
    "fillingDate": "2015-02-26",
    "acceptedDate": "2015-02-26 14:18:54",
    "calendarYear": "2014",
    "period": "Q4",
    "revenue": 27859000000,
    "costOfRevenue": 25849000000,
    "grossProfit": 2010000000,
    "grossProfitRatio": 0.0721490362,
    "researchAndDevelopmentExpenses": 0,
    "generalAndAdministrativeExpenses": 214000000,
    "sellingAndMarketingExpenses": 0,
    "sellingGeneralAndAdministrativeExpenses": 214000000,
    "otherExpenses": 0,
    "operatingExpenses": 214000000,
    "costAndExpenses": 26063000000,
    "interestIncome": 0,
    "interestExpense": 101000000,
    "depreciationAndAmortization": 425000000,
    "ebitda": 2221000000,
    "ebitdaratio": 0.0797228903,
    "operatingIncome": 1796000000,
    "operatingIncomeRatio": 0.064467497,
    "totalOtherIncomeExpensesNet": -92000000,
    "incomeBeforeTax": 1704000000,
    "incomeBeforeTaxRatio": 0.0611651531,
    "incomeTaxExpense": 484000000,
    "netIncome": 1155000000,
    "netIncomeRatio": 0.0414587745,
    "eps": 2.22,
    "epsdiluted": 2.22,
    "weightedAverageShsOut": 517000000,
    "weightedAverageShsOutDil": 521000000,
    "link": "https://www.sec.gov/Archives/edgar/data/1035002/000103500215000009/0001035002-15-000009-index.htm",
    "finalLink": "https://www.sec.gov/Archives/edgar/data/1035002/000103500215000009/vloform10-kx12312014.htm"
  },
  {
    "date": "2014-09-30",
    "symbol": "VLO",
    "reportedCurrency": "USD",
    "cik": "0001035002",
    "fillingDate": "2014-11-06",
    "acceptedDate": "2014-11-06 15:48:36",
    "calendarYear": "2014",
    "period": "Q3",
    "revenue": 34408000000,
    "costOfRevenue": 32558000000,
    "grossProfit": 1850000000,
    "grossProfitRatio": 0.0537665659,
    "researchAndDevelopmentExpenses": 0,
    "generalAndAdministrativeExpenses": 180000000,
    "sellingAndMarketingExpenses": 0,
    "sellingGeneralAndAdministrativeExpenses": 180000000,
    "otherExpenses": 0,
    "operatingExpenses": 180000000,
    "costAndExpenses": 32738000000,
    "interestIncome": 0,
    "interestExpense": 98000000,
    "depreciationAndAmortization": 430000000,
    "ebitda": 2100000000,
    "ebitdaratio": 0.0610323181,
    "operatingIncome": 1670000000,
    "operatingIncomeRatio": 0.0485352244,
    "totalOtherIncomeExpensesNet": -87000000,
    "incomeBeforeTax": 1583000000,
    "incomeBeforeTaxRatio": 0.0460067426,
    "incomeTaxExpense": 521000000,
    "netIncome": 1059000000,
    "netIncomeRatio": 0.0307777261,
    "eps": 2.01,
    "epsdiluted": 2,
    "weightedAverageShsOut": 526000000,
    "weightedAverageShsOutDil": 530000000,
    "link": "https://www.sec.gov/Archives/edgar/data/1035002/000103500214000059/0001035002-14-000059-index.htm",
    "finalLink": "https://www.sec.gov/Archives/edgar/data/1035002/000103500214000059/vloform10-qx9302014.htm"
  },
  {
    "date": "2014-06-30",
    "symbol": "VLO",
    "reportedCurrency": "USD",
    "cik": "0001035002",
    "fillingDate": "2014-08-07",
    "acceptedDate": "2014-08-07 16:20:32",
    "calendarYear": "2014",
    "period": "Q2",
    "revenue": 34914000000,
    "costOfRevenue": 33659000000,
    "grossProfit": 1255000000,
    "grossProfitRatio": 0.035945466,
    "researchAndDevelopmentExpenses": 0,
    "generalAndAdministrativeExpenses": 170000000,
    "sellingAndMarketingExpenses": 0,
    "sellingGeneralAndAdministrativeExpenses": 170000000,
    "otherExpenses": 0,
    "operatingExpenses": 170000000,
    "costAndExpenses": 33829000000,
    "interestIncome": 0,
    "interestExpense": 98000000,
    "depreciationAndAmortization": 414000000,
    "ebitda": 1499000000,
    "ebitdaratio": 0.0429340666,
    "operatingIncome": 1085000000,
    "operatingIncomeRatio": 0.0310763591,
    "totalOtherIncomeExpensesNet": -86000000,
    "incomeBeforeTax": 999000000,
    "incomeBeforeTaxRatio": 0.0286131638,
    "incomeTaxExpense": 343000000,
    "netIncome": 588000000,
    "netIncomeRatio": 0.0168413817,
    "eps": 1.11,
    "epsdiluted": 1.1,
    "weightedAverageShsOut": 529000000,
    "weightedAverageShsOutDil": 534000000,
    "link": "https://www.sec.gov/Archives/edgar/data/1035002/000103500214000052/0001035002-14-000052-index.htm",
    "finalLink": "https://www.sec.gov/Archives/edgar/data/1035002/000103500214000052/vloform10-qx6302014.htm"
  },
  {
    "date": "2014-03-31",
    "symbol": "VLO",
    "reportedCurrency": "USD",
    "cik": "0001035002",
    "fillingDate": "2014-05-08",
    "acceptedDate": "2014-05-08 16:40:54",
    "calendarYear": "2014",
    "period": "Q1",
    "revenue": 33663000000,
    "costOfRevenue": 32153000000,
    "grossProfit": 1510000000,
    "grossProfitRatio": 0.0448563705,
    "researchAndDevelopmentExpenses": 0,
    "generalAndAdministrativeExpenses": 160000000,
    "sellingAndMarketingExpenses": 0,
    "sellingGeneralAndAdministrativeExpenses": 160000000,
    "otherExpenses": 0,
    "operatingExpenses": 160000000,
    "costAndExpenses": 32313000000,
    "interestIncome": 0,
    "interestExpense": 100000000,
    "depreciationAndAmortization": 421000000,
    "ebitda": 1772000000,
    "ebitdaratio": 0.0526393964,
    "operatingIncome": 1350000000,
    "operatingIncomeRatio": 0.0401033776,
    "totalOtherIncomeExpensesNet": -85000000,
    "incomeBeforeTax": 1265000000,
    "incomeBeforeTaxRatio": 0.0375783501,
    "incomeTaxExpense": 429000000,
    "netIncome": 828000000,
    "netIncomeRatio": 0.0245967383,
    "eps": 1.55,
    "epsdiluted": 1.54,
    "weightedAverageShsOut": 531000000,
    "weightedAverageShsOutDil": 536000000,
    "link": "https://www.sec.gov/Archives/edgar/data/1035002/000103500214000036/0001035002-14-000036-index.htm",
    "finalLink": "https://www.sec.gov/Archives/edgar/data/1035002/000103500214000036/vloform10-qx3312014.htm"
  },
  {
    "date": "2013-12-31",
    "symbol": "VLO",
    "reportedCurrency": "USD",
    "cik": "0001035002",
    "fillingDate": "2014-02-27",
    "acceptedDate": "2014-02-27 15:12:04",
    "calendarYear": "2013",
    "period": "Q4",
    "revenue": 34429000000,
    "costOfRevenue": 32688000000,
    "grossProfit": 1741000000,
    "grossProfitRatio": 0.0505678353,
    "researchAndDevelopmentExpenses": 0,
    "generalAndAdministrativeExpenses": 179000000,
    "sellingAndMarketingExpenses": 0,
    "sellingGeneralAndAdministrativeExpenses": 179000000,
    "otherExpenses": 0,
    "operatingExpenses": 179000000,
    "costAndExpenses": 32867000000,
    "interestIncome": 0,
    "interestExpense": 102000000,
    "depreciationAndAmortization": 437000000,
    "ebitda": 1999000000,
    "ebitdaratio": 0.0580615179,
    "operatingIncome": 1562000000,
    "operatingIncomeRatio": 0.0453687298,
    "totalOtherIncomeExpensesNet": 240000000,
    "incomeBeforeTax": 1802000000,
    "incomeBeforeTaxRatio": 0.0523395974,
    "incomeTaxExpense": 515000000,
    "netIncome": 1288000000,
    "netIncomeRatio": 0.0374103227,
    "eps": 2.39,
    "epsdiluted": 2.38,
    "weightedAverageShsOut": 536000000,
    "weightedAverageShsOutDil": 542000000,
    "link": "https://www.sec.gov/Archives/edgar/data/1035002/000103500214000008/0001035002-14-000008-index.htm",
    "finalLink": "https://www.sec.gov/Archives/edgar/data/1035002/000103500214000008/vloform10-kx12312013.htm"
  },
  {
    "date": "2013-09-30",
    "symbol": "VLO",
    "reportedCurrency": "USD",
    "cik": "0001035002",
    "fillingDate": "2013-11-05",
    "acceptedDate": "2013-11-05 16:12:19",
    "calendarYear": "2013",
    "period": "Q3",
    "revenue": 36137000000,
    "costOfRevenue": 35435000000,
    "grossProfit": 702000000,
    "grossProfitRatio": 0.019426073,
    "researchAndDevelopmentExpenses": 0,
    "generalAndAdministrativeExpenses": 170000000,
    "sellingAndMarketingExpenses": 0,
    "sellingGeneralAndAdministrativeExpenses": 170000000,
    "otherExpenses": 0,
    "operatingExpenses": 170000000,
    "costAndExpenses": 35605000000,
    "interestIncome": 0,
    "interestExpense": 102000000,
    "depreciationAndAmortization": 448000000,
    "ebitda": 980000000,
    "ebitdaratio": 0.0271190193,
    "operatingIncome": 532000000,
    "operatingIncomeRatio": 0.0147217533,
    "totalOtherIncomeExpensesNet": -85000000,
    "incomeBeforeTax": 447000000,
    "incomeBeforeTaxRatio": 0.0123695935,
    "incomeTaxExpense": 123000000,
    "netIncome": 312000000,
    "netIncomeRatio": 0.0086338102,
    "eps": 0.58,
    "epsdiluted": 0.57,
    "weightedAverageShsOut": 540000000,
    "weightedAverageShsOutDil": 545000000,
    "link": "https://www.sec.gov/Archives/edgar/data/1035002/000103500213000066/0001035002-13-000066-index.htm",
    "finalLink": "https://www.sec.gov/Archives/edgar/data/1035002/000103500213000066/vloform10-qx9302013.htm"
  },
  {
    "date": "2013-06-30",
    "symbol": "VLO",
    "reportedCurrency": "USD",
    "cik": "0001035002",
    "fillingDate": "2013-08-07",
    "acceptedDate": "2013-08-07 09:59:35",
    "calendarYear": "2013",
    "period": "Q2",
    "revenue": 34034000000,
    "costOfRevenue": 32993000000,
    "grossProfit": 1041000000,
    "grossProfitRatio": 0.03058706,
    "researchAndDevelopmentExpenses": 0,
    "generalAndAdministrativeExpenses": 233000000,
    "sellingAndMarketingExpenses": 0,
    "sellingGeneralAndAdministrativeExpenses": 233000000,
    "otherExpenses": 0,
    "operatingExpenses": 233000000,
    "costAndExpenses": 33226000000,
    "interestIncome": 0,
    "interestExpense": 78000000,
    "depreciationAndAmortization": 405000000,
    "ebitda": 1221000000,
    "ebitdaratio": 0.0358758888,
    "operatingIncome": 808000000,
    "operatingIncomeRatio": 0.0237409649,
    "totalOtherIncomeExpensesNet": -67000000,
    "incomeBeforeTax": 741000000,
    "incomeBeforeTaxRatio": 0.0217723453,
    "incomeTaxExpense": 276000000,
    "netIncome": 466000000,
    "netIncomeRatio": 0.0136921902,
    "eps": 0.86,
    "epsdiluted": 0.85,
    "weightedAverageShsOut": 543000000,
    "weightedAverageShsOutDil": 548000000,
    "link": "https://www.sec.gov/Archives/edgar/data/1035002/000103500213000060/0001035002-13-000060-index.htm",
    "finalLink": "https://www.sec.gov/Archives/edgar/data/1035002/000103500213000060/vloform10-qx6302013.htm"
  },
  {
    "date": "2013-03-31",
    "symbol": "VLO",
    "reportedCurrency": "USD",
    "cik": "0001035002",
    "fillingDate": "2013-05-08",
    "acceptedDate": "2013-05-08 10:02:23",
    "calendarYear": "2013",
    "period": "Q1",
    "revenue": 33474000000,
    "costOfRevenue": 32237000000,
    "grossProfit": 1237000000,
    "grossProfitRatio": 0.0369540539,
    "researchAndDevelopmentExpenses": 0,
    "generalAndAdministrativeExpenses": 176000000,
    "sellingAndMarketingExpenses": 0,
    "sellingGeneralAndAdministrativeExpenses": 176000000,
    "otherExpenses": 0,
    "operatingExpenses": 176000000,
    "costAndExpenses": 32413000000,
    "interestIncome": 0,
    "interestExpense": 83000000,
    "depreciationAndAmortization": 430000000,
    "ebitda": 1505000000,
    "ebitdaratio": 0.0449602677,
    "operatingIncome": 1061000000,
    "operatingIncomeRatio": 0.0316962419,
    "totalOtherIncomeExpensesNet": -69000000,
    "incomeBeforeTax": 992000000,
    "incomeBeforeTaxRatio": 0.0296349406,
    "incomeTaxExpense": 340000000,
    "netIncome": 654000000,
    "netIncomeRatio": 0.0195375515,
    "eps": 1.18,
    "epsdiluted": 1.18,
    "weightedAverageShsOut": 550000000,
    "weightedAverageShsOutDil": 556000000,
    "link": "https://www.sec.gov/Archives/edgar/data/1035002/000103500213000037/0001035002-13-000037-index.htm",
    "finalLink": "https://www.sec.gov/Archives/edgar/data/1035002/000103500213000037/vloform10-qx3312013.htm"
  },
  {
    "date": "2012-12-31",
    "symbol": "VLO",
    "reportedCurrency": "USD",
    "cik": "0001035002",
    "fillingDate": "2013-02-28",
    "acceptedDate": "2013-02-28 14:42:22",
    "calendarYear": "2012",
    "period": "Q4",
    "revenue": 34695000000,
    "costOfRevenue": 32864000000,
    "grossProfit": 1831000000,
    "grossProfitRatio": 0.052774175,
    "researchAndDevelopmentExpenses": 0,
    "generalAndAdministrativeExpenses": 189000000,
    "sellingAndMarketingExpenses": 0,
    "sellingGeneralAndAdministrativeExpenses": 189000000,
    "otherExpenses": 0,
    "operatingExpenses": 189000000,
    "costAndExpenses": 33053000000,
    "interestIncome": 0,
    "interestExpense": 70000000,
    "depreciationAndAmortization": 402000000,
    "ebitda": 1996000000,
    "ebitdaratio": 0.0575299034,
    "operatingIncome": 1584000000,
    "operatingIncomeRatio": 0.0456549935,
    "totalOtherIncomeExpensesNet": -60000000,
    "incomeBeforeTax": 1524000000,
    "incomeBeforeTaxRatio": 0.0439256377,
    "incomeTaxExpense": 515000000,
    "netIncome": 1010000000,
    "netIncomeRatio": 0.0291108229,
    "eps": 1.83,
    "epsdiluted": 1.82,
    "weightedAverageShsOut": 551000000,
    "weightedAverageShsOutDil": 556000000,
    "link": "https://www.sec.gov/Archives/edgar/data/1035002/000103500213000008/0001035002-13-000008-index.htm",
    "finalLink": "https://www.sec.gov/Archives/edgar/data/1035002/000103500213000008/vlo12311210k.htm"
  },
  {
    "date": "2012-09-30",
    "symbol": "VLO",
    "reportedCurrency": "USD",
    "cik": "0001035002",
    "fillingDate": "2012-11-06",
    "acceptedDate": "2012-11-06 10:18:03",
    "calendarYear": "2012",
    "period": "Q3",
    "revenue": 34726000000,
    "costOfRevenue": 32898000000,
    "grossProfit": 1828000000,
    "grossProfitRatio": 0.0526406727,
    "researchAndDevelopmentExpenses": 0,
    "generalAndAdministrativeExpenses": 174000000,
    "sellingAndMarketingExpenses": 0,
    "sellingGeneralAndAdministrativeExpenses": 174000000,
    "otherExpenses": 0,
    "operatingExpenses": 174000000,
    "costAndExpenses": 33072000000,
    "interestIncome": 0,
    "interestExpense": 70000000,
    "depreciationAndAmortization": 402000000,
    "ebitda": 1709000000,
    "ebitdaratio": 0.0492138455,
    "operatingIncome": 1309000000,
    "operatingIncomeRatio": 0.0376950988,
    "totalOtherIncomeExpensesNet": -72000000,
    "incomeBeforeTax": 1237000000,
    "incomeBeforeTaxRatio": 0.0356217244,
    "incomeTaxExpense": 564000000,
    "netIncome": 674000000,
    "netIncomeRatio": 0.0194090883,
    "eps": 1.22,
    "epsdiluted": 1.21,
    "weightedAverageShsOut": 549000000,
    "weightedAverageShsOutDil": 556000000,
    "link": "https://www.sec.gov/Archives/edgar/data/1035002/000103500212000059/0001035002-12-000059-index.htm",
    "finalLink": "https://www.sec.gov/Archives/edgar/data/1035002/000103500212000059/vlo9301210q.htm"
  },
  {
    "date": "2012-06-30",
    "symbol": "VLO",
    "reportedCurrency": "USD",
    "cik": "0001035002",
    "fillingDate": "2012-08-08",
    "acceptedDate": "2012-08-08 09:22:45",
    "calendarYear": "2012",
    "period": "Q2",
    "revenue": 34662000000,
    "costOfRevenue": 33130000000,
    "grossProfit": 1532000000,
    "grossProfitRatio": 0.0441982575,
    "researchAndDevelopmentExpenses": 0,
    "generalAndAdministrativeExpenses": 171000000,
    "sellingAndMarketingExpenses": 0,
    "sellingGeneralAndAdministrativeExpenses": 171000000,
    "otherExpenses": 0,
    "operatingExpenses": 171000000,
    "costAndExpenses": 33301000000,
    "interestIncome": 0,
    "interestExpense": 74000000,
    "depreciationAndAmortization": 386000000,
    "ebitda": 1742000000,
    "ebitdaratio": 0.0502567653,
    "operatingIncome": 1361000000,
    "operatingIncomeRatio": 0.039264901,
    "totalOtherIncomeExpensesNet": -79000000,
    "incomeBeforeTax": 1282000000,
    "incomeBeforeTaxRatio": 0.0369857481,
    "incomeTaxExpense": 452000000,
    "netIncome": 831000000,
    "netIncomeRatio": 0.0239743812,
    "eps": 1.5,
    "epsdiluted": 1.5,
    "weightedAverageShsOut": 550000000,
    "weightedAverageShsOutDil": 555000000,
    "link": "https://www.sec.gov/Archives/edgar/data/1035002/000103500212000052/0001035002-12-000052-index.htm",
    "finalLink": "https://www.sec.gov/Archives/edgar/data/1035002/000103500212000052/vlo6301210q.htm"
  },
  {
    "date": "2012-03-31",
    "symbol": "VLO",
    "reportedCurrency": "USD",
    "cik": "0001035002",
    "fillingDate": "2012-05-08",
    "acceptedDate": "2012-05-08 09:38:21",
    "calendarYear": "2012",
    "period": "Q1",
    "revenue": 35167000000,
    "costOfRevenue": 34636000000,
    "grossProfit": 531000000,
    "grossProfitRatio": 0.0150993829,
    "researchAndDevelopmentExpenses": 0,
    "generalAndAdministrativeExpenses": 164000000,
    "sellingAndMarketingExpenses": 0,
    "sellingGeneralAndAdministrativeExpenses": 164000000,
    "otherExpenses": 0,
    "operatingExpenses": 164000000,
    "costAndExpenses": 34800000000,
    "interestIncome": 0,
    "interestExpense": 99000000,
    "depreciationAndAmortization": 384000000,
    "ebitda": 146000000,
    "ebitdaratio": 0.0041516194,
    "operatingIncome": -244000000,
    "operatingIncomeRatio": -0.0069383229,
    "totalOtherIncomeExpensesNet": -93000000,
    "incomeBeforeTax": -337000000,
    "incomeBeforeTaxRatio": -0.0095828476,
    "incomeTaxExpense": 95000000,
    "netIncome": -432000000,
    "netIncomeRatio": -0.0122842438,
    "eps": -0.78,
    "epsdiluted": -0.78,
    "weightedAverageShsOut": 551000000,
    "weightedAverageShsOutDil": 551000000,
    "link": "https://www.sec.gov/Archives/edgar/data/1035002/000103500212000032/0001035002-12-000032-index.htm",
    "finalLink": "https://www.sec.gov/Archives/edgar/data/1035002/000103500212000032/vlo3311210q.htm"
  },
  {
    "date": "2011-12-31",
    "symbol": "VLO",
    "reportedCurrency": "USD",
    "cik": "0001035002",
    "fillingDate": "2012-02-24",
    "acceptedDate": "2012-02-24 09:40:24",
    "calendarYear": "2011",
    "period": "Q4",
    "revenue": 34673000000,
    "costOfRevenue": 34377000000,
    "grossProfit": 296000000,
    "grossProfitRatio": 0.0085369019,
    "researchAndDevelopmentExpenses": 0,
    "generalAndAdministrativeExpenses": 129000000,
    "sellingAndMarketingExpenses": 0,
    "sellingGeneralAndAdministrativeExpenses": 129000000,
    "otherExpenses": 0,
    "operatingExpenses": 129000000,
    "costAndExpenses": 34506000000,
    "interestIncome": 0,
    "interestExpense": 89000000,
    "depreciationAndAmortization": 393000000,
    "ebitda": 575000000,
    "ebitdaratio": 0.0165835088,
    "operatingIncome": 167000000,
    "operatingIncomeRatio": 0.0048164278,
    "totalOtherIncomeExpensesNet": -74000000,
    "incomeBeforeTax": 93000000,
    "incomeBeforeTaxRatio": 0.0026822023,
    "incomeTaxExpense": 48000000,
    "netIncome": 45000000,
    "netIncomeRatio": 0.0012978398,
    "eps": 0.08,
    "epsdiluted": 0.08,
    "weightedAverageShsOut": 555000000,
    "weightedAverageShsOutDil": 560000000,
    "link": "https://www.sec.gov/Archives/edgar/data/1035002/000103500212000008/0001035002-12-000008-index.htm",
    "finalLink": "https://www.sec.gov/Archives/edgar/data/1035002/000103500212000008/vlo12311110k.htm"
  },
  {
    "date": "2011-09-30",
    "symbol": "VLO",
    "reportedCurrency": "USD",
    "cik": "0001035002",
    "fillingDate": "2011-11-09",
    "acceptedDate": "2011-11-09 10:18:02",
    "calendarYear": "2011",
    "period": "Q3",
    "revenue": 33713000000,
    "costOfRevenue": 31183000000,
    "grossProfit": 2530000000,
    "grossProfitRatio": 0.0750452348,
    "researchAndDevelopmentExpenses": 0,
    "generalAndAdministrativeExpenses": 139000000,
    "sellingAndMarketingExpenses": 22000000,
    "sellingGeneralAndAdministrativeExpenses": 161000000,
    "otherExpenses": 390000000,
    "operatingExpenses": 551000000,
    "costAndExpenses": 31734000000,
    "interestIncome": 0,
    "interestExpense": 88000000,
    "depreciationAndAmortization": 390000000,
    "ebitda": 2370000000,
    "ebitdaratio": 0.0702992911,
    "operatingIncome": 1979000000,
    "operatingIncomeRatio": 0.0587013912,
    "totalOtherIncomeExpensesNet": -87000000,
    "incomeBeforeTax": 1892000000,
    "incomeBeforeTaxRatio": 0.0561207843,
    "incomeTaxExpense": 689000000,
    "netIncome": 1203000000,
    "netIncomeRatio": 0.0356835642,
    "eps": 2.12,
    "epsdiluted": 2.11,
    "weightedAverageShsOut": 564000000,
    "weightedAverageShsOutDil": 569000000,
    "link": "https://www.sec.gov/Archives/edgar/data/1035002/000103500211000064/0001035002-11-000064-index.htm",
    "finalLink": "https://www.sec.gov/Archives/edgar/data/1035002/000103500211000064/vlo9301110q.htm"
  },
  {
    "date": "2011-06-30",
    "symbol": "VLO",
    "reportedCurrency": "USD",
    "cik": "0001035002",
    "fillingDate": "2011-08-09",
    "acceptedDate": "2011-08-09 08:46:56",
    "calendarYear": "2011",
    "period": "Q2",
    "revenue": 31293000000,
    "costOfRevenue": 29466000000,
    "grossProfit": 1827000000,
    "grossProfitRatio": 0.0583836641,
    "researchAndDevelopmentExpenses": 0,
    "generalAndAdministrativeExpenses": 151000000,
    "sellingAndMarketingExpenses": 0,
    "sellingGeneralAndAdministrativeExpenses": 151000000,
    "otherExpenses": 386000000,
    "operatingExpenses": 537000000,
    "costAndExpenses": 30003000000,
    "interestIncome": 0,
    "interestExpense": 107000000,
    "depreciationAndAmortization": 386000000,
    "ebitda": 1686000000,
    "ebitdaratio": 0.0538778641,
    "operatingIncome": 1290000000,
    "operatingIncomeRatio": 0.0412232768,
    "totalOtherIncomeExpensesNet": -97000000,
    "incomeBeforeTax": 1193000000,
    "incomeBeforeTaxRatio": 0.038123542,
    "incomeTaxExpense": 449000000,
    "netIncome": 744000000,
    "netIncomeRatio": 0.0237752852,
    "eps": 1.31,
    "epsdiluted": 1.3,
    "weightedAverageShsOut": 567000000,
    "weightedAverageShsOutDil": 574000000,
    "link": "https://www.sec.gov/Archives/edgar/data/1035002/000103500211000057/0001035002-11-000057-index.htm",
    "finalLink": "https://www.sec.gov/Archives/edgar/data/1035002/000103500211000057/vlo6301110q.htm"
  },
  {
    "date": "2011-03-31",
    "symbol": "VLO",
    "reportedCurrency": "USD",
    "cik": "0001035002",
    "fillingDate": "2011-05-09",
    "acceptedDate": "2011-05-09 16:53:31",
    "calendarYear": "2011",
    "period": "Q1",
    "revenue": 26308000000,
    "costOfRevenue": 25569000000,
    "grossProfit": 739000000,
    "grossProfitRatio": 0.0280903147,
    "researchAndDevelopmentExpenses": 0,
    "generalAndAdministrativeExpenses": 130000000,
    "sellingAndMarketingExpenses": 0,
    "sellingGeneralAndAdministrativeExpenses": 130000000,
    "otherExpenses": 365000000,
    "operatingExpenses": 495000000,
    "costAndExpenses": 26064000000,
    "interestIncome": 0,
    "interestExpense": 117000000,
    "depreciationAndAmortization": 365000000,
    "ebitda": 626000000,
    "ebitdaratio": 0.0237950433,
    "operatingIncome": 244000000,
    "operatingIncomeRatio": 0.0092747453,
    "totalOtherIncomeExpensesNet": -100000000,
    "incomeBeforeTax": 144000000,
    "incomeBeforeTaxRatio": 0.0054736202,
    "incomeTaxExpense": 40000000,
    "netIncome": 98000000,
    "netIncomeRatio": 0.0037251026,
    "eps": 0.17,
    "epsdiluted": 0.17,
    "weightedAverageShsOut": 566000000,
    "weightedAverageShsOutDil": 573000000,
    "link": "https://www.sec.gov/Archives/edgar/data/1035002/000103500211000035/0001035002-11-000035-index.htm",
    "finalLink": "https://www.sec.gov/Archives/edgar/data/1035002/000103500211000035/vlo3311110q.htm"
  },
  {
    "date": "2010-12-31",
    "symbol": "VLO",
    "reportedCurrency": "USD",
    "cik": "0001035002",
    "fillingDate": "2011-02-25",
    "acceptedDate": "2011-02-25 10:32:13",
    "calendarYear": "2010",
    "period": "Q4",
    "revenue": 18605000000,
    "costOfRevenue": 18268000000,
    "grossProfit": 337000000,
    "grossProfitRatio": 0.0181134104,
    "researchAndDevelopmentExpenses": 0,
    "generalAndAdministrativeExpenses": 164000000,
    "sellingAndMarketingExpenses": -552000000,
    "sellingGeneralAndAdministrativeExpenses": -388000000,
    "otherExpenses": 309000000,
    "operatingExpenses": -79000000,
    "costAndExpenses": 18189000000,
    "interestIncome": 0,
    "interestExpense": 122000000,
    "depreciationAndAmortization": 377000000,
    "ebitda": 869000000,
    "ebitdaratio": 0.0467078742,
    "operatingIncome": 416000000,
    "operatingIncomeRatio": 0.0223595808,
    "totalOtherIncomeExpensesNet": -46000000,
    "incomeBeforeTax": 370000000,
    "incomeBeforeTaxRatio": 0.0198871271,
    "incomeTaxExpense": 168000000,
    "netIncome": -438000000,
    "netIncomeRatio": -0.0235420586,
    "eps": -0.77,
    "epsdiluted": -0.76,
    "weightedAverageShsOut": 566000000,
    "weightedAverageShsOutDil": 573000000,
    "link": "https://www.sec.gov/Archives/edgar/data/1035002/000103500211000013/0001035002-11-000013-index.htm",
    "finalLink": "https://www.sec.gov/Archives/edgar/data/1035002/000103500211000013/vlo12311010k.htm"
  },
  {
    "date": "2010-09-30",
    "symbol": "VLO",
    "reportedCurrency": "USD",
    "cik": "0001035002",
    "fillingDate": "2010-11-03",
    "acceptedDate": "2010-11-03 16:44:00",
    "calendarYear": "2010",
    "period": "Q3",
    "revenue": 22210000000,
    "costOfRevenue": 20936000000,
    "grossProfit": 1274000000,
    "grossProfitRatio": 0.0573615489,
    "researchAndDevelopmentExpenses": 0,
    "generalAndAdministrativeExpenses": 139000000,
    "sellingAndMarketingExpenses": 192000000,
    "sellingGeneralAndAdministrativeExpenses": 331000000,
    "otherExpenses": 372000000,
    "operatingExpenses": 703000000,
    "costAndExpenses": 21639000000,
    "interestIncome": 0,
    "interestExpense": 119000000,
    "depreciationAndAmortization": 372000000,
    "ebitda": 943000000,
    "ebitdaratio": 0.0424583521,
    "operatingIncome": 571000000,
    "operatingIncomeRatio": 0.02570914,
    "totalOtherIncomeExpensesNet": -83000000,
    "incomeBeforeTax": 470000000,
    "incomeBeforeTaxRatio": 0.0211616389,
    "incomeTaxExpense": 178000000,
    "netIncome": 292000000,
    "netIncomeRatio": 0.013147231,
    "eps": 0.52,
    "epsdiluted": 0.51,
    "weightedAverageShsOut": 564000000,
    "weightedAverageShsOutDil": 568000000,
    "link": "https://www.sec.gov/Archives/edgar/data/1035002/000095012310100154/0000950123-10-100154-index.htm",
    "finalLink": "https://www.sec.gov/Archives/edgar/data/1035002/000095012310100154/d76133e10vq.htm"
  },
  {
    "date": "2010-06-30",
    "symbol": "VLO",
    "reportedCurrency": "USD",
    "cik": "0001035002",
    "fillingDate": "2010-08-06",
    "acceptedDate": "2010-08-06 09:50:33",
    "calendarYear": "2010",
    "period": "Q2",
    "revenue": 21775000000,
    "costOfRevenue": 20167000000,
    "grossProfit": 1608000000,
    "grossProfitRatio": 0.0738461538,
    "researchAndDevelopmentExpenses": 0,
    "generalAndAdministrativeExpenses": 131000000,
    "sellingAndMarketingExpenses": 187000000,
    "sellingGeneralAndAdministrativeExpenses": 318000000,
    "otherExpenses": 367000000,
    "operatingExpenses": 685000000,
    "costAndExpenses": 20852000000,
    "interestIncome": 0,
    "interestExpense": 116000000,
    "depreciationAndAmortization": 367000000,
    "ebitda": 1272000000,
    "ebitdaratio": 0.0584156142,
    "operatingIncome": 921000000,
    "operatingIncomeRatio": 0.0422962113,
    "totalOtherIncomeExpensesNet": -115000000,
    "incomeBeforeTax": 806000000,
    "incomeBeforeTaxRatio": 0.0370149254,
    "incomeTaxExpense": 276000000,
    "netIncome": 583000000,
    "netIncomeRatio": 0.0267738232,
    "eps": 1.03,
    "epsdiluted": 1.03,
    "weightedAverageShsOut": 563000000,
    "weightedAverageShsOutDil": 567000000,
    "link": "https://www.sec.gov/Archives/edgar/data/1035002/000095012310073857/0000950123-10-073857-index.htm",
    "finalLink": "https://www.sec.gov/Archives/edgar/data/1035002/000095012310073857/d71740e10vq.htm"
  },
  {
    "date": "2010-03-31",
    "symbol": "VLO",
    "reportedCurrency": "USD",
    "cik": "0001035002",
    "fillingDate": "2010-05-07",
    "acceptedDate": "2010-05-07 14:03:48",
    "calendarYear": "2010",
    "period": "Q1",
    "revenue": 19643000000,
    "costOfRevenue": 19048000000,
    "grossProfit": 595000000,
    "grossProfitRatio": 0.0302906888,
    "researchAndDevelopmentExpenses": 0,
    "generalAndAdministrativeExpenses": 97000000,
    "sellingAndMarketingExpenses": 173000000,
    "sellingGeneralAndAdministrativeExpenses": 270000000,
    "otherExpenses": 357000000,
    "operatingExpenses": 627000000,
    "costAndExpenses": 19675000000,
    "interestIncome": 0,
    "interestExpense": 127000000,
    "depreciationAndAmortization": 357000000,
    "ebitda": 325000000,
    "ebitdaratio": 0.0165453342,
    "operatingIncome": -32000000,
    "operatingIncomeRatio": -0.0016290791,
    "totalOtherIncomeExpensesNet": -80000000,
    "incomeBeforeTax": -148000000,
    "incomeBeforeTaxRatio": -0.0075344907,
    "incomeTaxExpense": -47000000,
    "netIncome": -113000000,
    "netIncomeRatio": -0.0057526854,
    "eps": -0.2,
    "epsdiluted": -0.2,
    "weightedAverageShsOut": 562000000,
    "weightedAverageShsOutDil": 562000000,
    "link": "https://www.sec.gov/Archives/edgar/data/1035002/000095012310046222/0000950123-10-046222-index.htm",
    "finalLink": "https://www.sec.gov/Archives/edgar/data/1035002/000095012310046222/d71712e10vq.htm"
  },
  {
    "date": "2009-12-31",
    "symbol": "VLO",
    "reportedCurrency": "USD",
    "cik": "0001035002",
    "fillingDate": "2010-02-26",
    "acceptedDate": "2010-02-26 15:55:06",
    "calendarYear": "2009",
    "period": "Q4",
    "revenue": 16906000000,
    "costOfRevenue": 16217000000,
    "grossProfit": 689000000,
    "grossProfitRatio": 0.0407547616,
    "researchAndDevelopmentExpenses": 0,
    "generalAndAdministrativeExpenses": 137000000,
    "sellingAndMarketingExpenses": 180000000,
    "sellingGeneralAndAdministrativeExpenses": 317000000,
    "otherExpenses": 272000000,
    "operatingExpenses": 589000000,
    "costAndExpenses": 16806000000,
    "interestIncome": 0,
    "interestExpense": 117000000,
    "depreciationAndAmortization": 371000000,
    "ebitda": 849000000,
    "ebitdaratio": 0.0502188572,
    "operatingIncome": 445000000,
    "operatingIncomeRatio": 0.0263220159,
    "totalOtherIncomeExpensesNet": -84000000,
    "incomeBeforeTax": 361000000,
    "incomeBeforeTaxRatio": 0.0213533657,
    "incomeTaxExpense": 139000000,
    "netIncome": -1408000000,
    "netIncomeRatio": -0.0832840412,
    "eps": -2.51,
    "epsdiluted": -2.51,
    "weightedAverageShsOut": 562000000,
    "weightedAverageShsOutDil": 562000000,
    "link": "https://www.sec.gov/Archives/edgar/data/1035002/000095012310018097/0000950123-10-018097-index.htm",
    "finalLink": "https://www.sec.gov/Archives/edgar/data/1035002/000095012310018097/d70408e10vk.htm"
  },
  {
    "date": "2009-09-30",
    "symbol": "VLO",
    "reportedCurrency": "USD",
    "cik": "0001035002",
    "fillingDate": "2009-11-05",
    "acceptedDate": "2009-11-05 17:03:36",
    "calendarYear": "2009",
    "period": "Q3",
    "revenue": 19489000000,
    "costOfRevenue": 19027000000,
    "grossProfit": 462000000,
    "grossProfitRatio": 0.0237056801,
    "researchAndDevelopmentExpenses": 0,
    "generalAndAdministrativeExpenses": 167000000,
    "sellingAndMarketingExpenses": 182000000,
    "sellingGeneralAndAdministrativeExpenses": 349000000,
    "otherExpenses": 389000000,
    "operatingExpenses": 738000000,
    "costAndExpenses": 19765000000,
    "interestIncome": 0,
    "interestExpense": 130000000,
    "depreciationAndAmortization": 389000000,
    "ebitda": 159000000,
    "ebitdaratio": 0.0081584484,
    "operatingIncome": -693000000,
    "operatingIncomeRatio": -0.0355585202,
    "totalOtherIncomeExpensesNet": -576000000,
    "incomeBeforeTax": -814000000,
    "incomeBeforeTaxRatio": -0.0417671507,
    "incomeTaxExpense": -185000000,
    "netIncome": -629000000,
    "netIncomeRatio": -0.0322746165,
    "eps": -1.12,
    "epsdiluted": -1.12,
    "weightedAverageShsOut": 561000000,
    "weightedAverageShsOutDil": 561000000,
    "link": "https://www.sec.gov/Archives/edgar/data/1035002/000095012309058514/0000950123-09-058514-index.htm",
    "finalLink": "https://www.sec.gov/Archives/edgar/data/1035002/000095012309058514/d68789e10vq.htm"
  },
  {
    "date": "2009-06-30",
    "symbol": "VLO",
    "reportedCurrency": "USD",
    "cik": "0001035002",
    "fillingDate": "2009-08-07",
    "acceptedDate": "2009-08-07 13:15:54",
    "calendarYear": "2009",
    "period": "Q2",
    "revenue": 17925000000,
    "costOfRevenue": 17558000000,
    "grossProfit": 367000000,
    "grossProfitRatio": 0.020474198,
    "researchAndDevelopmentExpenses": 0,
    "generalAndAdministrativeExpenses": 124000000,
    "sellingAndMarketingExpenses": 171000000,
    "sellingGeneralAndAdministrativeExpenses": 295000000,
    "otherExpenses": 389000000,
    "operatingExpenses": 684000000,
    "costAndExpenses": 18242000000,
    "interestIncome": 0,
    "interestExpense": 82000000,
    "depreciationAndAmortization": 389000000,
    "ebitda": 174000000,
    "ebitdaratio": 0.009707113,
    "operatingIncome": -317000000,
    "operatingIncomeRatio": -0.0176847978,
    "totalOtherIncomeExpensesNet": 18000000,
    "incomeBeforeTax": -423000000,
    "incomeBeforeTaxRatio": -0.0235983264,
    "incomeTaxExpense": -169000000,
    "netIncome": -254000000,
    "netIncomeRatio": -0.0141701534,
    "eps": -0.48,
    "epsdiluted": -0.48,
    "weightedAverageShsOut": 525000000,
    "weightedAverageShsOutDil": 525000000,
    "link": "https://www.sec.gov/Archives/edgar/data/1035002/000095012309031901/0000950123-09-031901-index.htm",
    "finalLink": "https://www.sec.gov/Archives/edgar/data/1035002/000095012309031901/d68560e10vq.htm"
  },
  {
    "date": "2009-03-31",
    "symbol": "VLO",
    "reportedCurrency": "USD",
    "cik": "0001035002",
    "fillingDate": "2009-05-07",
    "acceptedDate": "2009-05-07 15:52:42",
    "calendarYear": "2009",
    "period": "Q1",
    "revenue": 13824000000,
    "costOfRevenue": 12625000000,
    "grossProfit": 1199000000,
    "grossProfitRatio": 0.0867332176,
    "researchAndDevelopmentExpenses": 0,
    "generalAndAdministrativeExpenses": 145000000,
    "sellingAndMarketingExpenses": 169000000,
    "sellingGeneralAndAdministrativeExpenses": 314000000,
    "otherExpenses": 378000000,
    "operatingExpenses": 692000000,
    "costAndExpenses": 13317000000,
    "interestIncome": 0,
    "interestExpense": 79000000,
    "depreciationAndAmortization": 378000000,
    "ebitda": 970000000,
    "ebitdaratio": 0.0701678241,
    "operatingIncome": 507000000,
    "operatingIncomeRatio": 0.0366753472,
    "totalOtherIncomeExpensesNet": 5000000,
    "incomeBeforeTax": 427000000,
    "incomeBeforeTaxRatio": 0.0308883102,
    "incomeTaxExpense": 118000000,
    "netIncome": 309000000,
    "netIncomeRatio": 0.0223524306,
    "eps": 0.6,
    "epsdiluted": 0.59,
    "weightedAverageShsOut": 514000000,
    "weightedAverageShsOutDil": 519000000,
    "link": "https://www.sec.gov/Archives/edgar/data/1035002/000095013409009899/0000950134-09-009899-index.htm",
    "finalLink": "https://www.sec.gov/Archives/edgar/data/1035002/000095013409009899/d67545e10vq.htm"
  },
  {
    "date": "2008-12-31",
    "symbol": "VLO",
    "reportedCurrency": "USD",
    "cik": "0001035002",
    "fillingDate": "2009-02-27",
    "acceptedDate": "2009-02-27 13:06:11",
    "calendarYear": "2008",
    "period": "Q4",
    "revenue": 18569000000,
    "costOfRevenue": 16710000000,
    "grossProfit": 1859000000,
    "grossProfitRatio": 0.1001130917,
    "researchAndDevelopmentExpenses": 0,
    "generalAndAdministrativeExpenses": 559000000,
    "sellingAndMarketingExpenses": 768000000,
    "sellingGeneralAndAdministrativeExpenses": 327000000,
    "otherExpenses": 4439000000,
    "operatingExpenses": 4766000000,
    "costAndExpenses": 21476000000,
    "interestIncome": 0,
    "interestExpense": 0,
    "depreciationAndAmortization": 370000000,
    "ebitda": -2537000000,
    "ebitdaratio": -0.1366255587,
    "operatingIncome": -2907000000,
    "operatingIncomeRatio": -0.1565512413,
    "totalOtherIncomeExpensesNet": -37000000,
    "incomeBeforeTax": -2944000000,
    "incomeBeforeTaxRatio": -0.1585438096,
    "incomeTaxExpense": 334000000,
    "netIncome": -3278000000,
    "netIncomeRatio": -0.1765307771,
    "eps": -6.38,
    "epsdiluted": -6.32,
    "weightedAverageShsOut": 514000000,
    "weightedAverageShsOutDil": 519000000,
    "link": "https://www.sec.gov/Archives/edgar/data/1035002/000095013409003971/0000950134-09-003971-index.htm",
    "finalLink": "https://www.sec.gov/Archives/edgar/data/1035002/000095013409003971/d66469e10vk.htm"
  },
  {
    "date": "2008-09-30",
    "symbol": "VLO",
    "reportedCurrency": "USD",
    "cik": "0001035002",
    "fillingDate": "2008-11-07",
    "acceptedDate": "2008-11-07 11:08:12",
    "calendarYear": "2008",
    "period": "Q3",
    "revenue": 35960000000,
    "costOfRevenue": 33685000000,
    "grossProfit": 2275000000,
    "grossProfitRatio": 0.0632647386,
    "researchAndDevelopmentExpenses": 0,
    "generalAndAdministrativeExpenses": 169000000,
    "sellingAndMarketingExpenses": 201000000,
    "sellingGeneralAndAdministrativeExpenses": 370000000,
    "otherExpenses": 65000000,
    "operatingExpenses": 435000000,
    "costAndExpenses": 34120000000,
    "interestIncome": 0,
    "interestExpense": 0,
    "depreciationAndAmortization": 370000000,
    "ebitda": 2210000000,
    "ebitdaratio": 0.0614571746,
    "operatingIncome": 1840000000,
    "operatingIncomeRatio": 0.0511679644,
    "totalOtherIncomeExpensesNet": -45000000,
    "incomeBeforeTax": 1795000000,
    "incomeBeforeTaxRatio": 0.049916574,
    "incomeTaxExpense": 643000000,
    "netIncome": 1152000000,
    "netIncomeRatio": 0.0320355951,
    "eps": 2.21,
    "epsdiluted": 2.18,
    "weightedAverageShsOut": 522000000,
    "weightedAverageShsOutDil": 529000000,
    "link": "https://www.sec.gov/Archives/edgar/data/1035002/000095013408019808/0000950134-08-019808-index.htm",
    "finalLink": "https://www.sec.gov/Archives/edgar/data/1035002/000095013408019808/d64946e10vq.htm"
  },
  {
    "date": "2008-06-30",
    "symbol": "VLO",
    "reportedCurrency": "USD",
    "cik": "0001035002",
    "fillingDate": "2008-08-08",
    "acceptedDate": "2008-08-08 10:51:32",
    "calendarYear": "2008",
    "period": "Q2",
    "revenue": 36640000000,
    "costOfRevenue": 34806000000,
    "grossProfit": 1834000000,
    "grossProfitRatio": 0.0500545852,
    "researchAndDevelopmentExpenses": 0,
    "generalAndAdministrativeExpenses": 117000000,
    "sellingAndMarketingExpenses": 190000000,
    "sellingGeneralAndAdministrativeExpenses": 307000000,
    "otherExpenses": 369000000,
    "operatingExpenses": 676000000,
    "costAndExpenses": 35482000000,
    "interestIncome": 0,
    "interestExpense": 0,
    "depreciationAndAmortization": 369000000,
    "ebitda": 1527000000,
    "ebitdaratio": 0.0416757642,
    "operatingIncome": 1158000000,
    "operatingIncomeRatio": 0.0316048035,
    "totalOtherIncomeExpensesNet": -68000000,
    "incomeBeforeTax": 1090000000,
    "incomeBeforeTaxRatio": 0.0297489083,
    "incomeTaxExpense": 356000000,
    "netIncome": 734000000,
    "netIncomeRatio": 0.0200327511,
    "eps": 1.4,
    "epsdiluted": 1.37,
    "weightedAverageShsOut": 526000000,
    "weightedAverageShsOutDil": 534000000,
    "link": "https://www.sec.gov/Archives/edgar/data/1035002/000095013408014673/0000950134-08-014673-index.htm",
    "finalLink": "https://www.sec.gov/Archives/edgar/data/1035002/000095013408014673/d59107e10vq.htm"
  },
  {
    "date": "2008-03-31",
    "symbol": "VLO",
    "reportedCurrency": "USD",
    "cik": "0001035002",
    "fillingDate": "2008-05-09",
    "acceptedDate": "2008-05-09 13:00:06",
    "calendarYear": "2008",
    "period": "Q1",
    "revenue": 27945000000,
    "costOfRevenue": 26783000000,
    "grossProfit": 1162000000,
    "grossProfitRatio": 0.0415816783,
    "researchAndDevelopmentExpenses": 0,
    "generalAndAdministrativeExpenses": 135000000,
    "sellingAndMarketingExpenses": 188000000,
    "sellingGeneralAndAdministrativeExpenses": 323000000,
    "otherExpenses": 367000000,
    "operatingExpenses": 690000000,
    "costAndExpenses": 27473000000,
    "interestIncome": 0,
    "interestExpense": 0,
    "depreciationAndAmortization": 367000000,
    "ebitda": 839000000,
    "ebitdaratio": 0.03002326,
    "operatingIncome": 472000000,
    "operatingIncomeRatio": 0.0168903203,
    "totalOtherIncomeExpensesNet": -77000000,
    "incomeBeforeTax": 395000000,
    "incomeBeforeTaxRatio": 0.0141349079,
    "incomeTaxExpense": 134000000,
    "netIncome": 261000000,
    "netIncomeRatio": 0.0093397746,
    "eps": 0.49,
    "epsdiluted": 0.48,
    "weightedAverageShsOut": 532000000,
    "weightedAverageShsOutDil": 541000000,
    "link": "https://www.sec.gov/Archives/edgar/data/1035002/000095013408009050/0000950134-08-009050-index.htm",
    "finalLink": "https://www.sec.gov/Archives/edgar/data/1035002/000095013408009050/d56597e10vq.htm"
  },
  {
    "date": "2007-12-31",
    "symbol": "VLO",
    "reportedCurrency": "USD",
    "cik": "0001035002",
    "fillingDate": "2008-02-29",
    "acceptedDate": "2008-02-29 10:30:03",
    "calendarYear": "2007",
    "period": "Q4",
    "revenue": 29277000000,
    "costOfRevenue": 27076000000,
    "grossProfit": 2201000000,
    "grossProfitRatio": 0.0751784677,
    "researchAndDevelopmentExpenses": 0,
    "generalAndAdministrativeExpenses": 638000000,
    "sellingAndMarketingExpenses": 750000000,
    "sellingGeneralAndAdministrativeExpenses": 353000000,
    "otherExpenses": 964000000,
    "operatingExpenses": 1317000000,
    "costAndExpenses": 28393000000,
    "interestIncome": 0,
    "interestExpense": 0,
    "depreciationAndAmortization": 357000000,
    "ebitda": 1232000000,
    "ebitdaratio": 0.0420808143,
    "operatingIncome": 884000000,
    "operatingIncomeRatio": 0.0301943505,
    "totalOtherIncomeExpensesNet": -85000000,
    "incomeBeforeTax": 799000000,
    "incomeBeforeTaxRatio": 0.0272910476,
    "incomeTaxExpense": 232000000,
    "netIncome": 1173000000,
    "netIncomeRatio": 0.0400655805,
    "eps": 2.2,
    "epsdiluted": 2.17,
    "weightedAverageShsOut": 532000000,
    "weightedAverageShsOutDil": 541000000,
    "link": "https://www.sec.gov/Archives/edgar/data/1035002/000095013408003802/0000950134-08-003802-index.htm",
    "finalLink": "https://www.sec.gov/Archives/edgar/data/1035002/000095013408003802/d54294e10vk.htm"
  },
  {
    "date": "2007-09-30",
    "symbol": "VLO",
    "reportedCurrency": "USD",
    "cik": "0001035002",
    "fillingDate": "2007-11-07",
    "acceptedDate": "2007-11-07 17:18:33",
    "calendarYear": "2007",
    "period": "Q3",
    "revenue": 23492000000,
    "costOfRevenue": 21846000000,
    "grossProfit": 1646000000,
    "grossProfitRatio": 0.0700664056,
    "researchAndDevelopmentExpenses": 0,
    "generalAndAdministrativeExpenses": 136000000,
    "sellingAndMarketingExpenses": 185000000,
    "sellingGeneralAndAdministrativeExpenses": 342000000,
    "otherExpenses": 136000000,
    "operatingExpenses": 478000000,
    "costAndExpenses": 22324000000,
    "interestIncome": 0,
    "interestExpense": 0,
    "depreciationAndAmortization": 344000000,
    "ebitda": 1512000000,
    "ebitdaratio": 0.0643623361,
    "operatingIncome": 1168000000,
    "operatingIncomeRatio": 0.0497190533,
    "totalOtherIncomeExpensesNet": 22000000,
    "incomeBeforeTax": 1190000000,
    "incomeBeforeTaxRatio": 0.0506555423,
    "incomeTaxExpense": 342000000,
    "netIncome": 1067000000,
    "netIncomeRatio": 0.0454197174,
    "eps": 2.31,
    "epsdiluted": 2.09,
    "weightedAverageShsOut": 551000000,
    "weightedAverageShsOutDil": 564000000,
    "link": "https://www.sec.gov/Archives/edgar/data/1035002/000095013407023179/0000950134-07-023179-index.htm",
    "finalLink": "https://www.sec.gov/Archives/edgar/data/1035002/000095013407023179/d51166e10vq.htm"
  },
  {
    "date": "2007-06-30",
    "symbol": "VLO",
    "reportedCurrency": "USD",
    "cik": "0001035002",
    "fillingDate": "2007-08-08",
    "acceptedDate": "2007-08-08 14:37:05",
    "calendarYear": "2007",
    "period": "Q2",
    "revenue": 23999000000,
    "costOfRevenue": 20295000000,
    "grossProfit": 3704000000,
    "grossProfitRatio": 0.1543397642,
    "researchAndDevelopmentExpenses": 0,
    "generalAndAdministrativeExpenses": 177000000,
    "sellingAndMarketingExpenses": 200000000,
    "sellingGeneralAndAdministrativeExpenses": 377000000,
    "otherExpenses": 134000000,
    "operatingExpenses": 511000000,
    "costAndExpenses": 20806000000,
    "interestIncome": 0,
    "interestExpense": 0,
    "depreciationAndAmortization": 341000000,
    "ebitda": 3534000000,
    "ebitdaratio": 0.1472561357,
    "operatingIncome": 3193000000,
    "operatingIncomeRatio": 0.1330472103,
    "totalOtherIncomeExpensesNet": -76000000,
    "incomeBeforeTax": 3117000000,
    "incomeBeforeTaxRatio": 0.1298804117,
    "incomeTaxExpense": 1055000000,
    "netIncome": 2046000000,
    "netIncomeRatio": 0.0852535522,
    "eps": 3.99,
    "epsdiluted": 3.89,
    "weightedAverageShsOut": 563000000,
    "weightedAverageShsOutDil": 578000000,
    "link": "https://www.sec.gov/Archives/edgar/data/1035002/000095013407017331/0000950134-07-017331-index.htm",
    "finalLink": "https://www.sec.gov/Archives/edgar/data/1035002/000095013407017331/d48841e10vq.htm"
  },
  {
    "date": "2007-03-31",
    "symbol": "VLO",
    "reportedCurrency": "USD",
    "cik": "0001035002",
    "fillingDate": "2007-05-09",
    "acceptedDate": "2007-05-09 10:46:30",
    "calendarYear": "2007",
    "period": "Q1",
    "revenue": 19502000000,
    "costOfRevenue": 17283000000,
    "grossProfit": 2219000000,
    "grossProfitRatio": 0.1137832017,
    "researchAndDevelopmentExpenses": 0,
    "generalAndAdministrativeExpenses": 145000000,
    "sellingAndMarketingExpenses": 171000000,
    "sellingGeneralAndAdministrativeExpenses": 316000000,
    "otherExpenses": 138000000,
    "operatingExpenses": 454000000,
    "costAndExpenses": 17737000000,
    "interestIncome": 0,
    "interestExpense": 0,
    "depreciationAndAmortization": 334000000,
    "ebitda": 2099000000,
    "ebitdaratio": 0.1076299867,
    "operatingIncome": 1765000000,
    "operatingIncomeRatio": 0.0905035381,
    "totalOtherIncomeExpensesNet": -54000000,
    "incomeBeforeTax": 1711000000,
    "incomeBeforeTaxRatio": 0.0877345913,
    "incomeTaxExpense": 567000000,
    "netIncome": 948000000,
    "netIncomeRatio": 0.0486103989,
    "eps": 1.91,
    "epsdiluted": 1.86,
    "weightedAverageShsOut": 599000000,
    "weightedAverageShsOutDil": 615000000,
    "link": "https://www.sec.gov/Archives/edgar/data/1035002/000095013407010813/0000950134-07-010813-index.htm",
    "finalLink": "https://www.sec.gov/Archives/edgar/data/1035002/000095013407010813/d46347e10vq.htm"
  },
  {
    "date": "2006-12-31",
    "symbol": "VLO",
    "reportedCurrency": "USD",
    "cik": "0001035002",
    "fillingDate": "2007-02-26",
    "acceptedDate": "2007-02-26 10:19:22",
    "calendarYear": "2006",
    "period": "Q4",
    "revenue": 19791800000,
    "costOfRevenue": 17662000000,
    "grossProfit": 2129800000,
    "grossProfitRatio": 0.1076102224,
    "researchAndDevelopmentExpenses": 0,
    "generalAndAdministrativeExpenses": 558000000,
    "sellingAndMarketingExpenses": 758000000,
    "sellingGeneralAndAdministrativeExpenses": 342000000,
    "otherExpenses": 307800000,
    "operatingExpenses": 649800000,
    "costAndExpenses": 18311800000,
    "interestIncome": 0,
    "interestExpense": 0,
    "depreciationAndAmortization": 308000000,
    "ebitda": 1788000000,
    "ebitdaratio": 0.090340444,
    "operatingIncome": 1480000000,
    "operatingIncomeRatio": 0.0747784436,
    "totalOtherIncomeExpensesNet": 161000000,
    "incomeBeforeTax": 1641000000,
    "incomeBeforeTaxRatio": 0.0829131256,
    "incomeTaxExpense": 527000000,
    "netIncome": 1113800000,
    "netIncomeRatio": 0.0562758314,
    "eps": 1.86,
    "epsdiluted": 1.81,
    "weightedAverageShsOut": 599000000,
    "weightedAverageShsOutDil": 615000000,
    "link": "https://www.sec.gov/Archives/edgar/data/1035002/000119312507039165/0001193125-07-039165-index.htm",
    "finalLink": "https://www.sec.gov/Archives/edgar/data/1035002/000119312507039165/d10k.htm"
  },
  {
    "date": "2006-09-30",
    "symbol": "VLO",
    "reportedCurrency": "USD",
    "cik": "0001035002",
    "fillingDate": "2006-11-09",
    "acceptedDate": "2006-11-09 14:28:09",
    "calendarYear": "2006",
    "period": "Q3",
    "revenue": 24318800000,
    "costOfRevenue": 21348000000,
    "grossProfit": 2970800000,
    "grossProfitRatio": 0.1221606329,
    "researchAndDevelopmentExpenses": 0,
    "generalAndAdministrativeExpenses": 136000000,
    "sellingAndMarketingExpenses": 208000000,
    "sellingGeneralAndAdministrativeExpenses": 344000000,
    "otherExpenses": 293800000,
    "operatingExpenses": 637800000,
    "costAndExpenses": 21985800000,
    "interestIncome": 0,
    "interestExpense": 0,
    "depreciationAndAmortization": 294000000,
    "ebitda": 2555000000,
    "ebitdaratio": 0.1050627498,
    "operatingIncome": 2333000000,
    "operatingIncomeRatio": 0.0959340099,
    "totalOtherIncomeExpensesNet": 106000000,
    "incomeBeforeTax": 2439000000,
    "incomeBeforeTaxRatio": 0.1002927776,
    "incomeTaxExpense": 836000000,
    "netIncome": 1602800000,
    "netIncomeRatio": 0.0659078573,
    "eps": 2.63,
    "epsdiluted": 2.55,
    "weightedAverageShsOut": 609000000,
    "weightedAverageShsOutDil": 628000000,
    "link": "https://www.sec.gov/Archives/edgar/data/1035002/000119312506230085/0001193125-06-230085-index.htm",
    "finalLink": "https://www.sec.gov/Archives/edgar/data/1035002/000119312506230085/d10q.htm"
  },
  {
    "date": "2006-06-30",
    "symbol": "VLO",
    "reportedCurrency": "USD",
    "cik": "0001035002",
    "fillingDate": "2006-08-09",
    "acceptedDate": "2006-08-09 13:48:14",
    "calendarYear": "2006",
    "period": "Q2",
    "revenue": 26780800000,
    "costOfRevenue": 23249000000,
    "grossProfit": 3531800000,
    "grossProfitRatio": 0.1318780619,
    "researchAndDevelopmentExpenses": 0,
    "generalAndAdministrativeExpenses": 171000000,
    "sellingAndMarketingExpenses": 204000000,
    "sellingGeneralAndAdministrativeExpenses": 375000000,
    "otherExpenses": 292800000,
    "operatingExpenses": 667800000,
    "costAndExpenses": 23916800000,
    "interestIncome": 0,
    "interestExpense": 0,
    "depreciationAndAmortization": 293000000,
    "ebitda": 3031000000,
    "ebitdaratio": 0.1131780977,
    "operatingIncome": 2864000000,
    "operatingIncomeRatio": 0.106942287,
    "totalOtherIncomeExpensesNet": 85000000,
    "incomeBeforeTax": 2823000000,
    "incomeBeforeTaxRatio": 0.1054113395,
    "incomeTaxExpense": 926000000,
    "netIncome": 1896800000,
    "netIncomeRatio": 0.070826861,
    "eps": 3.1,
    "epsdiluted": 2.98,
    "weightedAverageShsOut": 611000000,
    "weightedAverageShsOutDil": 636000000,
    "link": "https://www.sec.gov/Archives/edgar/data/1035002/000119312506167371/0001193125-06-167371-index.htm",
    "finalLink": "https://www.sec.gov/Archives/edgar/data/1035002/000119312506167371/d10q.htm"
  },
  {
    "date": "2006-03-31",
    "symbol": "VLO",
    "reportedCurrency": "USD",
    "cik": "0001035002",
    "fillingDate": "2006-05-09",
    "acceptedDate": "2006-05-09 17:04:49",
    "calendarYear": "2006",
    "period": "Q1",
    "revenue": 20940800000,
    "costOfRevenue": 19008000000,
    "grossProfit": 1932800000,
    "grossProfitRatio": 0.0922982885,
    "researchAndDevelopmentExpenses": 0,
    "generalAndAdministrativeExpenses": 151000000,
    "sellingAndMarketingExpenses": 189000000,
    "sellingGeneralAndAdministrativeExpenses": 340000000,
    "otherExpenses": 259800000,
    "operatingExpenses": 599800000,
    "costAndExpenses": 19607800000,
    "interestIncome": 0,
    "interestExpense": 0,
    "depreciationAndAmortization": 260000000,
    "ebitda": 1593000000,
    "ebitdaratio": 0.0760715923,
    "operatingIncome": 1333000000,
    "operatingIncomeRatio": 0.0636556388,
    "totalOtherIncomeExpensesNet": -47000000,
    "incomeBeforeTax": 1286000000,
    "incomeBeforeTaxRatio": 0.0614112164,
    "incomeTaxExpense": 437000000,
    "netIncome": 848800000,
    "netIncomeRatio": 0.040533313,
    "eps": 1.37,
    "epsdiluted": 1.32,
    "weightedAverageShsOut": 619000000,
    "weightedAverageShsOutDil": 644000000,
    "link": "https://www.sec.gov/Archives/edgar/data/1035002/000119312506105599/0001193125-06-105599-index.htm",
    "finalLink": "https://www.sec.gov/Archives/edgar/data/1035002/000119312506105599/d10q.htm"
  },
  {
    "date": "2005-12-31",
    "symbol": "VLO",
    "reportedCurrency": "USD",
    "cik": "0001035002",
    "fillingDate": "2006-03-01",
    "acceptedDate": "2006-03-01 17:14:06",
    "calendarYear": "2005",
    "period": "Q4",
    "revenue": 25893800000,
    "costOfRevenue": 23272000000,
    "grossProfit": 2621800000,
    "grossProfitRatio": 0.1012520372,
    "researchAndDevelopmentExpenses": 0,
    "generalAndAdministrativeExpenses": 458000000,
    "sellingAndMarketingExpenses": 771000000,
    "sellingGeneralAndAdministrativeExpenses": 365000000,
    "otherExpenses": 259800000,
    "operatingExpenses": 624800000,
    "costAndExpenses": 23896800000,
    "interestIncome": 0,
    "interestExpense": 0,
    "depreciationAndAmortization": 260000000,
    "ebitda": 2257000000,
    "ebitdaratio": 0.0871637226,
    "operatingIncome": 1997000000,
    "operatingIncomeRatio": 0.0771227089,
    "totalOtherIncomeExpensesNet": -9000000,
    "incomeBeforeTax": 1988000000,
    "incomeBeforeTaxRatio": 0.0767751354,
    "incomeTaxExpense": 641000000,
    "netIncome": 1346800000,
    "netIncomeRatio": 0.0520124509,
    "eps": 2.18,
    "epsdiluted": 2.09,
    "weightedAverageShsOut": 619000000,
    "weightedAverageShsOutDil": 644000000,
    "link": "https://www.sec.gov/Archives/edgar/data/1035002/000095013406004061/0000950134-06-004061-index.htm",
    "finalLink": "https://www.sec.gov/Archives/edgar/data/1035002/000095013406004061/d32462e10vk.htm"
  },
  {
    "date": "2005-09-30",
    "symbol": "VLO",
    "reportedCurrency": "USD",
    "cik": "0001035002",
    "fillingDate": "2005-11-09",
    "acceptedDate": "2005-11-09 12:43:38",
    "calendarYear": "2005",
    "period": "Q3",
    "revenue": 23282800000,
    "costOfRevenue": 21410000000,
    "grossProfit": 1872800000,
    "grossProfitRatio": 0.0804370608,
    "researchAndDevelopmentExpenses": 0,
    "generalAndAdministrativeExpenses": 129000000,
    "sellingAndMarketingExpenses": 201000000,
    "sellingGeneralAndAdministrativeExpenses": 330000000,
    "otherExpenses": 231800000,
    "operatingExpenses": 561800000,
    "costAndExpenses": 21971800000,
    "interestIncome": 0,
    "interestExpense": 0,
    "depreciationAndAmortization": 232000000,
    "ebitda": 1500000000,
    "ebitdaratio": 0.064425241,
    "operatingIncome": 1311000000,
    "operatingIncomeRatio": 0.0563076606,
    "totalOtherIncomeExpensesNet": -43000000,
    "incomeBeforeTax": 1268000000,
    "incomeBeforeTaxRatio": 0.0544608037,
    "incomeTaxExpense": 406000000,
    "netIncome": 861800000,
    "netIncomeRatio": 0.0370144484,
    "eps": 1.56,
    "epsdiluted": 1.47,
    "weightedAverageShsOut": 551000000,
    "weightedAverageShsOutDil": 587000000,
    "link": "https://www.sec.gov/Archives/edgar/data/1035002/000095013405020997/0000950134-05-020997-index.htm",
    "finalLink": "https://www.sec.gov/Archives/edgar/data/1035002/000095013405020997/d30089e10vq.htm"
  },
  {
    "date": "2005-06-30",
    "symbol": "VLO",
    "reportedCurrency": "USD",
    "cik": "0001035002",
    "fillingDate": "2005-08-09",
    "acceptedDate": "2005-08-09 11:09:10",
    "calendarYear": "2005",
    "period": "Q2",
    "revenue": 18031800000,
    "costOfRevenue": 16254000000,
    "grossProfit": 1777800000,
    "grossProfitRatio": 0.0985924866,
    "researchAndDevelopmentExpenses": 0,
    "generalAndAdministrativeExpenses": 91000000,
    "sellingAndMarketingExpenses": 185000000,
    "sellingGeneralAndAdministrativeExpenses": 276000000,
    "otherExpenses": 196800000,
    "operatingExpenses": 472800000,
    "costAndExpenses": 16726800000,
    "interestIncome": 0,
    "interestExpense": 0,
    "depreciationAndAmortization": 197000000,
    "ebitda": 1502000000,
    "ebitdaratio": 0.0832972859,
    "operatingIncome": 1305000000,
    "operatingIncomeRatio": 0.0723721425,
    "totalOtherIncomeExpensesNet": -64000000,
    "incomeBeforeTax": 1241000000,
    "incomeBeforeTaxRatio": 0.0688228574,
    "incomeTaxExpense": 394000000,
    "netIncome": 846800000,
    "netIncomeRatio": 0.0469614792,
    "eps": 1.64,
    "epsdiluted": 1.53,
    "weightedAverageShsOut": 514000000,
    "weightedAverageShsOutDil": 555000000,
    "link": "https://www.sec.gov/Archives/edgar/data/1035002/000110465905037630/0001104659-05-037630-index.htm",
    "finalLink": "https://www.sec.gov/Archives/edgar/data/1035002/000110465905037630/a05-14204_110q.htm"
  },
  {
    "date": "2005-03-31",
    "symbol": "VLO",
    "reportedCurrency": "USD",
    "cik": "0001035002",
    "fillingDate": "2005-05-10",
    "acceptedDate": "2005-05-10 09:31:18",
    "calendarYear": "2005",
    "period": "Q1",
    "revenue": 14952800000,
    "costOfRevenue": 13663000000,
    "grossProfit": 1289800000,
    "grossProfitRatio": 0.0862580921,
    "researchAndDevelopmentExpenses": 0,
    "generalAndAdministrativeExpenses": 83000000,
    "sellingAndMarketingExpenses": 175000000,
    "sellingGeneralAndAdministrativeExpenses": 258000000,
    "otherExpenses": 185800000,
    "operatingExpenses": 443800000,
    "costAndExpenses": 14106800000,
    "interestIncome": 0,
    "interestExpense": 0,
    "depreciationAndAmortization": 186000000,
    "ebitda": 1032000000,
    "ebitdaratio": 0.069017174,
    "operatingIncome": 846000000,
    "operatingIncomeRatio": 0.0565780322,
    "totalOtherIncomeExpensesNet": -56000000,
    "incomeBeforeTax": 790000000,
    "incomeBeforeTaxRatio": 0.0528329142,
    "incomeTaxExpense": 256000000,
    "netIncome": 533800000,
    "netIncomeRatio": 0.0356989995,
    "eps": 1.03,
    "epsdiluted": 0.96,
    "weightedAverageShsOut": 512000000,
    "weightedAverageShsOutDil": 556000000,
    "link": "https://www.sec.gov/Archives/edgar/data/1035002/000103500205000017/0001035002-05-000017-index.htm",
    "finalLink": "https://www.sec.gov/Archives/edgar/data/1035002/000103500205000017/f10qdocument.htm"
  },
  {
    "date": "2004-12-31",
    "symbol": "VLO",
    "reportedCurrency": "USD",
    "cik": "0001035002",
    "fillingDate": "2005-03-14",
    "acceptedDate": "2005-03-11 19:04:47",
    "calendarYear": "2004",
    "period": "Q4",
    "revenue": 15389500000,
    "costOfRevenue": 14124500000,
    "grossProfit": 1265000000,
    "grossProfitRatio": 0.0821989018,
    "researchAndDevelopmentExpenses": 0,
    "generalAndAdministrativeExpenses": 378800000,
    "sellingAndMarketingExpenses": 704700000,
    "sellingGeneralAndAdministrativeExpenses": 302100000,
    "otherExpenses": 154000000,
    "operatingExpenses": 456100000,
    "costAndExpenses": 14580600000,
    "interestIncome": 0,
    "interestExpense": 0,
    "depreciationAndAmortization": 154700000,
    "ebitda": 963600000,
    "ebitdaratio": 0.06261412,
    "operatingIncome": 808900000,
    "operatingIncomeRatio": 0.0525618116,
    "totalOtherIncomeExpensesNet": -106900000,
    "incomeBeforeTax": 702000000,
    "incomeBeforeTaxRatio": 0.0456155171,
    "incomeTaxExpense": 213500000,
    "netIncome": 487800000,
    "netIncomeRatio": 0.0316969362,
    "eps": 0.95,
    "epsdiluted": 0.88,
    "weightedAverageShsOut": 512000000,
    "weightedAverageShsOutDil": 556000000,
    "link": "https://www.sec.gov/Archives/edgar/data/1035002/000095013405004779/0000950134-05-004779-index.htm",
    "finalLink": "https://www.sec.gov/Archives/edgar/data/1035002/000095013405004779/d23170e10vk.htm"
  },
  {
    "date": "2004-09-30",
    "symbol": "VLO",
    "reportedCurrency": "USD",
    "cik": "0001035002",
    "fillingDate": "2004-11-08",
    "acceptedDate": "2004-11-08 16:55:30",
    "calendarYear": "2004",
    "period": "Q3",
    "revenue": 14339300000,
    "costOfRevenue": 13212200000,
    "grossProfit": 1127100000,
    "grossProfitRatio": 0.0786021633,
    "researchAndDevelopmentExpenses": 0,
    "generalAndAdministrativeExpenses": 87100000,
    "sellingAndMarketingExpenses": 176800000,
    "sellingGeneralAndAdministrativeExpenses": 263900000,
    "otherExpenses": 163700000,
    "operatingExpenses": 427600000,
    "costAndExpenses": 13639800000,
    "interestIncome": 0,
    "interestExpense": 0,
    "depreciationAndAmortization": 163700000,
    "ebitda": 863000000,
    "ebitdaratio": 0.0601842489,
    "operatingIncome": 699500000,
    "operatingIncomeRatio": 0.0487820186,
    "totalOtherIncomeExpensesNet": -46600000,
    "incomeBeforeTax": 652900000,
    "incomeBeforeTaxRatio": 0.0455322087,
    "incomeTaxExpense": 218400000,
    "netIncome": 434500000,
    "netIncomeRatio": 0.0303013397,
    "eps": 0.85,
    "epsdiluted": 0.79,
    "weightedAverageShsOut": 512000000,
    "weightedAverageShsOutDil": 552000000,
    "link": "https://www.sec.gov/Archives/edgar/data/1035002/000103500204000038/0001035002-04-000038-index.htm",
    "finalLink": "https://www.sec.gov/Archives/edgar/data/1035002/000103500204000038/f10q093004.htm"
  },
  {
    "date": "2004-06-30",
    "symbol": "VLO",
    "reportedCurrency": "USD",
    "cik": "0001035002",
    "fillingDate": "2004-08-06",
    "acceptedDate": "2004-08-06 16:15:28",
    "calendarYear": "2004",
    "period": "Q2",
    "revenue": 13807600000,
    "costOfRevenue": 12345500000,
    "grossProfit": 1462100000,
    "grossProfitRatio": 0.1058909586,
    "researchAndDevelopmentExpenses": 0,
    "generalAndAdministrativeExpenses": 92500000,
    "sellingAndMarketingExpenses": 176700000,
    "sellingGeneralAndAdministrativeExpenses": 269200000,
    "otherExpenses": 159300000,
    "operatingExpenses": 428500000,
    "costAndExpenses": 12774000000,
    "interestIncome": 0,
    "interestExpense": 0,
    "depreciationAndAmortization": 159300000,
    "ebitda": 1193000000,
    "ebitdaratio": 0.0864016918,
    "operatingIncome": 1033600000,
    "operatingIncomeRatio": 0.074857325,
    "totalOtherIncomeExpensesNet": -63600000,
    "incomeBeforeTax": 970100000,
    "incomeBeforeTaxRatio": 0.0702584084,
    "incomeTaxExpense": 337400000,
    "netIncome": 632700000,
    "netIncomeRatio": 0.0458225905,
    "eps": 1.23,
    "epsdiluted": 1.14,
    "weightedAverageShsOut": 514000000,
    "weightedAverageShsOutDil": 554000000,
    "link": "https://www.sec.gov/Archives/edgar/data/1035002/000103500204000029/0001035002-04-000029-index.htm",
    "finalLink": "https://www.sec.gov/Archives/edgar/data/1035002/000103500204000029/f10q063004.htm"
  },
  {
    "date": "2004-03-31",
    "symbol": "VLO",
    "reportedCurrency": "USD",
    "cik": "0001035002",
    "fillingDate": "2004-05-07",
    "acceptedDate": "2004-05-07 17:18:36",
    "calendarYear": "2004",
    "period": "Q1",
    "revenue": 11081500000,
    "costOfRevenue": 10255300000,
    "grossProfit": 826200000,
    "grossProfitRatio": 0.0745566936,
    "researchAndDevelopmentExpenses": 0,
    "generalAndAdministrativeExpenses": 83200000,
    "sellingAndMarketingExpenses": 165100000,
    "sellingGeneralAndAdministrativeExpenses": 248300000,
    "otherExpenses": 140700000,
    "operatingExpenses": 389000000,
    "costAndExpenses": 10644300000,
    "interestIncome": 0,
    "interestExpense": 0,
    "depreciationAndAmortization": 140700000,
    "ebitda": 578000000,
    "ebitdaratio": 0.0521590037,
    "operatingIncome": 437200000,
    "operatingIncomeRatio": 0.0394531426,
    "totalOtherIncomeExpensesNet": -52000000,
    "incomeBeforeTax": 385100000,
    "incomeBeforeTaxRatio": 0.034751613,
    "incomeTaxExpense": 137000000,
    "netIncome": 248100000,
    "netIncomeRatio": 0.0223886658,
    "eps": 0.49,
    "epsdiluted": 0.46,
    "weightedAverageShsOut": 504000000,
    "weightedAverageShsOutDil": 544000000,
    "link": "https://www.sec.gov/Archives/edgar/data/1035002/000103500204000009/0001035002-04-000009-index.htm",
    "finalLink": "https://www.sec.gov/Archives/edgar/data/1035002/000103500204000009/f10q033104.htm"
  },
  {
    "date": "2003-12-31",
    "symbol": "VLO",
    "reportedCurrency": "USD",
    "cik": "0001035002",
    "fillingDate": "2004-03-12",
    "acceptedDate": "2004-03-12 17:18:51",
    "calendarYear": "2003",
    "period": "Q4",
    "revenue": 9509400000,
    "costOfRevenue": 8877200000,
    "grossProfit": 632200000,
    "grossProfitRatio": 0.0664815866,
    "researchAndDevelopmentExpenses": 0,
    "generalAndAdministrativeExpenses": -442000000,
    "sellingAndMarketingExpenses": 693600000,
    "sellingGeneralAndAdministrativeExpenses": 251600000,
    "otherExpenses": 148500000,
    "operatingExpenses": 400100000,
    "costAndExpenses": 9277300000,
    "interestIncome": 0,
    "interestExpense": 0,
    "depreciationAndAmortization": 148500000,
    "ebitda": 380600000,
    "ebitdaratio": 0.0400235556,
    "operatingIncome": 232100000,
    "operatingIncomeRatio": 0.0244074284,
    "totalOtherIncomeExpensesNet": -29300000,
    "incomeBeforeTax": 202800000,
    "incomeBeforeTaxRatio": 0.0213262666,
    "incomeTaxExpense": 71200000,
    "netIncome": 131600000,
    "netIncomeRatio": 0.0138389383,
    "eps": 0.26,
    "epsdiluted": 0.24,
    "weightedAverageShsOut": 503200000,
    "weightedAverageShsOutDil": 544400000,
    "link": "https://www.sec.gov/Archives/edgar/data/1035002/000095013404003420/0000950134-04-003420-index.htm",
    "finalLink": "https://www.sec.gov/Archives/edgar/data/1035002/000095013404003420/d13299e10vk.htm"
  },
  {
    "date": "2003-09-30",
    "symbol": "VLO",
    "reportedCurrency": "USD",
    "cik": "0001035002",
    "fillingDate": "2003-11-14",
    "acceptedDate": "2003-11-14 16:04:48",
    "calendarYear": "2003",
    "period": "Q3",
    "revenue": 9922300000,
    "costOfRevenue": 9187400000,
    "grossProfit": 734900000,
    "grossProfitRatio": 0.0740654888,
    "researchAndDevelopmentExpenses": 0,
    "generalAndAdministrativeExpenses": 0,
    "sellingAndMarketingExpenses": 0,
    "sellingGeneralAndAdministrativeExpenses": 252300000,
    "otherExpenses": 125200000,
    "operatingExpenses": 377500000,
    "costAndExpenses": 9564900000,
    "interestIncome": 0,
    "interestExpense": 0,
    "depreciationAndAmortization": 125200000,
    "ebitda": 482600000,
    "ebitdaratio": 0.0486379166,
    "operatingIncome": 357400000,
    "operatingIncomeRatio": 0.0360198744,
    "totalOtherIncomeExpensesNet": -55500000,
    "incomeBeforeTax": 301900000,
    "incomeBeforeTaxRatio": 0.0304264132,
    "incomeTaxExpense": 110800000,
    "netIncome": 191100000,
    "netIncomeRatio": 0.0192596475,
    "eps": 0.41,
    "epsdiluted": 0.38,
    "weightedAverageShsOut": 467600000,
    "weightedAverageShsOutDil": 510400000,
    "link": "https://www.sec.gov/Archives/edgar/data/1035002/000103500203000031/0001035002-03-000031-index.htm",
    "finalLink": "https://www.sec.gov/Archives/edgar/data/1035002/000103500203000031/f10q093003.txt"
  },
  {
    "date": "2003-06-30",
    "symbol": "VLO",
    "reportedCurrency": "USD",
    "cik": "0001035002",
    "fillingDate": "2003-08-14",
    "acceptedDate": "2003-08-14 16:13:23",
    "calendarYear": "2003",
    "period": "Q2",
    "revenue": 8843800000,
    "costOfRevenue": 8206600000,
    "grossProfit": 637200000,
    "grossProfitRatio": 0.072050476,
    "researchAndDevelopmentExpenses": 0,
    "generalAndAdministrativeExpenses": 0,
    "sellingAndMarketingExpenses": 0,
    "sellingGeneralAndAdministrativeExpenses": 243100000,
    "otherExpenses": 119700000,
    "operatingExpenses": 362800000,
    "costAndExpenses": 8569400000,
    "interestIncome": 0,
    "interestExpense": 0,
    "depreciationAndAmortization": 119700000,
    "ebitda": 394100000,
    "ebitdaratio": 0.0445622922,
    "operatingIncome": 274400000,
    "operatingIncomeRatio": 0.0310273864,
    "totalOtherIncomeExpensesNet": -67400000,
    "incomeBeforeTax": 207000000,
    "incomeBeforeTaxRatio": 0.0234062281,
    "incomeTaxExpense": 78600000,
    "netIncome": 128400000,
    "netIncomeRatio": 0.0145186458,
    "eps": 0.28,
    "epsdiluted": 0.27,
    "weightedAverageShsOut": 457200000,
    "weightedAverageShsOutDil": 474800000,
    "link": "https://www.sec.gov/Archives/edgar/data/1035002/000103500203000025/0001035002-03-000025-index.htm",
    "finalLink": "https://www.sec.gov/Archives/edgar/data/1035002/000103500203000025/f10q063003.txt"
  },
  {
    "date": "2003-03-31",
    "symbol": "VLO",
    "reportedCurrency": "USD",
    "cik": "0001035002",
    "fillingDate": "2003-05-15",
    "acceptedDate": "2003-05-15 12:57:16",
    "calendarYear": "2003",
    "period": "Q1",
    "revenue": 9693100000,
    "costOfRevenue": 8971900000,
    "grossProfit": 721200000,
    "grossProfitRatio": 0.0744034416,
    "researchAndDevelopmentExpenses": 0,
    "generalAndAdministrativeExpenses": 0,
    "sellingAndMarketingExpenses": 0,
    "sellingGeneralAndAdministrativeExpenses": 246000000,
    "otherExpenses": 117100000,
    "operatingExpenses": 363100000,
    "costAndExpenses": 9335000000,
    "interestIncome": 0,
    "interestExpense": 0,
    "depreciationAndAmortization": 117100000,
    "ebitda": 475200000,
    "ebitdaratio": 0.0490245639,
    "operatingIncome": 358100000,
    "operatingIncomeRatio": 0.0369438054,
    "totalOtherIncomeExpensesNet": -83200000,
    "incomeBeforeTax": 274900000,
    "incomeBeforeTaxRatio": 0.0283603801,
    "incomeTaxExpense": 104500000,
    "netIncome": 170400000,
    "netIncomeRatio": 0.0175795153,
    "eps": 0.4,
    "epsdiluted": 0.38,
    "weightedAverageShsOut": 430800000,
    "weightedAverageShsOutDil": 451200000,
    "link": "https://www.sec.gov/Archives/edgar/data/1035002/000111080503000015/0001110805-03-000015-index.htm",
    "finalLink": "https://www.sec.gov/Archives/edgar/data/1035002/000111080503000015/f10q033103.txt"
  },
  {
    "date": "2002-12-31",
    "symbol": "VLO",
    "reportedCurrency": "USD",
    "cik": "0001035002",
    "fillingDate": "2003-03-21",
    "acceptedDate": "2003-03-21 14:49:03",
    "calendarYear": "2002",
    "period": "Q4",
    "revenue": 8109700000,
    "costOfRevenue": 7510000000,
    "grossProfit": 599700000,
    "grossProfitRatio": 0.0739484814,
    "researchAndDevelopmentExpenses": 0,
    "generalAndAdministrativeExpenses": 0,
    "sellingAndMarketingExpenses": 0,
    "sellingGeneralAndAdministrativeExpenses": 245000000,
    "otherExpenses": 114400000,
    "operatingExpenses": 359400000,
    "costAndExpenses": 7869400000,
    "interestIncome": 0,
    "interestExpense": 0,
    "depreciationAndAmortization": 114400000,
    "ebitda": 354700000,
    "ebitdaratio": 0.0437377462,
    "operatingIncome": 240300000,
    "operatingIncomeRatio": 0.0296311824,
    "totalOtherIncomeExpensesNet": -94800000,
    "incomeBeforeTax": 145500000,
    "incomeBeforeTaxRatio": 0.0179414775,
    "incomeTaxExpense": 56500000,
    "netIncome": 89000000,
    "netIncomeRatio": 0.010974512,
    "eps": 0.21,
    "epsdiluted": 0.2,
    "weightedAverageShsOut": 430800000,
    "weightedAverageShsOutDil": 451200000,
    "link": "https://www.sec.gov/Archives/edgar/data/1035002/000111080503000007/0001110805-03-000007-index.htm",
    "finalLink": "https://www.sec.gov/Archives/edgar/data/1035002/000111080503000007/f10k123102.txt"
  },
  {
    "date": "2002-09-30",
    "symbol": "VLO",
    "reportedCurrency": "USD",
    "cik": "0001035002",
    "fillingDate": "2002-11-13",
    "acceptedDate": "2002-11-13 14:13:23",
    "calendarYear": "2002",
    "period": "Q3",
    "revenue": 7191700000,
    "costOfRevenue": 6717100000,
    "grossProfit": 474600000,
    "grossProfitRatio": 0.0659927416,
    "researchAndDevelopmentExpenses": 0,
    "generalAndAdministrativeExpenses": 236400000,
    "sellingAndMarketingExpenses": 0,
    "sellingGeneralAndAdministrativeExpenses": 236400000,
    "otherExpenses": 107900000,
    "operatingExpenses": 344300000,
    "costAndExpenses": 7061400000,
    "interestIncome": 0,
    "interestExpense": 0,
    "depreciationAndAmortization": 107900000,
    "ebitda": 238200000,
    "ebitdaratio": 0.0331215151,
    "operatingIncome": 130300000,
    "operatingIncomeRatio": 0.0181181084,
    "totalOtherIncomeExpensesNet": -82800000,
    "incomeBeforeTax": 47500000,
    "incomeBeforeTaxRatio": 0.0066048361,
    "incomeTaxExpense": 17700000,
    "netIncome": 29800000,
    "netIncomeRatio": 0.0041436656,
    "eps": 0.07,
    "epsdiluted": 0.0675,
    "weightedAverageShsOut": 423600000,
    "weightedAverageShsOutDil": 436400000,
    "link": "https://www.sec.gov/Archives/edgar/data/1035002/000103500202000023/0001035002-02-000023-index.htm",
    "finalLink": "https://www.sec.gov/Archives/edgar/data/1035002/000103500202000023/f10q093002.txt"
  },
  {
    "date": "2002-06-30",
    "symbol": "VLO",
    "reportedCurrency": "USD",
    "cik": "0001035002",
    "fillingDate": "2002-08-13",
    "acceptedDate": "2002-08-13 17:08:12",
    "calendarYear": "2002",
    "period": "Q2",
    "revenue": 6552400000,
    "costOfRevenue": 6108400000,
    "grossProfit": 444000000,
    "grossProfitRatio": 0.0677614309,
    "researchAndDevelopmentExpenses": 0,
    "generalAndAdministrativeExpenses": 231200000,
    "sellingAndMarketingExpenses": 0,
    "sellingGeneralAndAdministrativeExpenses": 231200000,
    "otherExpenses": 112700000,
    "operatingExpenses": 343900000,
    "costAndExpenses": 6452300000,
    "interestIncome": 0,
    "interestExpense": 0,
    "depreciationAndAmortization": 112700000,
    "ebitda": 212800000,
    "ebitdaratio": 0.0324766498,
    "operatingIncome": 100100000,
    "operatingIncomeRatio": 0.0152768451,
    "totalOtherIncomeExpensesNet": -81700000,
    "incomeBeforeTax": 18400000,
    "incomeBeforeTaxRatio": 0.0028081314,
    "incomeTaxExpense": 7100000,
    "netIncome": 11300000,
    "netIncomeRatio": 0.0017245589,
    "eps": 0.0275,
    "epsdiluted": 0.025,
    "weightedAverageShsOut": 423200000,
    "weightedAverageShsOutDil": 442400000,
    "link": "https://www.sec.gov/Archives/edgar/data/1035002/000103500202000016/0001035002-02-000016-index.htm",
    "finalLink": "https://www.sec.gov/Archives/edgar/data/1035002/000103500202000016/f10q063002.txt"
  },
  {
    "date": "2002-03-31",
    "symbol": "VLO",
    "reportedCurrency": "USD",
    "cik": "0001035002",
    "fillingDate": "2002-05-14",
    "acceptedDate": "2002-05-14 17:27:53",
    "calendarYear": "2002",
    "period": "Q1",
    "revenue": 5122400000,
    "costOfRevenue": 4791100000,
    "grossProfit": 331300000,
    "grossProfitRatio": 0.064676714,
    "researchAndDevelopmentExpenses": 0,
    "generalAndAdministrativeExpenses": 216800000,
    "sellingAndMarketingExpenses": 0,
    "sellingGeneralAndAdministrativeExpenses": 216800000,
    "otherExpenses": 114300000,
    "operatingExpenses": 331100000,
    "costAndExpenses": 5122200000,
    "interestIncome": 0,
    "interestExpense": 0,
    "depreciationAndAmortization": 114300000,
    "ebitda": 114500000,
    "ebitdaratio": 0.0223528034,
    "operatingIncome": 200000,
    "operatingIncomeRatio": 0.0000390442,
    "totalOtherIncomeExpensesNet": -61900000,
    "incomeBeforeTax": -61700000,
    "incomeBeforeTaxRatio": -0.0120451351,
    "incomeTaxExpense": -23100000,
    "netIncome": -38600000,
    "netIncomeRatio": -0.0075355302,
    "eps": -0.0919,
    "epsdiluted": -0.0919,
    "weightedAverageShsOut": 420000000,
    "weightedAverageShsOutDil": 420000000,
    "link": "https://www.sec.gov/Archives/edgar/data/1035002/000103500202000003/0001035002-02-000003-index.htm",
    "finalLink": "https://www.sec.gov/Archives/edgar/data/1035002/000103500202000003/f10q0502vec.txt"
  },
  {
    "date": "2001-12-31",
    "symbol": "VLO",
    "reportedCurrency": "USD",
    "cik": "0001035002",
    "fillingDate": "2002-03-14",
    "acceptedDate": "2002-03-14 00:00:00",
    "calendarYear": "2001",
    "period": "Q4",
    "revenue": 2861209000,
    "costOfRevenue": 2675294000,
    "grossProfit": 185915000,
    "grossProfitRatio": 0.0649777769,
    "researchAndDevelopmentExpenses": 0,
    "generalAndAdministrativeExpenses": 37392000,
    "sellingAndMarketingExpenses": 0,
    "sellingGeneralAndAdministrativeExpenses": 37392000,
    "otherExpenses": 36862000,
    "operatingExpenses": 74254000,
    "costAndExpenses": 2749548000,
    "interestIncome": 0,
    "interestExpense": 0,
    "depreciationAndAmortization": 70430000,
    "ebitda": 182091000,
    "ebitdaratio": 0.0636412789,
    "operatingIncome": 111661000,
    "operatingIncomeRatio": 0.0390258104,
    "totalOtherIncomeExpensesNet": -31966000,
    "incomeBeforeTax": 79695000,
    "incomeBeforeTaxRatio": 0.0278536101,
    "incomeTaxExpense": 28100000,
    "netIncome": 51595000,
    "netIncomeRatio": 0.0180325869,
    "eps": 0.12,
    "epsdiluted": 0.12,
    "weightedAverageShsOut": 420000000,
    "weightedAverageShsOutDil": 420000000,
    "link": "https://www.sec.gov/Archives/edgar/data/1035002/000103570402000158/0001035704-02-000158-index.htm",
    "finalLink": "https://www.sec.gov/Archives/edgar/data/1035002/000103570402000158/d94896e10-k405.txt"
  },
  {
    "date": "2001-09-30",
    "symbol": "VLO",
    "reportedCurrency": "USD",
    "cik": "0001035002",
    "fillingDate": "2001-11-13",
    "acceptedDate": "2001-11-13 00:00:00",
    "calendarYear": "2001",
    "period": "Q3",
    "revenue": 3858734000,
    "costOfRevenue": 3597178000,
    "grossProfit": 261556000,
    "grossProfitRatio": 0.0677828531,
    "researchAndDevelopmentExpenses": 0,
    "generalAndAdministrativeExpenses": 37619000,
    "sellingAndMarketingExpenses": 0,
    "sellingGeneralAndAdministrativeExpenses": 37619000,
    "otherExpenses": 35597000,
    "operatingExpenses": 73216000,
    "costAndExpenses": 3670394000,
    "interestIncome": 0,
    "interestExpense": 0,
    "depreciationAndAmortization": 65927000,
    "ebitda": 260064000,
    "ebitdaratio": 0.0673961978,
    "operatingIncome": 188340000,
    "operatingIncomeRatio": 0.0488087544,
    "totalOtherIncomeExpensesNet": -27527000,
    "incomeBeforeTax": 160813000,
    "incomeBeforeTaxRatio": 0.0416750675,
    "incomeTaxExpense": 59800000,
    "netIncome": 101013000,
    "netIncomeRatio": 0.0261777567,
    "eps": 0.42,
    "epsdiluted": 0.4,
    "weightedAverageShsOut": 242900000,
    "weightedAverageShsOutDil": 255512000,
    "link": "https://www.sec.gov/Archives/edgar/data/1035002/000103570401500474/0001035704-01-500474-index.htm",
    "finalLink": "https://www.sec.gov/Archives/edgar/data/1035002/000103570401500474/d92006e10-q.txt"
  },
  {
    "date": "2001-06-30",
    "symbol": "VLO",
    "reportedCurrency": "USD",
    "cik": "0001035002",
    "fillingDate": "2001-08-13",
    "acceptedDate": "2001-08-13 00:00:00",
    "calendarYear": "2001",
    "period": "Q2",
    "revenue": 4499108000,
    "costOfRevenue": 3947509000,
    "grossProfit": 551599000,
    "grossProfitRatio": 0.122601858,
    "researchAndDevelopmentExpenses": 0,
    "generalAndAdministrativeExpenses": 53834000,
    "sellingAndMarketingExpenses": 0,
    "sellingGeneralAndAdministrativeExpenses": 53834000,
    "otherExpenses": 33482000,
    "operatingExpenses": 87316000,
    "costAndExpenses": 4034825000,
    "interestIncome": 0,
    "interestExpense": 0,
    "depreciationAndAmortization": 60802000,
    "ebitda": 521500000,
    "ebitdaratio": 0.1159118652,
    "operatingIncome": 464283000,
    "operatingIncomeRatio": 0.1031944554,
    "totalOtherIncomeExpensesNet": -24600000,
    "incomeBeforeTax": 439663000,
    "incomeBeforeTaxRatio": 0.0977222596,
    "incomeTaxExpense": 164800000,
    "netIncome": 274863000,
    "netIncomeRatio": 0.0610927766,
    "eps": 1.13,
    "epsdiluted": 1.06,
    "weightedAverageShsOut": 244400000,
    "weightedAverageShsOutDil": 259600000,
    "link": "https://www.sec.gov/Archives/edgar/data/1035002/000095013401505223/0000950134-01-505223-index.htm",
    "finalLink": "https://www.sec.gov/Archives/edgar/data/1035002/000095013401505223/d89903e10-q.txt"
  },
  {
    "date": "2001-03-31",
    "symbol": "VLO",
    "reportedCurrency": "USD",
    "cik": "0001035002",
    "fillingDate": "2001-05-03",
    "acceptedDate": "2001-05-03 00:00:00",
    "calendarYear": "2001",
    "period": "Q1",
    "revenue": 3769288000,
    "costOfRevenue": 3464060000,
    "grossProfit": 305228000,
    "grossProfitRatio": 0.0809776276,
    "researchAndDevelopmentExpenses": 0,
    "generalAndAdministrativeExpenses": 36370000,
    "sellingAndMarketingExpenses": 0,
    "sellingGeneralAndAdministrativeExpenses": 36370000,
    "otherExpenses": 31799000,
    "operatingExpenses": 68169000,
    "costAndExpenses": 3532229000,
    "interestIncome": 0,
    "interestExpense": 0,
    "depreciationAndAmortization": 55195000,
    "ebitda": 292254000,
    "ebitdaratio": 0.0775355982,
    "operatingIncome": 237059000,
    "operatingIncomeRatio": 0.0628922491,
    "totalOtherIncomeExpensesNet": -22377000,
    "incomeBeforeTax": 214682000,
    "incomeBeforeTaxRatio": 0.0569555842,
    "incomeTaxExpense": 78600000,
    "netIncome": 136082000,
    "netIncomeRatio": 0.0361028396,
    "eps": 0.56,
    "epsdiluted": 0.53,
    "weightedAverageShsOut": 244260000,
    "weightedAverageShsOutDil": 255444000,
    "link": "https://www.sec.gov/Archives/edgar/data/1035002/000095013401501097/0000950134-01-501097-index.htm",
    "finalLink": "https://www.sec.gov/Archives/edgar/data/1035002/000095013401501097/d86668e10-q.txt"
  },
  {
    "date": "2000-12-31",
    "symbol": "VLO",
    "reportedCurrency": "USD",
    "cik": "0001035002",
    "fillingDate": "2001-02-23",
    "acceptedDate": "2001-02-23 00:00:00",
    "calendarYear": "2000",
    "period": "Q4",
    "revenue": 4121137000,
    "costOfRevenue": 3853038000,
    "grossProfit": 268099000,
    "grossProfitRatio": 0.0650546196,
    "researchAndDevelopmentExpenses": 0,
    "generalAndAdministrativeExpenses": 43853000,
    "sellingAndMarketingExpenses": 0,
    "sellingGeneralAndAdministrativeExpenses": 43853000,
    "otherExpenses": 53336000,
    "operatingExpenses": 97189000,
    "costAndExpenses": 3950227000,
    "interestIncome": 0,
    "interestExpense": 0,
    "depreciationAndAmortization": 53336000,
    "ebitda": 224246000,
    "ebitdaratio": 0.0544136242,
    "operatingIncome": 170910000,
    "operatingIncomeRatio": 0.0414715648,
    "totalOtherIncomeExpensesNet": -24165000,
    "incomeBeforeTax": 146745000,
    "incomeBeforeTaxRatio": 0.0356078917,
    "incomeTaxExpense": 53400000,
    "netIncome": 93345000,
    "netIncomeRatio": 0.0226503026,
    "eps": 0.38,
    "epsdiluted": 0.37,
    "weightedAverageShsOut": 244260000,
    "weightedAverageShsOutDil": 255444000,
    "link": "https://www.sec.gov/Archives/edgar/data/1035002/000095013401001719/0000950134-01-001719-index.htm",
    "finalLink": "https://www.sec.gov/Archives/edgar/data/1035002/000095013401001719/d84423e10-k405.txt"
  },
  {
    "date": "2000-09-30",
    "symbol": "VLO",
    "reportedCurrency": "USD",
    "cik": "0001035002",
    "fillingDate": "2000-11-13",
    "acceptedDate": "2000-11-13 00:00:00",
    "calendarYear": "2000",
    "period": "Q3",
    "revenue": 4248831000,
    "costOfRevenue": 3934179000,
    "grossProfit": 314652000,
    "grossProfitRatio": 0.0740561345,
    "researchAndDevelopmentExpenses": 0,
    "generalAndAdministrativeExpenses": 42901000,
    "sellingAndMarketingExpenses": 0,
    "sellingGeneralAndAdministrativeExpenses": 42901000,
    "otherExpenses": 47841000,
    "operatingExpenses": 90742000,
    "costAndExpenses": 4024921000,
    "interestIncome": 0,
    "interestExpense": 0,
    "depreciationAndAmortization": 47841000,
    "ebitda": 271751000,
    "ebitdaratio": 0.0639590043,
    "operatingIncome": 223910000,
    "operatingIncomeRatio": 0.0526992013,
    "totalOtherIncomeExpensesNet": -25454000,
    "incomeBeforeTax": 198456000,
    "incomeBeforeTaxRatio": 0.046708377,
    "incomeTaxExpense": 71100000,
    "netIncome": 127356000,
    "netIncomeRatio": 0.0299743624,
    "eps": 0.52,
    "epsdiluted": 0.5,
    "weightedAverageShsOut": 244744000,
    "weightedAverageShsOutDil": 252968000,
    "link": "https://www.sec.gov/Archives/edgar/data/1035002/000095013400009561/0000950134-00-009561-index.htm",
    "finalLink": "https://www.sec.gov/Archives/edgar/data/1035002/000095013400009561/d81619e10-q.txt"
  },
  {
    "date": "2000-06-30",
    "symbol": "VLO",
    "reportedCurrency": "USD",
    "cik": "0001035002",
    "fillingDate": "2000-08-11",
    "acceptedDate": "2000-08-11 00:00:00",
    "calendarYear": "2000",
    "period": "Q2",
    "revenue": 3372502000,
    "costOfRevenue": 3151704000,
    "grossProfit": 220798000,
    "grossProfitRatio": 0.0654700872,
    "researchAndDevelopmentExpenses": 0,
    "generalAndAdministrativeExpenses": 23125000,
    "sellingAndMarketingExpenses": 0,
    "sellingGeneralAndAdministrativeExpenses": 23125000,
    "otherExpenses": 39281000,
    "operatingExpenses": 62406000,
    "costAndExpenses": 3214110000,
    "interestIncome": 0,
    "interestExpense": 0,
    "depreciationAndAmortization": 39281000,
    "ebitda": 197673000,
    "ebitdaratio": 0.0586131602,
    "operatingIncome": 158392000,
    "operatingIncomeRatio": 0.0469657246,
    "totalOtherIncomeExpensesNet": -22312000,
    "incomeBeforeTax": 136080000,
    "incomeBeforeTaxRatio": 0.0403498649,
    "incomeTaxExpense": 48400000,
    "netIncome": 87680000,
    "netIncomeRatio": 0.025998502,
    "eps": 0.39,
    "epsdiluted": 0.38,
    "weightedAverageShsOut": 224696000,
    "weightedAverageShsOutDil": 232452000,
    "link": "https://www.sec.gov/Archives/edgar/data/1035002/000095013400006831/0000950134-00-006831-index.htm",
    "finalLink": "https://www.sec.gov/Archives/edgar/data/1035002/000095013400006831/e10-q.txt"
  },
  {
    "date": "2000-03-31",
    "symbol": "VLO",
    "reportedCurrency": "USD",
    "cik": "0001035002",
    "fillingDate": "2000-05-15",
    "acceptedDate": "2000-05-15 00:00:00",
    "calendarYear": "2000",
    "period": "Q1",
    "revenue": 2928617000,
    "costOfRevenue": 2819298000,
    "grossProfit": 109319000,
    "grossProfitRatio": 0.0373278582,
    "researchAndDevelopmentExpenses": 0,
    "generalAndAdministrativeExpenses": 19669000,
    "sellingAndMarketingExpenses": 0,
    "sellingGeneralAndAdministrativeExpenses": 19669000,
    "otherExpenses": 32598000,
    "operatingExpenses": 52267000,
    "costAndExpenses": 2871565000,
    "interestIncome": 0,
    "interestExpense": 0,
    "depreciationAndAmortization": 32598000,
    "ebitda": 89650000,
    "ebitdaratio": 0.0306117188,
    "operatingIncome": 57052000,
    "operatingIncomeRatio": 0.0194808676,
    "totalOtherIncomeExpensesNet": -10113000,
    "incomeBeforeTax": 46939000,
    "incomeBeforeTaxRatio": 0.0160277018,
    "incomeTaxExpense": 16200000,
    "netIncome": 30739000,
    "netIncomeRatio": 0.0104960806,
    "eps": 0.14,
    "epsdiluted": 0.14,
    "weightedAverageShsOut": 223496000,
    "weightedAverageShsOutDil": 228936000,
    "link": "https://www.sec.gov/Archives/edgar/data/1035002/000095013400004484/0000950134-00-004484-index.html",
    "finalLink": "https://www.sec.gov/Archives/edgar/data/1035002/000095013400004484/"
  },
  {
    "date": "1999-12-31",
    "symbol": "VLO",
    "reportedCurrency": "USD",
    "cik": "0001035002",
    "fillingDate": "2000-03-08",
    "acceptedDate": "2000-03-08 00:00:00",
    "calendarYear": "1999",
    "period": "Q4",
    "revenue": 2637700000,
    "costOfRevenue": 2551600000,
    "grossProfit": 86100000,
    "grossProfitRatio": 0.0326420745,
    "researchAndDevelopmentExpenses": 0,
    "generalAndAdministrativeExpenses": 19400000,
    "sellingAndMarketingExpenses": 0,
    "sellingGeneralAndAdministrativeExpenses": 19400000,
    "otherExpenses": 32800000,
    "operatingExpenses": 52200000,
    "costAndExpenses": 2603800000,
    "interestIncome": 0,
    "interestExpense": 0,
    "depreciationAndAmortization": 32800000,
    "ebitda": 66700000,
    "ebitdaratio": 0.025287182,
    "operatingIncome": 33900000,
    "operatingIncomeRatio": 0.012852106,
    "totalOtherIncomeExpensesNet": -10300000,
    "incomeBeforeTax": 23600000,
    "incomeBeforeTaxRatio": 0.0089471888,
    "incomeTaxExpense": 7100000,
    "netIncome": 16500000,
    "netIncomeRatio": 0.0062554498,
    "eps": 0.074,
    "epsdiluted": 0.072,
    "weightedAverageShsOut": 223496000,
    "weightedAverageShsOutDil": 228936000,
    "link": "https://www.sec.gov/Archives/edgar/data/1035002/000095013400001705/0000950134-00-001705-index.html",
    "finalLink": "https://www.sec.gov/Archives/edgar/data/1035002/000095013400001705/"
  },
  {
    "date": "1999-09-30",
    "symbol": "VLO",
    "reportedCurrency": "USD",
    "cik": "0001035002",
    "fillingDate": "1999-11-12",
    "acceptedDate": "1999-11-12 00:00:00",
    "calendarYear": "1999",
    "period": "Q3",
    "revenue": 2161900000,
    "costOfRevenue": 2063000000,
    "grossProfit": 98900000,
    "grossProfitRatio": 0.0457467968,
    "researchAndDevelopmentExpenses": 0,
    "generalAndAdministrativeExpenses": 16400000,
    "sellingAndMarketingExpenses": 0,
    "sellingGeneralAndAdministrativeExpenses": 16400000,
    "otherExpenses": 35100000,
    "operatingExpenses": 51500000,
    "costAndExpenses": 2114500000,
    "interestIncome": 0,
    "interestExpense": 0,
    "depreciationAndAmortization": 35100000,
    "ebitda": 82538000,
    "ebitdaratio": 0.0381784541,
    "operatingIncome": 47400000,
    "operatingIncomeRatio": 0.0219251584,
    "totalOtherIncomeExpensesNet": -12638000,
    "incomeBeforeTax": 34800000,
    "incomeBeforeTaxRatio": 0.0160969518,
    "incomeTaxExpense": 12200000,
    "netIncome": 22600000,
    "netIncomeRatio": 0.0104537675,
    "eps": 0.1,
    "epsdiluted": 0.1,
    "weightedAverageShsOut": 226000000,
    "weightedAverageShsOutDil": 226000000,
    "link": "https://www.sec.gov/Archives/edgar/data/1035002/000095013499009966/0000950134-99-009966-index.html",
    "finalLink": "https://www.sec.gov/Archives/edgar/data/1035002/000095013499009966/"
  },
  {
    "date": "1999-06-30",
    "symbol": "VLO",
    "reportedCurrency": "USD",
    "cik": "0001035002",
    "fillingDate": "1999-08-13",
    "acceptedDate": "1999-08-13 00:00:00",
    "calendarYear": "1999",
    "period": "Q2",
    "revenue": 1824500000,
    "costOfRevenue": 1796400000,
    "grossProfit": 28100000,
    "grossProfitRatio": 0.0154014799,
    "researchAndDevelopmentExpenses": 0,
    "generalAndAdministrativeExpenses": 14500000,
    "sellingAndMarketingExpenses": 0,
    "sellingGeneralAndAdministrativeExpenses": 14500000,
    "otherExpenses": 34300000,
    "operatingExpenses": 48800000,
    "costAndExpenses": 1845200000,
    "interestIncome": 0,
    "interestExpense": 0,
    "depreciationAndAmortization": 34300000,
    "ebitda": 13600000,
    "ebitdaratio": 0.007454097,
    "operatingIncome": -20700000,
    "operatingIncomeRatio": -0.0113455741,
    "totalOtherIncomeExpensesNet": -13500000,
    "incomeBeforeTax": -34200000,
    "incomeBeforeTaxRatio": -0.0187448616,
    "incomeTaxExpense": -12100000,
    "netIncome": -22100000,
    "netIncomeRatio": -0.0121129076,
    "eps": -0.0975,
    "epsdiluted": -0.0975,
    "weightedAverageShsOut": 226666667,
    "weightedAverageShsOutDil": 226666667,
    "link": "https://www.sec.gov/Archives/edgar/data/1035002/000095013499007404/0000950134-99-007404-index.html",
    "finalLink": "https://www.sec.gov/Archives/edgar/data/1035002/000095013499007404/"
  },
  {
    "date": "1999-03-31",
    "symbol": "VLO",
    "reportedCurrency": "USD",
    "cik": "0001035002",
    "fillingDate": "1999-05-14",
    "acceptedDate": "1999-05-14 00:00:00",
    "calendarYear": "1999",
    "period": "Q1",
    "revenue": 1337100000,
    "costOfRevenue": 1273500000,
    "grossProfit": 63600000,
    "grossProfitRatio": 0.0475656271,
    "researchAndDevelopmentExpenses": 0,
    "generalAndAdministrativeExpenses": 18200000,
    "sellingAndMarketingExpenses": 0,
    "sellingGeneralAndAdministrativeExpenses": 18200000,
    "otherExpenses": 36800000,
    "operatingExpenses": 55000000,
    "costAndExpenses": 1328500000,
    "interestIncome": 0,
    "interestExpense": 0,
    "depreciationAndAmortization": 36800000,
    "ebitda": 45395000,
    "ebitdaratio": 0.0339503403,
    "operatingIncome": 8600000,
    "operatingIncomeRatio": 0.0064318301,
    "totalOtherIncomeExpensesNet": -12536000,
    "incomeBeforeTax": -4000000,
    "incomeBeforeTaxRatio": -0.0029915489,
    "incomeTaxExpense": -1300000,
    "netIncome": -2700000,
    "netIncomeRatio": -0.0020192955,
    "eps": -0.012,
    "epsdiluted": -0.012,
    "weightedAverageShsOut": 224228000,
    "weightedAverageShsOutDil": 224228000,
    "link": "https://www.sec.gov/Archives/edgar/data/1035002/000095013499004250/0000950134-99-004250-index.html",
    "finalLink": "https://www.sec.gov/Archives/edgar/data/1035002/"
  },
  {
    "date": "1998-12-31",
    "symbol": "VLO",
    "reportedCurrency": "USD",
    "cik": "0001035002",
    "fillingDate": "1999-02-26",
    "acceptedDate": "1999-02-26 00:00:00",
    "calendarYear": "1998",
    "period": "Q4",
    "revenue": 1390200000,
    "costOfRevenue": 1546800000,
    "grossProfit": -156600000,
    "grossProfitRatio": -0.1126456625,
    "researchAndDevelopmentExpenses": 0,
    "generalAndAdministrativeExpenses": -20900000,
    "sellingAndMarketingExpenses": 0,
    "sellingGeneralAndAdministrativeExpenses": -20900000,
    "otherExpenses": -8800000,
    "operatingExpenses": -29700000,
    "costAndExpenses": 1517100000,
    "interestIncome": 0,
    "interestExpense": 0,
    "depreciationAndAmortization": -8800000,
    "ebitda": -135700000,
    "ebitdaratio": -0.0976118544,
    "operatingIncome": -126900000,
    "operatingIncomeRatio": -0.09128183,
    "totalOtherIncomeExpensesNet": -10700000,
    "incomeBeforeTax": -137600000,
    "incomeBeforeTaxRatio": -0.0989785642,
    "incomeTaxExpense": -51900000,
    "netIncome": -85700000,
    "netIncomeRatio": -0.0616458064,
    "eps": -0.4,
    "epsdiluted": -0.4,
    "weightedAverageShsOut": 216000000,
    "weightedAverageShsOutDil": 216000000,
    "link": "https://www.sec.gov/Archives/edgar/data/1035002/000095013499001346/0000950134-99-001346-index.html",
    "finalLink": "https://www.sec.gov/Archives/edgar/data/1035002/"
  },
  {
    "date": "1998-09-30",
    "symbol": "VLO",
    "reportedCurrency": "USD",
    "cik": "0001035002",
    "fillingDate": "1998-11-13",
    "acceptedDate": "1998-11-13 00:00:00",
    "calendarYear": "1998",
    "period": "Q3",
    "revenue": 1338600000,
    "costOfRevenue": 1275700000,
    "grossProfit": 62900000,
    "grossProfitRatio": 0.0469893919,
    "researchAndDevelopmentExpenses": 0,
    "generalAndAdministrativeExpenses": 16800000,
    "sellingAndMarketingExpenses": 0,
    "sellingGeneralAndAdministrativeExpenses": 16800000,
    "otherExpenses": 32500000,
    "operatingExpenses": 49300000,
    "costAndExpenses": 1325000000,
    "interestIncome": 0,
    "interestExpense": 0,
    "depreciationAndAmortization": 32500000,
    "ebitda": 46100000,
    "ebitdaratio": 0.0344389661,
    "operatingIncome": 13600000,
    "operatingIncomeRatio": 0.0101598685,
    "totalOtherIncomeExpensesNet": -7500000,
    "incomeBeforeTax": 6100000,
    "incomeBeforeTaxRatio": 0.0045569999,
    "incomeTaxExpense": 1800000,
    "netIncome": 4300000,
    "netIncomeRatio": 0.0032123114,
    "eps": 0.02,
    "epsdiluted": 0.02,
    "weightedAverageShsOut": 215000000,
    "weightedAverageShsOutDil": 215000000,
    "link": "https://www.sec.gov/Archives/edgar/data/1035002/000103500298000017/0001035002-98-000017-index.html",
    "finalLink": "https://www.sec.gov/Archives/edgar/data/1035002/"
  },
  {
    "date": "1998-06-30",
    "symbol": "VLO",
    "reportedCurrency": "USD",
    "cik": "0001035002",
    "fillingDate": "1998-08-14",
    "acceptedDate": "1998-08-14 00:00:00",
    "calendarYear": "1998",
    "period": "Q2",
    "revenue": 1448100000,
    "costOfRevenue": 1335800000,
    "grossProfit": 112300000,
    "grossProfitRatio": 0.077549893,
    "researchAndDevelopmentExpenses": 0,
    "generalAndAdministrativeExpenses": 18600000,
    "sellingAndMarketingExpenses": 0,
    "sellingGeneralAndAdministrativeExpenses": 18600000,
    "otherExpenses": 29400000,
    "operatingExpenses": 48000000,
    "costAndExpenses": 1383800000,
    "interestIncome": 0,
    "interestExpense": 0,
    "depreciationAndAmortization": 29400000,
    "ebitda": 93700000,
    "ebitdaratio": 0.0647054761,
    "operatingIncome": 64300000,
    "operatingIncomeRatio": 0.0444030108,
    "totalOtherIncomeExpensesNet": -6600000,
    "incomeBeforeTax": 57700000,
    "incomeBeforeTaxRatio": 0.0398453146,
    "incomeTaxExpense": 17700000,
    "netIncome": 40000000,
    "netIncomeRatio": 0.0276224018,
    "eps": 0.18,
    "epsdiluted": 0.18,
    "weightedAverageShsOut": 225352113,
    "weightedAverageShsOutDil": 228571429,
    "link": "https://www.sec.gov/Archives/edgar/data/1035002/000103500298000014/0001035002-98-000014-index.html",
    "finalLink": "https://www.sec.gov/Archives/edgar/data/1035002/"
  },
  {
    "date": "1998-03-31",
    "symbol": "VLO",
    "reportedCurrency": "USD",
    "cik": "0001035002",
    "fillingDate": "1998-05-15",
    "acceptedDate": "1998-05-15 00:00:00",
    "calendarYear": "1998",
    "period": "Q1",
    "revenue": 1362400000,
    "costOfRevenue": 1284200000,
    "grossProfit": 78200000,
    "grossProfitRatio": 0.0573987082,
    "researchAndDevelopmentExpenses": 0,
    "generalAndAdministrativeExpenses": 55000000,
    "sellingAndMarketingExpenses": 0,
    "sellingGeneralAndAdministrativeExpenses": 55000000,
    "otherExpenses": 25600000,
    "operatingExpenses": 80600000,
    "costAndExpenses": 1364800000,
    "interestIncome": 0,
    "interestExpense": 0,
    "depreciationAndAmortization": 25600000,
    "ebitda": 23200000,
    "ebitdaratio": 0.0170287728,
    "operatingIncome": -2400000,
    "operatingIncomeRatio": -0.0017615972,
    "totalOtherIncomeExpensesNet": -6900000,
    "incomeBeforeTax": -9300000,
    "incomeBeforeTaxRatio": -0.0068261891,
    "incomeTaxExpense": -3400000,
    "netIncome": -5900000,
    "netIncomeRatio": -0.0043305931,
    "eps": -0.0275,
    "epsdiluted": -0.0275,
    "weightedAverageShsOut": 214545455,
    "weightedAverageShsOutDil": 214545455,
    "link": "https://www.sec.gov/Archives/edgar/data/1035002/000103500298000006/0001035002-98-000006-index.html",
    "finalLink": "https://www.sec.gov/Archives/edgar/data/1035002/"
  },
  {
    "date": "1997-12-31",
    "symbol": "VLO",
    "reportedCurrency": "USD",
    "cik": "0001035002",
    "fillingDate": "1998-03-02",
    "acceptedDate": "1998-03-02 00:00:00",
    "calendarYear": "1997",
    "period": "Q4",
    "revenue": 1596100000,
    "costOfRevenue": 1561800000,
    "grossProfit": 34300000,
    "grossProfitRatio": 0.0214898816,
    "researchAndDevelopmentExpenses": 0,
    "generalAndAdministrativeExpenses": 16600000,
    "sellingAndMarketingExpenses": 0,
    "sellingGeneralAndAdministrativeExpenses": 16600000,
    "otherExpenses": -5000000,
    "operatingExpenses": 11600000,
    "costAndExpenses": 1573400000,
    "interestIncome": 0,
    "interestExpense": 0,
    "depreciationAndAmortization": -5000000,
    "ebitda": 17700000,
    "ebitdaratio": 0.0110895307,
    "operatingIncome": 22700000,
    "operatingIncomeRatio": 0.0142221665,
    "totalOtherIncomeExpensesNet": -4000000,
    "incomeBeforeTax": 18700000,
    "incomeBeforeTaxRatio": 0.0117160579,
    "incomeTaxExpense": 6300000,
    "netIncome": 12400000,
    "netIncomeRatio": 0.0077689368,
    "eps": 0.058,
    "epsdiluted": 0.058,
    "weightedAverageShsOut": 214545455,
    "weightedAverageShsOutDil": 214545455,
    "link": "https://www.sec.gov/Archives/edgar/data/1035002/000103500298000002/0001035002-98-000002-index.html",
    "finalLink": "https://www.sec.gov/Archives/edgar/data/1035002/"
  },
  {
    "date": "1997-09-30",
    "symbol": "VLO",
    "reportedCurrency": "USD",
    "cik": "0001035002",
    "fillingDate": "1997-11-14",
    "acceptedDate": "1997-11-14 00:00:00",
    "calendarYear": "1997",
    "period": "Q3",
    "revenue": 1975700000,
    "costOfRevenue": 1841800000,
    "grossProfit": 133900000,
    "grossProfitRatio": 0.0677734474,
    "researchAndDevelopmentExpenses": 0,
    "generalAndAdministrativeExpenses": 17500000,
    "sellingAndMarketingExpenses": 0,
    "sellingGeneralAndAdministrativeExpenses": 17500000,
    "otherExpenses": 22200000,
    "operatingExpenses": 39700000,
    "costAndExpenses": 1881500000,
    "interestIncome": 0,
    "interestExpense": 0,
    "depreciationAndAmortization": 22200000,
    "ebitda": 116400000,
    "ebitdaratio": 0.0589158273,
    "operatingIncome": 94200000,
    "operatingIncomeRatio": 0.0476793035,
    "totalOtherIncomeExpensesNet": -10800000,
    "incomeBeforeTax": 83400000,
    "incomeBeforeTaxRatio": 0.0422128866,
    "incomeTaxExpense": 31400000,
    "netIncome": 51500000,
    "netIncomeRatio": 0.0260667105,
    "eps": 0.23,
    "epsdiluted": 0.23,
    "weightedAverageShsOut": 223913043,
    "weightedAverageShsOutDil": 228888889,
    "link": "https://www.sec.gov/Archives/edgar/data/1035002/000103500297000013/0001035002-97-000013-index.html",
    "finalLink": "https://www.sec.gov/Archives/edgar/data/1035002/"
  },
  {
    "date": "1997-06-30",
    "symbol": "VLO",
    "reportedCurrency": "USD",
    "cik": "0001035002",
    "fillingDate": "1997-08-14",
    "acceptedDate": "1997-08-14 00:00:00",
    "calendarYear": "1997",
    "period": "Q2",
    "revenue": 1362600000,
    "costOfRevenue": 1283000000,
    "grossProfit": 79600000,
    "grossProfitRatio": 0.0584177308,
    "researchAndDevelopmentExpenses": 0,
    "generalAndAdministrativeExpenses": 10400000,
    "sellingAndMarketingExpenses": 0,
    "sellingGeneralAndAdministrativeExpenses": 10400000,
    "otherExpenses": 13400000,
    "operatingExpenses": 23800000,
    "costAndExpenses": 1306800000,
    "interestIncome": 0,
    "interestExpense": 0,
    "depreciationAndAmortization": 13400000,
    "ebitda": 69200000,
    "ebitdaratio": 0.0507852635,
    "operatingIncome": 55800000,
    "operatingIncomeRatio": 0.0409511229,
    "totalOtherIncomeExpensesNet": -12200000,
    "incomeBeforeTax": 43600000,
    "incomeBeforeTaxRatio": 0.0319976515,
    "incomeTaxExpense": 16000000,
    "netIncome": 16700000,
    "netIncomeRatio": 0.0122559812,
    "eps": 0.0725,
    "epsdiluted": 0.0725,
    "weightedAverageShsOut": 205517241,
    "weightedAverageShsOutDil": 205517241,
    "link": "https://www.sec.gov/Archives/edgar/data/1035002/000103500297000011/0001035002-97-000011-index.html",
    "finalLink": "https://www.sec.gov/Archives/edgar/data/1035002/"
  },
  {
    "date": "1997-03-31",
    "symbol": "VLO",
    "reportedCurrency": "USD",
    "cik": "0001035002",
    "fillingDate": "1997-06-27",
    "acceptedDate": "1997-06-27 00:00:00",
    "calendarYear": "1997",
    "period": "Q1",
    "revenue": 1537100000,
    "costOfRevenue": 1438400000,
    "grossProfit": 98700000,
    "grossProfitRatio": 0.0642118275,
    "researchAndDevelopmentExpenses": 0,
    "generalAndAdministrativeExpenses": 0,
    "sellingAndMarketingExpenses": 0,
    "sellingGeneralAndAdministrativeExpenses": 20200000,
    "otherExpenses": 34600000,
    "operatingExpenses": 54800000,
    "costAndExpenses": 1493200000,
    "interestIncome": 0,
    "interestExpense": 0,
    "depreciationAndAmortization": 34600000,
    "ebitda": 78500000,
    "ebitdaratio": 0.0510701971,
    "operatingIncome": 43900000,
    "operatingIncomeRatio": 0.0285602758,
    "totalOtherIncomeExpensesNet": -20500000,
    "incomeBeforeTax": 23400000,
    "incomeBeforeTaxRatio": 0.0152234728,
    "incomeTaxExpense": 8000000,
    "netIncome": 15400000,
    "netIncomeRatio": 0.0100188667,
    "eps": 0.0725,
    "epsdiluted": 0.0725,
    "weightedAverageShsOut": 173793103,
    "weightedAverageShsOutDil": 173793103,
    "link": "https://www.sec.gov/Archives/edgar/data/1035002/000103500297000002/0001035002-97-000002-index.html",
    "finalLink": "https://www.sec.gov/Archives/edgar/data/1035002/"
  },
  {
    "date": "1996-12-31",
    "symbol": "VLO",
    "reportedCurrency": "USD",
    "cik": "0001035002",
    "fillingDate": "1996-12-31",
    "acceptedDate": "1996-12-31 00:00:00",
    "calendarYear": "1996",
    "period": "Q4",
    "revenue": 1604300000,
    "costOfRevenue": 1490400000,
    "grossProfit": 113900000,
    "grossProfitRatio": 0.0709966964,
    "researchAndDevelopmentExpenses": 0,
    "generalAndAdministrativeExpenses": 0,
    "sellingAndMarketingExpenses": 0,
    "sellingGeneralAndAdministrativeExpenses": 21300000,
    "otherExpenses": 38500000,
    "operatingExpenses": 59800000,
    "costAndExpenses": 1550200000,
    "interestIncome": 0,
    "interestExpense": 0,
    "depreciationAndAmortization": 38500000,
    "ebitda": 92600000,
    "ebitdaratio": 0.0577198778,
    "operatingIncome": 54100000,
    "operatingIncomeRatio": 0.0337218725,
    "totalOtherIncomeExpensesNet": -23100000,
    "incomeBeforeTax": 31000000,
    "incomeBeforeTaxRatio": 0.0193230693,
    "incomeTaxExpense": 12200000,
    "netIncome": 18800000,
    "netIncomeRatio": 0.0117185065,
    "eps": 0.11,
    "epsdiluted": 0.11,
    "weightedAverageShsOut": 173793103,
    "weightedAverageShsOutDil": 173793103,
    "link": null,
    "finalLink": null
  },
  {
    "date": "1996-09-30",
    "symbol": "VLO",
    "reportedCurrency": "USD",
    "cik": "0001035002",
    "fillingDate": "1996-09-30",
    "acceptedDate": "1996-09-30 00:00:00",
    "calendarYear": "1996",
    "period": "Q3",
    "revenue": 1123500000,
    "costOfRevenue": 1032400000,
    "grossProfit": 91100000,
    "grossProfitRatio": 0.0810858923,
    "researchAndDevelopmentExpenses": 0,
    "generalAndAdministrativeExpenses": 0,
    "sellingAndMarketingExpenses": 0,
    "sellingGeneralAndAdministrativeExpenses": 19100000,
    "otherExpenses": 31900000,
    "operatingExpenses": 51000000,
    "costAndExpenses": 1083400000,
    "interestIncome": 0,
    "interestExpense": 0,
    "depreciationAndAmortization": 31900000,
    "ebitda": 96600000,
    "ebitdaratio": 0.0859813084,
    "operatingIncome": 40100000,
    "operatingIncomeRatio": 0.0356920338,
    "totalOtherIncomeExpensesNet": -19300000,
    "incomeBeforeTax": 20800000,
    "incomeBeforeTaxRatio": 0.0185135737,
    "incomeTaxExpense": 7700000,
    "netIncome": 13100000,
    "netIncomeRatio": 0.0116599911,
    "eps": 0.0575,
    "epsdiluted": 0.0575,
    "weightedAverageShsOut": 179130435,
    "weightedAverageShsOutDil": 179130435,
    "link": null,
    "finalLink": null
  },
  {
    "date": "1996-06-30",
    "symbol": "VLO",
    "reportedCurrency": "USD",
    "cik": "0001035002",
    "fillingDate": "1996-06-30",
    "acceptedDate": "1996-06-30 00:00:00",
    "calendarYear": "1996",
    "period": "Q2",
    "revenue": 1152700000,
    "costOfRevenue": 1042300000,
    "grossProfit": 110400000,
    "grossProfitRatio": 0.0957751366,
    "researchAndDevelopmentExpenses": 0,
    "generalAndAdministrativeExpenses": 0,
    "sellingAndMarketingExpenses": 0,
    "sellingGeneralAndAdministrativeExpenses": 22100000,
    "otherExpenses": 33800000,
    "operatingExpenses": 55900000,
    "costAndExpenses": 1098200000,
    "interestIncome": 0,
    "interestExpense": 0,
    "depreciationAndAmortization": 33800000,
    "ebitda": 50200000,
    "ebitdaratio": 0.0435499263,
    "operatingIncome": 54500000,
    "operatingIncomeRatio": 0.0472802984,
    "totalOtherIncomeExpensesNet": -8700000,
    "incomeBeforeTax": 32200000,
    "incomeBeforeTaxRatio": 0.0279344149,
    "incomeTaxExpense": 11300000,
    "netIncome": 20900000,
    "netIncomeRatio": 0.0181313438,
    "eps": 0.1,
    "epsdiluted": 0.1,
    "weightedAverageShsOut": 176585366,
    "weightedAverageShsOutDil": 176585366,
    "link": null,
    "finalLink": null
  },
  {
    "date": "1996-03-31",
    "symbol": "VLO",
    "reportedCurrency": "USD",
    "cik": "0001035002",
    "fillingDate": "1996-03-31",
    "acceptedDate": "1996-03-31 00:00:00",
    "calendarYear": "1996",
    "period": "Q1",
    "revenue": 1067100000,
    "costOfRevenue": 961500000,
    "grossProfit": 105600000,
    "grossProfitRatio": 0.0989597976,
    "researchAndDevelopmentExpenses": 0,
    "generalAndAdministrativeExpenses": 0,
    "sellingAndMarketingExpenses": 0,
    "sellingGeneralAndAdministrativeExpenses": 19100000,
    "otherExpenses": 34200000,
    "operatingExpenses": 53300000,
    "costAndExpenses": 1014800000,
    "interestIncome": 0,
    "interestExpense": 0,
    "depreciationAndAmortization": 34200000,
    "ebitda": 86400000,
    "ebitdaratio": 0.0809671071,
    "operatingIncome": 52300000,
    "operatingIncomeRatio": 0.0490113391,
    "totalOtherIncomeExpensesNet": -22500000,
    "incomeBeforeTax": 29700000,
    "incomeBeforeTaxRatio": 0.0278324431,
    "incomeTaxExpense": 9800000,
    "netIncome": 19900000,
    "netIncomeRatio": 0.018648674,
    "eps": 0.0975,
    "epsdiluted": 0.0975,
    "weightedAverageShsOut": 175384615,
    "weightedAverageShsOutDil": 175384615,
    "link": null,
    "finalLink": null
  },
  {
    "date": "1995-12-31",
    "symbol": "VLO",
    "reportedCurrency": "USD",
    "cik": "0001035002",
    "fillingDate": "1995-12-31",
    "acceptedDate": "1995-12-31 00:00:00",
    "calendarYear": "1995",
    "period": "Q4",
    "revenue": 844300000,
    "costOfRevenue": 738500000,
    "grossProfit": 105800000,
    "grossProfitRatio": 0.1253109084,
    "researchAndDevelopmentExpenses": 0,
    "generalAndAdministrativeExpenses": 0,
    "sellingAndMarketingExpenses": 0,
    "sellingGeneralAndAdministrativeExpenses": 21700000,
    "otherExpenses": 36800000,
    "operatingExpenses": 58500000,
    "costAndExpenses": 797000000,
    "interestIncome": 0,
    "interestExpense": 0,
    "depreciationAndAmortization": 36800000,
    "ebitda": 84100000,
    "ebitdaratio": 0.0996091437,
    "operatingIncome": 47300000,
    "operatingIncomeRatio": 0.0560227407,
    "totalOtherIncomeExpensesNet": -26500000,
    "incomeBeforeTax": 20800000,
    "incomeBeforeTaxRatio": 0.024635793,
    "incomeTaxExpense": 7900000,
    "netIncome": 12900000,
    "netIncomeRatio": 0.0152789293,
    "eps": 0.074,
    "epsdiluted": 0.074,
    "weightedAverageShsOut": 175384615,
    "weightedAverageShsOutDil": 175384615,
    "link": null,
    "finalLink": null
  },
  {
    "date": "1995-09-30",
    "symbol": "VLO",
    "reportedCurrency": "USD",
    "cik": "0001035002",
    "fillingDate": "1995-09-30",
    "acceptedDate": "1995-09-30 00:00:00",
    "calendarYear": "1995",
    "period": "Q3",
    "revenue": 740400000,
    "costOfRevenue": 627600000,
    "grossProfit": 112800000,
    "grossProfitRatio": 0.152350081,
    "researchAndDevelopmentExpenses": 0,
    "generalAndAdministrativeExpenses": 0,
    "sellingAndMarketingExpenses": 0,
    "sellingGeneralAndAdministrativeExpenses": 21200000,
    "otherExpenses": 33800000,
    "operatingExpenses": 55000000,
    "costAndExpenses": 682600000,
    "interestIncome": 0,
    "interestExpense": 0,
    "depreciationAndAmortization": 33800000,
    "ebitda": 91600000,
    "ebitdaratio": 0.1237169098,
    "operatingIncome": 57800000,
    "operatingIncomeRatio": 0.0780659103,
    "totalOtherIncomeExpensesNet": -22400000,
    "incomeBeforeTax": 35400000,
    "incomeBeforeTaxRatio": 0.0478119935,
    "incomeTaxExpense": 12800000,
    "netIncome": 22600000,
    "netIncomeRatio": 0.0305240411,
    "eps": 0.11,
    "epsdiluted": 0.11,
    "weightedAverageShsOut": 174222222,
    "weightedAverageShsOutDil": 174222222,
    "link": null,
    "finalLink": null
  }
]