[
  {
    "date": "2025-07-04",
    "symbol": "VLTO",
    "reportedCurrency": "USD",
    "cik": "0001967680",
    "fillingDate": "2025-07-28",
    "acceptedDate": "2025-07-28 17:31:35",
    "calendarYear": "2025",
    "period": "Q2",
    "revenue": 1371000000,
    "costOfRevenue": 549000000,
    "grossProfit": 822000000,
    "grossProfitRatio": 0.5995623632,
    "researchAndDevelopmentExpenses": 67000000,
    "generalAndAdministrativeExpenses": 0,
    "sellingAndMarketingExpenses": 0,
    "sellingGeneralAndAdministrativeExpenses": 442000000,
    "otherExpenses": 0,
    "operatingExpenses": 509000000,
    "costAndExpenses": 1058000000,
    "interestIncome": 0,
    "interestExpense": 28000000,
    "depreciationAndAmortization": 19000000,
    "ebitda": 332000000,
    "ebitdaratio": 0.242159008,
    "operatingIncome": 313000000,
    "operatingIncomeRatio": 0.2283005106,
    "totalOtherIncomeExpensesNet": -28000000,
    "incomeBeforeTax": 285000000,
    "incomeBeforeTaxRatio": 0.2078774617,
    "incomeTaxExpense": 63000000,
    "netIncome": 222000000,
    "netIncomeRatio": 0.1619256018,
    "eps": 0.89,
    "epsdiluted": 0.89,
    "weightedAverageShsOut": 248200000,
    "weightedAverageShsOutDil": 249900000,
    "link": "https://www.sec.gov/Archives/edgar/data/1967680/000196768025000125/0001967680-25-000125-index.htm",
    "finalLink": "https://www.sec.gov/Archives/edgar/data/1967680/000196768025000125/vlto-20250704.htm"
  },
  {
    "date": "2025-04-04",
    "symbol": "VLTO",
    "reportedCurrency": "USD",
    "cik": "0001967680",
    "fillingDate": "2025-04-30",
    "acceptedDate": "2025-04-29 17:32:37",
    "calendarYear": "2025",
    "period": "Q1",
    "revenue": 1332000000,
    "costOfRevenue": 527000000,
    "grossProfit": 805000000,
    "grossProfitRatio": 0.6043543544,
    "researchAndDevelopmentExpenses": 64000000,
    "generalAndAdministrativeExpenses": 0,
    "sellingAndMarketingExpenses": 0,
    "sellingGeneralAndAdministrativeExpenses": 419000000,
    "otherExpenses": 0,
    "operatingExpenses": 483000000,
    "costAndExpenses": 1010000000,
    "interestIncome": 0,
    "interestExpense": 27000000,
    "depreciationAndAmortization": 19000000,
    "ebitda": 335000000,
    "ebitdaratio": 0.2515015015,
    "operatingIncome": 322000000,
    "operatingIncomeRatio": 0.2417417417,
    "totalOtherIncomeExpensesNet": -33000000,
    "incomeBeforeTax": 289000000,
    "incomeBeforeTaxRatio": 0.216966967,
    "incomeTaxExpense": 64000000,
    "netIncome": 225000000,
    "netIncomeRatio": 0.1689189189,
    "eps": 0.91,
    "epsdiluted": 0.9,
    "weightedAverageShsOut": 247900000,
    "weightedAverageShsOutDil": 250100000,
    "link": "https://www.sec.gov/Archives/edgar/data/1967680/000196768025000067/0001967680-25-000067-index.htm",
    "finalLink": "https://www.sec.gov/Archives/edgar/data/1967680/000196768025000067/vlto-20250404.htm"
  },
  {
    "date": "2024-12-31",
    "symbol": "VLTO",
    "reportedCurrency": "USD",
    "cik": "0001967680",
    "fillingDate": "2025-02-25",
    "acceptedDate": "2025-02-25 16:38:30",
    "calendarYear": "2024",
    "period": "Q4",
    "revenue": 1345000000,
    "costOfRevenue": 544000000,
    "grossProfit": 801000000,
    "grossProfitRatio": 0.5955390335,
    "researchAndDevelopmentExpenses": 69000000,
    "generalAndAdministrativeExpenses": 0,
    "sellingAndMarketingExpenses": 0,
    "sellingGeneralAndAdministrativeExpenses": 424000000,
    "otherExpenses": 0,
    "operatingExpenses": 493000000,
    "costAndExpenses": 1037000000,
    "interestIncome": 0,
    "interestExpense": 28000000,
    "depreciationAndAmortization": 20000000,
    "ebitda": 328000000,
    "ebitdaratio": 0.243866171,
    "operatingIncome": 308000000,
    "operatingIncomeRatio": 0.2289962825,
    "totalOtherIncomeExpensesNet": -28000000,
    "incomeBeforeTax": 280000000,
    "incomeBeforeTaxRatio": 0.2081784387,
    "incomeTaxExpense": 53000000,
    "netIncome": 227000000,
    "netIncomeRatio": 0.1687732342,
    "eps": 0.92,
    "epsdiluted": 0.91,
    "weightedAverageShsOut": 247300000,
    "weightedAverageShsOutDil": 250300000,
    "link": "https://www.sec.gov/Archives/edgar/data/1967680/000196768025000008/0001967680-25-000008-index.htm",
    "finalLink": "https://www.sec.gov/Archives/edgar/data/1967680/000196768025000008/vlto-20241231.htm"
  },
  {
    "date": "2024-09-27",
    "symbol": "VLTO",
    "reportedCurrency": "USD",
    "cik": "0001967680",
    "fillingDate": "2024-10-24",
    "acceptedDate": "2024-10-23 17:33:22",
    "calendarYear": "2024",
    "period": "Q3",
    "revenue": 1314000000,
    "costOfRevenue": 531000000,
    "grossProfit": 783000000,
    "grossProfitRatio": 0.595890411,
    "researchAndDevelopmentExpenses": 63000000,
    "generalAndAdministrativeExpenses": 0,
    "sellingAndMarketingExpenses": 0,
    "sellingGeneralAndAdministrativeExpenses": 412000000,
    "otherExpenses": 0,
    "operatingExpenses": 475000000,
    "costAndExpenses": 1006000000,
    "interestIncome": 0,
    "interestExpense": 27000000,
    "depreciationAndAmortization": 17000000,
    "ebitda": 330000000,
    "ebitdaratio": 0.2511415525,
    "operatingIncome": 308000000,
    "operatingIncomeRatio": 0.2343987823,
    "totalOtherIncomeExpensesNet": -22000000,
    "incomeBeforeTax": 286000000,
    "incomeBeforeTaxRatio": 0.2176560122,
    "incomeTaxExpense": 67000000,
    "netIncome": 219000000,
    "netIncomeRatio": 0.1666666667,
    "eps": 0.89,
    "epsdiluted": 0.88,
    "weightedAverageShsOut": 247400000,
    "weightedAverageShsOutDil": 250000000,
    "link": "https://www.sec.gov/Archives/edgar/data/1967680/000196768024000137/0001967680-24-000137-index.htm",
    "finalLink": "https://www.sec.gov/Archives/edgar/data/1967680/000196768024000137/vlto-20240927.htm"
  },
  {
    "date": "2024-06-28",
    "symbol": "VLTO",
    "reportedCurrency": "USD",
    "cik": "0001967680",
    "fillingDate": "2024-07-26",
    "acceptedDate": "2024-07-25 17:35:52",
    "calendarYear": "2024",
    "period": "Q2",
    "revenue": 1288000000,
    "costOfRevenue": 524000000,
    "grossProfit": 764000000,
    "grossProfitRatio": 0.5931677019,
    "researchAndDevelopmentExpenses": 61000000,
    "generalAndAdministrativeExpenses": 0,
    "sellingAndMarketingExpenses": 0,
    "sellingGeneralAndAdministrativeExpenses": 404000000,
    "otherExpenses": 0,
    "operatingExpenses": 465000000,
    "costAndExpenses": 989000000,
    "interestIncome": 0,
    "interestExpense": 30000000,
    "depreciationAndAmortization": 20000000,
    "ebitda": 318000000,
    "ebitdaratio": 0.2468944099,
    "operatingIncome": 299000000,
    "operatingIncomeRatio": 0.2321428571,
    "totalOtherIncomeExpensesNet": -29000000,
    "incomeBeforeTax": 270000000,
    "incomeBeforeTaxRatio": 0.2096273292,
    "incomeTaxExpense": 67000000,
    "netIncome": 203000000,
    "netIncomeRatio": 0.1576086957,
    "eps": 0.82,
    "epsdiluted": 0.81,
    "weightedAverageShsOut": 247200000,
    "weightedAverageShsOutDil": 249300000,
    "link": "https://www.sec.gov/Archives/edgar/data/1967680/000196768024000111/0001967680-24-000111-index.htm",
    "finalLink": "https://www.sec.gov/Archives/edgar/data/1967680/000196768024000111/vlto-20240628.htm"
  },
  {
    "date": "2024-03-31",
    "symbol": "VLTO",
    "reportedCurrency": "USD",
    "cik": "0001967680",
    "fillingDate": "2024-03-31",
    "acceptedDate": "2024-03-30 20:00:00",
    "calendarYear": "2024",
    "period": "Q1",
    "revenue": 1246000000,
    "costOfRevenue": 499000000,
    "grossProfit": 747000000,
    "grossProfitRatio": 0.5995184591,
    "researchAndDevelopmentExpenses": 60000000,
    "generalAndAdministrativeExpenses": 0,
    "sellingAndMarketingExpenses": 0,
    "sellingGeneralAndAdministrativeExpenses": 394000000,
    "otherExpenses": 0,
    "operatingExpenses": 454000000,
    "costAndExpenses": 953000000,
    "interestIncome": 0,
    "interestExpense": 28000000,
    "depreciationAndAmortization": 21000000,
    "ebitda": 299000000,
    "ebitdaratio": 0.2399678973,
    "operatingIncome": 293000000,
    "operatingIncomeRatio": 0.235152488,
    "totalOtherIncomeExpensesNet": -43000000,
    "incomeBeforeTax": 250000000,
    "incomeBeforeTaxRatio": 0.2006420546,
    "incomeTaxExpense": 66000000,
    "netIncome": 184000000,
    "netIncomeRatio": 0.1476725522,
    "eps": 0.75,
    "epsdiluted": 0.74,
    "weightedAverageShsOut": 246900000,
    "weightedAverageShsOutDil": 248800000,
    "link": null,
    "finalLink": null
  },
  {
    "date": "2023-12-31",
    "symbol": "VLTO",
    "reportedCurrency": "USD",
    "cik": "0001967680",
    "fillingDate": "2023-12-31",
    "acceptedDate": "2023-12-30 19:00:00",
    "calendarYear": "2023",
    "period": "Q4",
    "revenue": 1288000000,
    "costOfRevenue": 542000000,
    "grossProfit": 746000000,
    "grossProfitRatio": 0.5791925466,
    "researchAndDevelopmentExpenses": 57000000,
    "generalAndAdministrativeExpenses": 0,
    "sellingAndMarketingExpenses": 0,
    "sellingGeneralAndAdministrativeExpenses": 403000000,
    "otherExpenses": 0,
    "operatingExpenses": 460000000,
    "costAndExpenses": 1002000000,
    "interestIncome": 0,
    "interestExpense": 25000000,
    "depreciationAndAmortization": 22000000,
    "ebitda": 308000000,
    "ebitdaratio": 0.2391304348,
    "operatingIncome": 286000000,
    "operatingIncomeRatio": 0.2220496894,
    "totalOtherIncomeExpensesNet": -25000000,
    "incomeBeforeTax": 261000000,
    "incomeBeforeTaxRatio": 0.2026397516,
    "incomeTaxExpense": 61000000,
    "netIncome": 200000000,
    "netIncomeRatio": 0.1552795031,
    "eps": 0.81,
    "epsdiluted": 0.81,
    "weightedAverageShsOut": 246400000,
    "weightedAverageShsOutDil": 246400000,
    "link": null,
    "finalLink": null
  },
  {
    "date": "2023-09-30",
    "symbol": "VLTO",
    "reportedCurrency": "USD",
    "cik": "0001967680",
    "fillingDate": "2023-09-30",
    "acceptedDate": "2023-09-29 20:00:00",
    "calendarYear": "2023",
    "period": "Q3",
    "revenue": 1255000000,
    "costOfRevenue": 532000000,
    "grossProfit": 723000000,
    "grossProfitRatio": 0.5760956175,
    "researchAndDevelopmentExpenses": 55000000,
    "generalAndAdministrativeExpenses": 0,
    "sellingAndMarketingExpenses": 0,
    "sellingGeneralAndAdministrativeExpenses": 395000000,
    "otherExpenses": 0,
    "operatingExpenses": 450000000,
    "costAndExpenses": 982000000,
    "interestIncome": 0,
    "interestExpense": 5000000,
    "depreciationAndAmortization": 21000000,
    "ebitda": 294000000,
    "ebitdaratio": 0.2342629482,
    "operatingIncome": 273000000,
    "operatingIncomeRatio": 0.2175298805,
    "totalOtherIncomeExpensesNet": -5000000,
    "incomeBeforeTax": 268000000,
    "incomeBeforeTaxRatio": 0.2135458167,
    "incomeTaxExpense": 63000000,
    "netIncome": 205000000,
    "netIncomeRatio": 0.1633466135,
    "eps": 0.83,
    "epsdiluted": 0.83,
    "weightedAverageShsOut": 246300000,
    "weightedAverageShsOutDil": 246300000,
    "link": null,
    "finalLink": null
  },
  {
    "date": "2023-06-30",
    "symbol": "VLTO",
    "reportedCurrency": "USD",
    "cik": "0001967680",
    "fillingDate": "2023-06-30",
    "acceptedDate": "2023-06-29 20:00:00",
    "calendarYear": "2023",
    "period": "Q2",
    "revenue": 1253000000,
    "costOfRevenue": 541000000,
    "grossProfit": 712000000,
    "grossProfitRatio": 0.568236233,
    "researchAndDevelopmentExpenses": 57000000,
    "generalAndAdministrativeExpenses": 0,
    "sellingAndMarketingExpenses": 0,
    "sellingGeneralAndAdministrativeExpenses": 366000000,
    "otherExpenses": 0,
    "operatingExpenses": 423000000,
    "costAndExpenses": 964000000,
    "interestIncome": 0,
    "interestExpense": 0,
    "depreciationAndAmortization": 22000000,
    "ebitda": 317000000,
    "ebitdaratio": 0.2529928172,
    "operatingIncome": 289000000,
    "operatingIncomeRatio": 0.2306464485,
    "totalOtherIncomeExpensesNet": -14000000,
    "incomeBeforeTax": 275000000,
    "incomeBeforeTaxRatio": 0.2194732642,
    "incomeTaxExpense": 66000000,
    "netIncome": 209000000,
    "netIncomeRatio": 0.1667996808,
    "eps": 0.85,
    "epsdiluted": 0.85,
    "weightedAverageShsOut": 246100000,
    "weightedAverageShsOutDil": 246100000,
    "link": null,
    "finalLink": null
  },
  {
    "date": "2023-03-31",
    "symbol": "VLTO",
    "reportedCurrency": "USD",
    "cik": "0001967680",
    "fillingDate": "2023-03-31",
    "acceptedDate": "2023-03-30 20:00:00",
    "calendarYear": "2023",
    "period": "Q1",
    "revenue": 1225000000,
    "costOfRevenue": 529000000,
    "grossProfit": 696000000,
    "grossProfitRatio": 0.5681632653,
    "researchAndDevelopmentExpenses": 56000000,
    "generalAndAdministrativeExpenses": 0,
    "sellingAndMarketingExpenses": 0,
    "sellingGeneralAndAdministrativeExpenses": 348000000,
    "otherExpenses": 0,
    "operatingExpenses": 404000000,
    "costAndExpenses": 933000000,
    "interestIncome": 0,
    "interestExpense": 0,
    "depreciationAndAmortization": 22000000,
    "ebitda": 314000000,
    "ebitdaratio": 0.2563265306,
    "operatingIncome": 292000000,
    "operatingIncomeRatio": 0.2383673469,
    "totalOtherIncomeExpensesNet": 0,
    "incomeBeforeTax": 292000000,
    "incomeBeforeTaxRatio": 0.2383673469,
    "incomeTaxExpense": 67000000,
    "netIncome": 225000000,
    "netIncomeRatio": 0.1836734694,
    "eps": 0.91,
    "epsdiluted": 0.91,
    "weightedAverageShsOut": 246100000,
    "weightedAverageShsOutDil": 246100000,
    "link": null,
    "finalLink": null
  },
  {
    "date": "2022-12-31",
    "symbol": "VLTO",
    "reportedCurrency": "USD",
    "cik": "0001967680",
    "fillingDate": "2022-12-31",
    "acceptedDate": "2022-12-30 19:00:00",
    "calendarYear": "2022",
    "period": "Q4",
    "revenue": 1257000000,
    "costOfRevenue": 537000000,
    "grossProfit": 720000000,
    "grossProfitRatio": 0.5727923628,
    "researchAndDevelopmentExpenses": 53000000,
    "generalAndAdministrativeExpenses": 0,
    "sellingAndMarketingExpenses": 0,
    "sellingGeneralAndAdministrativeExpenses": 407000000,
    "otherExpenses": 0,
    "operatingExpenses": 460000000,
    "costAndExpenses": 997000000,
    "interestIncome": 0,
    "interestExpense": 146000000,
    "depreciationAndAmortization": 21000000,
    "ebitda": 282000000,
    "ebitdaratio": 0.2243436754,
    "operatingIncome": 260000000,
    "operatingIncomeRatio": 0.2068416866,
    "totalOtherIncomeExpensesNet": -145000000,
    "incomeBeforeTax": 115000000,
    "incomeBeforeTaxRatio": 0.0914876691,
    "incomeTaxExpense": 35000000,
    "netIncome": 80000000,
    "netIncomeRatio": 0.0636435959,
    "eps": 0.88,
    "epsdiluted": 0.88,
    "weightedAverageShsOut": 246100000,
    "weightedAverageShsOutDil": 246100000,
    "link": null,
    "finalLink": null
  },
  {
    "date": "2022-09-30",
    "symbol": "VLTO",
    "reportedCurrency": "USD",
    "cik": "0001967680",
    "fillingDate": "2022-09-30",
    "acceptedDate": "2022-09-29 20:00:00",
    "calendarYear": "2022",
    "period": "Q3",
    "revenue": 1219000000,
    "costOfRevenue": 525000000,
    "grossProfit": 694000000,
    "grossProfitRatio": 0.569319114,
    "researchAndDevelopmentExpenses": 52000000,
    "generalAndAdministrativeExpenses": 0,
    "sellingAndMarketingExpenses": 0,
    "sellingGeneralAndAdministrativeExpenses": 357000000,
    "otherExpenses": 0,
    "operatingExpenses": 409000000,
    "costAndExpenses": 934000000,
    "interestIncome": 0,
    "interestExpense": 0,
    "depreciationAndAmortization": 21000000,
    "ebitda": 306000000,
    "ebitdaratio": 0.2510254307,
    "operatingIncome": 285000000,
    "operatingIncomeRatio": 0.2337981952,
    "totalOtherIncomeExpensesNet": 0,
    "incomeBeforeTax": 285000000,
    "incomeBeforeTaxRatio": 0.2337981952,
    "incomeTaxExpense": 67000000,
    "netIncome": 218000000,
    "netIncomeRatio": 0.1788351107,
    "eps": 0.89,
    "epsdiluted": 0.89,
    "weightedAverageShsOut": 246300000,
    "weightedAverageShsOutDil": 246300000,
    "link": null,
    "finalLink": null
  },
  {
    "date": "2022-07-01",
    "symbol": "VLTO",
    "reportedCurrency": "USD",
    "cik": "0001967680",
    "fillingDate": "2022-07-01",
    "acceptedDate": "2022-06-30 20:00:00",
    "calendarYear": "2022",
    "period": "Q2",
    "revenue": 1231000000,
    "costOfRevenue": 537000000,
    "grossProfit": 694000000,
    "grossProfitRatio": 0.5637692933,
    "researchAndDevelopmentExpenses": 55000000,
    "generalAndAdministrativeExpenses": 0,
    "sellingAndMarketingExpenses": 0,
    "sellingGeneralAndAdministrativeExpenses": 337000000,
    "otherExpenses": 0,
    "operatingExpenses": 392000000,
    "costAndExpenses": 929000000,
    "interestIncome": 0,
    "interestExpense": 0,
    "depreciationAndAmortization": 23000000,
    "ebitda": 325000000,
    "ebitdaratio": 0.2640129976,
    "operatingIncome": 302000000,
    "operatingIncomeRatio": 0.2453290008,
    "totalOtherIncomeExpensesNet": 0,
    "incomeBeforeTax": 302000000,
    "incomeBeforeTaxRatio": 0.2453290008,
    "incomeTaxExpense": 71000000,
    "netIncome": 231000000,
    "netIncomeRatio": 0.1876523152,
    "eps": 0.94,
    "epsdiluted": 0.94,
    "weightedAverageShsOut": 246100000,
    "weightedAverageShsOutDil": 246100000,
    "link": null,
    "finalLink": null
  },
  {
    "date": "2022-04-30",
    "symbol": "VLTO",
    "reportedCurrency": "USD",
    "cik": "0001967680",
    "fillingDate": "2022-04-30",
    "acceptedDate": "2022-04-28 20:00:00",
    "calendarYear": "2022",
    "period": "Q1",
    "revenue": 1172000000,
    "costOfRevenue": 538000000,
    "grossProfit": 634000000,
    "grossProfitRatio": 0.5409556314,
    "researchAndDevelopmentExpenses": 57000000,
    "generalAndAdministrativeExpenses": 0,
    "sellingAndMarketingExpenses": 0,
    "sellingGeneralAndAdministrativeExpenses": 346000000,
    "otherExpenses": 0,
    "operatingExpenses": 403000000,
    "costAndExpenses": 941000000,
    "interestIncome": 0,
    "interestExpense": 0,
    "depreciationAndAmortization": 25000000,
    "ebitda": 256000000,
    "ebitdaratio": 0.2184300341,
    "operatingIncome": 231000000,
    "operatingIncomeRatio": 0.1970989761,
    "totalOtherIncomeExpensesNet": 0,
    "incomeBeforeTax": 231000000,
    "incomeBeforeTaxRatio": 0.1970989761,
    "incomeTaxExpense": 51000000,
    "netIncome": 180000000,
    "netIncomeRatio": 0.1535836177,
    "eps": 0.73,
    "epsdiluted": 0.73,
    "weightedAverageShsOut": 246100000,
    "weightedAverageShsOutDil": 246100000,
    "link": null,
    "finalLink": null
  }
]