[
  {
    "date": "2025-06-30",
    "symbol": "VMC",
    "reportedCurrency": "USD",
    "cik": "0001396009",
    "fillingDate": "2025-07-31",
    "acceptedDate": "2025-07-31 11:50:15",
    "calendarYear": "2025",
    "period": "Q2",
    "revenue": 2102400000,
    "costOfRevenue": 1477200000,
    "grossProfit": 625200000,
    "grossProfitRatio": 0.2973744292,
    "researchAndDevelopmentExpenses": 0,
    "generalAndAdministrativeExpenses": 0,
    "sellingAndMarketingExpenses": 0,
    "sellingGeneralAndAdministrativeExpenses": 144500000,
    "otherExpenses": 9700000,
    "operatingExpenses": 154200000,
    "costAndExpenses": 1631400000,
    "interestIncome": 0,
    "interestExpense": 59200000,
    "depreciationAndAmortization": 185400000,
    "ebitda": 658800000,
    "ebitdaratio": 0.3133561644,
    "operatingIncome": 471000000,
    "operatingIncomeRatio": 0.2240296804,
    "totalOtherIncomeExpensesNet": -56800000,
    "incomeBeforeTax": 414200000,
    "incomeBeforeTaxRatio": 0.1970129376,
    "incomeTaxExpense": 91300000,
    "netIncome": 320900000,
    "netIncomeRatio": 0.1526350837,
    "eps": 2.43,
    "epsdiluted": 2.41,
    "weightedAverageShsOut": 132300000,
    "weightedAverageShsOutDil": 132900000,
    "link": "https://www.sec.gov/Archives/edgar/data/1396009/000139600925000021/0001396009-25-000021-index.htm",
    "finalLink": "https://www.sec.gov/Archives/edgar/data/1396009/000139600925000021/vmc-20250630.htm"
  },
  {
    "date": "2025-03-31",
    "symbol": "VMC",
    "reportedCurrency": "USD",
    "cik": "0001396009",
    "fillingDate": "2025-04-30",
    "acceptedDate": "2025-04-30 12:23:16",
    "calendarYear": "2025",
    "period": "Q1",
    "revenue": 1634600000,
    "costOfRevenue": 1269300000,
    "grossProfit": 365300000,
    "grossProfitRatio": 0.2234797504,
    "researchAndDevelopmentExpenses": 0,
    "generalAndAdministrativeExpenses": 0,
    "sellingAndMarketingExpenses": 0,
    "sellingGeneralAndAdministrativeExpenses": 138300000,
    "otherExpenses": 600000,
    "operatingExpenses": 138900000,
    "costAndExpenses": 1408200000,
    "interestIncome": 0,
    "interestExpense": 59700000,
    "depreciationAndAmortization": 186400000,
    "ebitda": 410200000,
    "ebitdaratio": 0.2509482442,
    "operatingIncome": 226400000,
    "operatingIncomeRatio": 0.138504833,
    "totalOtherIncomeExpensesNet": -62300000,
    "incomeBeforeTax": 164100000,
    "incomeBeforeTaxRatio": 0.1003915331,
    "incomeTaxExpense": 33800000,
    "netIncome": 128900000,
    "netIncomeRatio": 0.0788572128,
    "eps": 0.98,
    "epsdiluted": 0.98,
    "weightedAverageShsOut": 132400000,
    "weightedAverageShsOutDil": 133000000,
    "link": "https://www.sec.gov/Archives/edgar/data/1396009/000139600925000008/0001396009-25-000008-index.htm",
    "finalLink": "https://www.sec.gov/Archives/edgar/data/1396009/000139600925000008/vmc-20250331.htm"
  },
  {
    "date": "2024-12-31",
    "symbol": "VMC",
    "reportedCurrency": "USD",
    "cik": "0001396009",
    "fillingDate": "2025-02-20",
    "acceptedDate": "2025-02-20 12:35:11",
    "calendarYear": "2024",
    "period": "Q4",
    "revenue": 1853700000,
    "costOfRevenue": 1316500000,
    "grossProfit": 537200000,
    "grossProfitRatio": 0.2897987808,
    "researchAndDevelopmentExpenses": 0,
    "generalAndAdministrativeExpenses": 0,
    "sellingAndMarketingExpenses": 0,
    "sellingGeneralAndAdministrativeExpenses": 138100000,
    "otherExpenses": -1900000,
    "operatingExpenses": 136200000,
    "costAndExpenses": 1452700000,
    "interestIncome": 20900000,
    "interestExpense": 73500000,
    "depreciationAndAmortization": 149100000,
    "ebitda": 561600000,
    "ebitdaratio": 0.3029616443,
    "operatingIncome": 401000000,
    "operatingIncomeRatio": 0.2163241085,
    "totalOtherIncomeExpensesNet": -62000000,
    "incomeBeforeTax": 339000000,
    "incomeBeforeTaxRatio": 0.1828774883,
    "incomeTaxExpense": 42900000,
    "netIncome": 293700000,
    "netIncomeRatio": 0.158439877,
    "eps": 2.22,
    "epsdiluted": 2.21,
    "weightedAverageShsOut": 132300000,
    "weightedAverageShsOutDil": 133100000,
    "link": "https://www.sec.gov/Archives/edgar/data/1396009/000139600925000005/0001396009-25-000005-index.htm",
    "finalLink": "https://www.sec.gov/Archives/edgar/data/1396009/000139600925000005/vmc-20241231.htm"
  },
  {
    "date": "2024-09-30",
    "symbol": "VMC",
    "reportedCurrency": "USD",
    "cik": "0001396009",
    "fillingDate": "2024-10-30",
    "acceptedDate": "2024-10-30 14:09:19",
    "calendarYear": "2024",
    "period": "Q3",
    "revenue": 2003900000,
    "costOfRevenue": 1438700000,
    "grossProfit": 565200000,
    "grossProfitRatio": 0.2820500025,
    "researchAndDevelopmentExpenses": 0,
    "generalAndAdministrativeExpenses": 0,
    "sellingAndMarketingExpenses": 0,
    "sellingGeneralAndAdministrativeExpenses": 129100000,
    "otherExpenses": 99000000,
    "operatingExpenses": 228100000,
    "costAndExpenses": 1666800000,
    "interestIncome": 0,
    "interestExpense": 38400000,
    "depreciationAndAmortization": 160700000,
    "ebitda": 494000000,
    "ebitdaratio": 0.2465192874,
    "operatingIncome": 337100000,
    "operatingIncomeRatio": 0.1682219672,
    "totalOtherIncomeExpensesNet": -42200000,
    "incomeBeforeTax": 294900000,
    "incomeBeforeTaxRatio": 0.1471630321,
    "incomeTaxExpense": 85200000,
    "netIncome": 207600000,
    "netIncomeRatio": 0.1035979839,
    "eps": 1.57,
    "epsdiluted": 1.56,
    "weightedAverageShsOut": 132200000,
    "weightedAverageShsOutDil": 133000000,
    "link": "https://www.sec.gov/Archives/edgar/data/1396009/000139600924000023/0001396009-24-000023-index.htm",
    "finalLink": "https://www.sec.gov/Archives/edgar/data/1396009/000139600924000023/vmc-20240930.htm"
  },
  {
    "date": "2024-06-30",
    "symbol": "VMC",
    "reportedCurrency": "USD",
    "cik": "0001396009",
    "fillingDate": "2024-08-07",
    "acceptedDate": "2024-08-07 10:42:36",
    "calendarYear": "2024",
    "period": "Q2",
    "revenue": 2014400000,
    "costOfRevenue": 1422200000,
    "grossProfit": 592200000,
    "grossProfitRatio": 0.2939833201,
    "researchAndDevelopmentExpenses": 0,
    "generalAndAdministrativeExpenses": 0,
    "sellingAndMarketingExpenses": 0,
    "sellingGeneralAndAdministrativeExpenses": 134100000,
    "otherExpenses": 4500000,
    "operatingExpenses": 138600000,
    "costAndExpenses": 1560800000,
    "interestIncome": 0,
    "interestExpense": 40200000,
    "depreciationAndAmortization": 156800000,
    "ebitda": 601700000,
    "ebitdaratio": 0.2986993646,
    "operatingIncome": 453600000,
    "operatingIncomeRatio": 0.2251787133,
    "totalOtherIncomeExpensesNet": -48900000,
    "incomeBeforeTax": 404700000,
    "incomeBeforeTaxRatio": 0.2009034948,
    "incomeTaxExpense": 94400000,
    "netIncome": 308000000,
    "netIncomeRatio": 0.1528991263,
    "eps": 2.33,
    "epsdiluted": 2.31,
    "weightedAverageShsOut": 132400000,
    "weightedAverageShsOutDil": 133100000,
    "link": "https://www.sec.gov/Archives/edgar/data/1396009/000139600924000017/0001396009-24-000017-index.htm",
    "finalLink": "https://www.sec.gov/Archives/edgar/data/1396009/000139600924000017/vmc-20240630.htm"
  },
  {
    "date": "2024-03-31",
    "symbol": "VMC",
    "reportedCurrency": "USD",
    "cik": "0001396009",
    "fillingDate": "2024-05-02",
    "acceptedDate": "2024-05-02 12:31:27",
    "calendarYear": "2024",
    "period": "Q1",
    "revenue": 1545700000,
    "costOfRevenue": 1240800000,
    "grossProfit": 304900000,
    "grossProfitRatio": 0.1972569063,
    "researchAndDevelopmentExpenses": 0,
    "generalAndAdministrativeExpenses": 0,
    "sellingAndMarketingExpenses": 0,
    "sellingGeneralAndAdministrativeExpenses": 129700000,
    "otherExpenses": 2300000,
    "operatingExpenses": 132000000,
    "costAndExpenses": 1372800000,
    "interestIncome": 0,
    "interestExpense": 39100000,
    "depreciationAndAmortization": 150900000,
    "ebitda": 323500000,
    "ebitdaratio": 0.2092902892,
    "operatingIncome": 172900000,
    "operatingIncomeRatio": 0.1118587048,
    "totalOtherIncomeExpensesNet": -39400000,
    "incomeBeforeTax": 133500000,
    "incomeBeforeTaxRatio": 0.0863686356,
    "incomeTaxExpense": 28900000,
    "netIncome": 102700000,
    "netIncomeRatio": 0.0664423886,
    "eps": 0.78,
    "epsdiluted": 0.77,
    "weightedAverageShsOut": 132400000,
    "weightedAverageShsOutDil": 133100000,
    "link": "https://www.sec.gov/Archives/edgar/data/1396009/000139600924000009/0001396009-24-000009-index.htm",
    "finalLink": "https://www.sec.gov/Archives/edgar/data/1396009/000139600924000009/vmc-20240331.htm"
  },
  {
    "date": "2023-12-31",
    "symbol": "VMC",
    "reportedCurrency": "USD",
    "cik": "0001396009",
    "fillingDate": "2024-02-22",
    "acceptedDate": "2024-02-22 14:36:22",
    "calendarYear": "2023",
    "period": "Q4",
    "revenue": 1834300000,
    "costOfRevenue": 1362100000,
    "grossProfit": 472200000,
    "grossProfitRatio": 0.2574279017,
    "researchAndDevelopmentExpenses": 0,
    "generalAndAdministrativeExpenses": 0,
    "sellingAndMarketingExpenses": 0,
    "sellingGeneralAndAdministrativeExpenses": 142400000,
    "otherExpenses": -40300000,
    "operatingExpenses": 102100000,
    "costAndExpenses": 1464200000,
    "interestIncome": 0,
    "interestExpense": 37400000,
    "depreciationAndAmortization": 138700000,
    "ebitda": 527900000,
    "ebitdaratio": 0.2877937088,
    "operatingIncome": 370100000,
    "operatingIncomeRatio": 0.2017663414,
    "totalOtherIncomeExpensesNet": -34800000,
    "incomeBeforeTax": 335300000,
    "incomeBeforeTaxRatio": 0.1827945265,
    "incomeTaxExpense": 105000000,
    "netIncome": 227400000,
    "netIncomeRatio": 0.1239709971,
    "eps": 1.71,
    "epsdiluted": 1.7,
    "weightedAverageShsOut": 132699999,
    "weightedAverageShsOutDil": 133500000,
    "link": "https://www.sec.gov/Archives/edgar/data/1396009/000139600924000006/0001396009-24-000006-index.htm",
    "finalLink": "https://www.sec.gov/Archives/edgar/data/1396009/000139600924000006/vmc-20231231x10k.htm"
  },
  {
    "date": "2023-09-30",
    "symbol": "VMC",
    "reportedCurrency": "USD",
    "cik": "0001396009",
    "fillingDate": "2023-10-27",
    "acceptedDate": "2023-10-27 09:40:06",
    "calendarYear": "2023",
    "period": "Q3",
    "revenue": 2185800000,
    "costOfRevenue": 1594800000,
    "grossProfit": 591000000,
    "grossProfitRatio": 0.2703815537,
    "researchAndDevelopmentExpenses": 0,
    "generalAndAdministrativeExpenses": 0,
    "sellingAndMarketingExpenses": 0,
    "sellingGeneralAndAdministrativeExpenses": 143900000,
    "otherExpenses": 28200000,
    "operatingExpenses": 172100000,
    "costAndExpenses": 1766900000,
    "interestIncome": 0,
    "interestExpense": 46600000,
    "depreciationAndAmortization": 161100000,
    "ebitda": 573600000,
    "ebitdaratio": 0.2624210815,
    "operatingIncome": 418900000,
    "operatingIncomeRatio": 0.1916460792,
    "totalOtherIncomeExpensesNet": -53000000,
    "incomeBeforeTax": 365900000,
    "incomeBeforeTaxRatio": 0.1673986641,
    "incomeTaxExpense": 85800000,
    "netIncome": 276500000,
    "netIncomeRatio": 0.1264983073,
    "eps": 2.08,
    "epsdiluted": 2.07,
    "weightedAverageShsOut": 133000000,
    "weightedAverageShsOutDil": 133699999,
    "link": "https://www.sec.gov/Archives/edgar/data/1396009/000139600923000042/0001396009-23-000042-index.htm",
    "finalLink": "https://www.sec.gov/Archives/edgar/data/1396009/000139600923000042/vmc-20230930x10q.htm"
  },
  {
    "date": "2023-06-30",
    "symbol": "VMC",
    "reportedCurrency": "USD",
    "cik": "0001396009",
    "fillingDate": "2023-08-04",
    "acceptedDate": "2023-08-04 13:31:51",
    "calendarYear": "2023",
    "period": "Q2",
    "revenue": 2112900000,
    "costOfRevenue": 1529600000,
    "grossProfit": 583300000,
    "grossProfitRatio": 0.2760660703,
    "researchAndDevelopmentExpenses": 0,
    "generalAndAdministrativeExpenses": 0,
    "sellingAndMarketingExpenses": 0,
    "sellingGeneralAndAdministrativeExpenses": 139100000,
    "otherExpenses": -6900000,
    "operatingExpenses": 132200000,
    "costAndExpenses": 1661800000,
    "interestIncome": 0,
    "interestExpense": 46700000,
    "depreciationAndAmortization": 154900000,
    "ebitda": 605900000,
    "ebitdaratio": 0.2867622699,
    "operatingIncome": 451100000,
    "operatingIncomeRatio": 0.2134980359,
    "totalOtherIncomeExpensesNet": -46800000,
    "incomeBeforeTax": 404300000,
    "incomeBeforeTaxRatio": 0.1913483837,
    "incomeTaxExpense": 92000000,
    "netIncome": 308600000,
    "netIncomeRatio": 0.1460551848,
    "eps": 2.32,
    "epsdiluted": 2.31,
    "weightedAverageShsOut": 133199999,
    "weightedAverageShsOutDil": 133800000,
    "link": "https://www.sec.gov/Archives/edgar/data/1396009/000139600923000035/0001396009-23-000035-index.htm",
    "finalLink": "https://www.sec.gov/Archives/edgar/data/1396009/000139600923000035/vmc-20230630x10q.htm"
  },
  {
    "date": "2023-03-31",
    "symbol": "VMC",
    "reportedCurrency": "USD",
    "cik": "0001396009",
    "fillingDate": "2023-05-05",
    "acceptedDate": "2023-05-05 09:44:06",
    "calendarYear": "2023",
    "period": "Q1",
    "revenue": 1649000000,
    "costOfRevenue": 1347000000,
    "grossProfit": 302000000,
    "grossProfitRatio": 0.1831412978,
    "researchAndDevelopmentExpenses": 0,
    "generalAndAdministrativeExpenses": 0,
    "sellingAndMarketingExpenses": 0,
    "sellingGeneralAndAdministrativeExpenses": 117300000,
    "otherExpenses": -2500000,
    "operatingExpenses": 114800000,
    "costAndExpenses": 1461800000,
    "interestIncome": 0,
    "interestExpense": 49000000,
    "depreciationAndAmortization": 148400000,
    "ebitda": 337000000,
    "ebitdaratio": 0.2043662826,
    "operatingIncome": 187200000,
    "operatingIncomeRatio": 0.1135233475,
    "totalOtherIncomeExpensesNet": -47600000,
    "incomeBeforeTax": 139600000,
    "incomeBeforeTaxRatio": 0.0846573681,
    "incomeTaxExpense": 16600000,
    "netIncome": 120700000,
    "netIncomeRatio": 0.0731958763,
    "eps": 0.91,
    "epsdiluted": 0.9,
    "weightedAverageShsOut": 133199999,
    "weightedAverageShsOutDil": 133699999,
    "link": "https://www.sec.gov/Archives/edgar/data/1396009/000139600923000013/0001396009-23-000013-index.htm",
    "finalLink": "https://www.sec.gov/Archives/edgar/data/1396009/000139600923000013/vmc-20230331x10q.htm"
  },
  {
    "date": "2022-12-31",
    "symbol": "VMC",
    "reportedCurrency": "USD",
    "cik": "0001396009",
    "fillingDate": "2023-02-24",
    "acceptedDate": "2023-02-24 11:43:25",
    "calendarYear": "2022",
    "period": "Q4",
    "revenue": 1731900000,
    "costOfRevenue": 1382000000,
    "grossProfit": 349900000,
    "grossProfitRatio": 0.2020324499,
    "researchAndDevelopmentExpenses": 0,
    "generalAndAdministrativeExpenses": 0,
    "sellingAndMarketingExpenses": 0,
    "sellingGeneralAndAdministrativeExpenses": 126400000,
    "otherExpenses": 32000000,
    "operatingExpenses": 158400000,
    "costAndExpenses": 1540400000,
    "interestIncome": 800000,
    "interestExpense": 48400000,
    "depreciationAndAmortization": 152500000,
    "ebitda": 351600000,
    "ebitdaratio": 0.2030140308,
    "operatingIncome": 191500000,
    "operatingIncomeRatio": 0.1105722039,
    "totalOtherIncomeExpensesNet": -40700000,
    "incomeBeforeTax": 150800000,
    "incomeBeforeTaxRatio": 0.0870720018,
    "incomeTaxExpense": 28500000,
    "netIncome": 119400000,
    "netIncomeRatio": 0.0689416248,
    "eps": 0.9,
    "epsdiluted": 0.89,
    "weightedAverageShsOut": 133000000,
    "weightedAverageShsOutDil": 133699999,
    "link": "https://www.sec.gov/Archives/edgar/data/1396009/000139600923000007/0001396009-23-000007-index.htm",
    "finalLink": "https://www.sec.gov/Archives/edgar/data/1396009/000139600923000007/vmc-20221231x10k.htm"
  },
  {
    "date": "2022-09-30",
    "symbol": "VMC",
    "reportedCurrency": "USD",
    "cik": "0001396009",
    "fillingDate": "2022-11-03",
    "acceptedDate": "2022-11-03 11:08:53",
    "calendarYear": "2022",
    "period": "Q3",
    "revenue": 2088300000,
    "costOfRevenue": 1595400000,
    "grossProfit": 492900000,
    "grossProfitRatio": 0.2360293061,
    "researchAndDevelopmentExpenses": 0,
    "generalAndAdministrativeExpenses": 0,
    "sellingAndMarketingExpenses": 0,
    "sellingGeneralAndAdministrativeExpenses": 135300000,
    "otherExpenses": 52200000,
    "operatingExpenses": 187500000,
    "costAndExpenses": 1782900000,
    "interestIncome": 0,
    "interestExpense": 46100000,
    "depreciationAndAmortization": 151000000,
    "ebitda": 457700000,
    "ebitdaratio": 0.2191734904,
    "operatingIncome": 305400000,
    "operatingIncomeRatio": 0.1462433558,
    "totalOtherIncomeExpensesNet": -44800000,
    "incomeBeforeTax": 260600000,
    "incomeBeforeTaxRatio": 0.1247904994,
    "incomeTaxExpense": 82300000,
    "netIncome": 177100000,
    "netIncomeRatio": 0.0848058229,
    "eps": 1.33,
    "epsdiluted": 1.33,
    "weightedAverageShsOut": 133000000,
    "weightedAverageShsOutDil": 133600000,
    "link": "https://www.sec.gov/Archives/edgar/data/1396009/000139600922000049/0001396009-22-000049-index.htm",
    "finalLink": "https://www.sec.gov/Archives/edgar/data/1396009/000139600922000049/vmc-20220930x10q.htm"
  },
  {
    "date": "2022-06-30",
    "symbol": "VMC",
    "reportedCurrency": "USD",
    "cik": "0001396009",
    "fillingDate": "2022-08-05",
    "acceptedDate": "2022-08-05 09:39:45",
    "calendarYear": "2022",
    "period": "Q2",
    "revenue": 1954300000,
    "costOfRevenue": 1508100000,
    "grossProfit": 446200000,
    "grossProfitRatio": 0.2283170445,
    "researchAndDevelopmentExpenses": 0,
    "generalAndAdministrativeExpenses": 0,
    "sellingAndMarketingExpenses": 0,
    "sellingGeneralAndAdministrativeExpenses": 134400000,
    "otherExpenses": 4200000,
    "operatingExpenses": 138600000,
    "costAndExpenses": 1646700000,
    "interestIncome": 0,
    "interestExpense": 38700000,
    "depreciationAndAmortization": 143000000,
    "ebitda": 445900000,
    "ebitdaratio": 0.2281635368,
    "operatingIncome": 307600000,
    "operatingIncomeRatio": 0.1573965103,
    "totalOtherIncomeExpensesNet": -43400000,
    "incomeBeforeTax": 264200000,
    "incomeBeforeTaxRatio": 0.1351890703,
    "incomeTaxExpense": 63700000,
    "netIncome": 187300000,
    "netIncomeRatio": 0.0958399427,
    "eps": 1.41,
    "epsdiluted": 1.4,
    "weightedAverageShsOut": 133000000,
    "weightedAverageShsOutDil": 133500000,
    "link": "https://www.sec.gov/Archives/edgar/data/1396009/000139600922000036/0001396009-22-000036-index.htm",
    "finalLink": "https://www.sec.gov/Archives/edgar/data/1396009/000139600922000036/vmc-20220630x10q.htm"
  },
  {
    "date": "2022-03-31",
    "symbol": "VMC",
    "reportedCurrency": "USD",
    "cik": "0001396009",
    "fillingDate": "2022-05-05",
    "acceptedDate": "2022-05-05 09:54:52",
    "calendarYear": "2022",
    "period": "Q1",
    "revenue": 1540700000,
    "costOfRevenue": 1271900000,
    "grossProfit": 268800000,
    "grossProfitRatio": 0.1744661517,
    "researchAndDevelopmentExpenses": 0,
    "generalAndAdministrativeExpenses": 0,
    "sellingAndMarketingExpenses": 0,
    "sellingGeneralAndAdministrativeExpenses": 119000000,
    "otherExpenses": 2800000,
    "operatingExpenses": 121800000,
    "costAndExpenses": 1393700000,
    "interestIncome": 0,
    "interestExpense": 35900000,
    "depreciationAndAmortization": 141000000,
    "ebitda": 289500000,
    "ebitdaratio": 0.1879016032,
    "operatingIncome": 147000000,
    "operatingIncomeRatio": 0.0954111767,
    "totalOtherIncomeExpensesNet": -34400000,
    "incomeBeforeTax": 112600000,
    "incomeBeforeTaxRatio": 0.0730836633,
    "incomeTaxExpense": 18700000,
    "netIncome": 91800000,
    "netIncomeRatio": 0.0595833063,
    "eps": 0.69,
    "epsdiluted": 0.69,
    "weightedAverageShsOut": 133000000,
    "weightedAverageShsOutDil": 133600000,
    "link": "https://www.sec.gov/Archives/edgar/data/1396009/000139600922000017/0001396009-22-000017-index.htm",
    "finalLink": "https://www.sec.gov/Archives/edgar/data/1396009/000139600922000017/vmc-20220331x10q.htm"
  },
  {
    "date": "2021-12-31",
    "symbol": "VMC",
    "reportedCurrency": "USD",
    "cik": "0001396009",
    "fillingDate": "2022-02-25",
    "acceptedDate": "2022-02-25 09:37:54",
    "calendarYear": "2021",
    "period": "Q4",
    "revenue": 1606303000,
    "costOfRevenue": 1254594000,
    "grossProfit": 351709000,
    "grossProfitRatio": 0.2189555769,
    "researchAndDevelopmentExpenses": 0,
    "generalAndAdministrativeExpenses": 0,
    "sellingAndMarketingExpenses": 0,
    "sellingGeneralAndAdministrativeExpenses": 124548000,
    "otherExpenses": 15775000,
    "operatingExpenses": 140323000,
    "costAndExpenses": 1394917000,
    "interestIncome": 0,
    "interestExpense": 36100000,
    "depreciationAndAmortization": 142008000,
    "ebitda": 348406000,
    "ebitdaratio": 0.2168993023,
    "operatingIncome": 211386000,
    "operatingIncomeRatio": 0.1315978368,
    "totalOtherIncomeExpensesNet": -42686000,
    "incomeBeforeTax": 168700000,
    "incomeBeforeTaxRatio": 0.105023772,
    "incomeTaxExpense": 30400000,
    "netIncome": 138081000,
    "netIncomeRatio": 0.0859619885,
    "eps": 1.04,
    "epsdiluted": 1.03,
    "weightedAverageShsOut": 132800000,
    "weightedAverageShsOutDil": 133600000,
    "link": "https://www.sec.gov/Archives/edgar/data/1396009/000139600922000010/0001396009-22-000010-index.htm",
    "finalLink": "https://www.sec.gov/Archives/edgar/data/1396009/000139600922000010/vmc-20211231x10k.htm"
  },
  {
    "date": "2021-09-30",
    "symbol": "VMC",
    "reportedCurrency": "USD",
    "cik": "0001396009",
    "fillingDate": "2021-11-05",
    "acceptedDate": "2021-11-05 09:48:06",
    "calendarYear": "2021",
    "period": "Q3",
    "revenue": 1516500000,
    "costOfRevenue": 1122400000,
    "grossProfit": 394100000,
    "grossProfitRatio": 0.2598747115,
    "researchAndDevelopmentExpenses": 0,
    "generalAndAdministrativeExpenses": 0,
    "sellingAndMarketingExpenses": 0,
    "sellingGeneralAndAdministrativeExpenses": 103800000,
    "otherExpenses": 27900000,
    "operatingExpenses": 131700000,
    "costAndExpenses": 1254100000,
    "interestIncome": 0,
    "interestExpense": 36800000,
    "depreciationAndAmortization": 117500000,
    "ebitda": 383000000,
    "ebitdaratio": 0.2525552258,
    "operatingIncome": 262400000,
    "operatingIncomeRatio": 0.1730300033,
    "totalOtherIncomeExpensesNet": -33658000,
    "incomeBeforeTax": 228742000,
    "incomeBeforeTaxRatio": 0.1508354764,
    "incomeTaxExpense": 51770000,
    "netIncome": 176900000,
    "netIncomeRatio": 0.1166501813,
    "eps": 1.33,
    "epsdiluted": 1.32,
    "weightedAverageShsOut": 132800000,
    "weightedAverageShsOutDil": 133500000,
    "link": "https://www.sec.gov/Archives/edgar/data/1396009/000139600921000050/0001396009-21-000050-index.htm",
    "finalLink": "https://www.sec.gov/Archives/edgar/data/1396009/000139600921000050/vmc-20210930x10q.htm"
  },
  {
    "date": "2021-06-30",
    "symbol": "VMC",
    "reportedCurrency": "USD",
    "cik": "0001396009",
    "fillingDate": "2021-08-05",
    "acceptedDate": "2021-08-05 10:08:58",
    "calendarYear": "2021",
    "period": "Q2",
    "revenue": 1361000000,
    "costOfRevenue": 962600000,
    "grossProfit": 398400000,
    "grossProfitRatio": 0.2927259368,
    "researchAndDevelopmentExpenses": 0,
    "generalAndAdministrativeExpenses": 0,
    "sellingAndMarketingExpenses": 0,
    "sellingGeneralAndAdministrativeExpenses": 100700000,
    "otherExpenses": 10200000,
    "operatingExpenses": 110900000,
    "costAndExpenses": 1073500000,
    "interestIncome": 0,
    "interestExpense": 41700000,
    "depreciationAndAmortization": 103100000,
    "ebitda": 398900000,
    "ebitdaratio": 0.2930933137,
    "operatingIncome": 287500000,
    "operatingIncomeRatio": 0.211241734,
    "totalOtherIncomeExpensesNet": -33473000,
    "incomeBeforeTax": 254063000,
    "incomeBeforeTaxRatio": 0.1866737693,
    "incomeTaxExpense": 57283000,
    "netIncome": 195300000,
    "netIncomeRatio": 0.1434974284,
    "eps": 1.47,
    "epsdiluted": 1.46,
    "weightedAverageShsOut": 132800000,
    "weightedAverageShsOutDil": 133500000,
    "link": "https://www.sec.gov/Archives/edgar/data/1396009/000139600921000044/0001396009-21-000044-index.htm",
    "finalLink": "https://www.sec.gov/Archives/edgar/data/1396009/000139600921000044/vmc-20210630x10q.htm"
  },
  {
    "date": "2021-03-31",
    "symbol": "VMC",
    "reportedCurrency": "USD",
    "cik": "0001396009",
    "fillingDate": "2021-05-05",
    "acceptedDate": "2021-05-05 09:38:22",
    "calendarYear": "2021",
    "period": "Q1",
    "revenue": 1068300000,
    "costOfRevenue": 839000000,
    "grossProfit": 229300000,
    "grossProfitRatio": 0.2146400824,
    "researchAndDevelopmentExpenses": 0,
    "generalAndAdministrativeExpenses": 0,
    "sellingAndMarketingExpenses": 0,
    "sellingGeneralAndAdministrativeExpenses": 88600000,
    "otherExpenses": -108800000,
    "operatingExpenses": -20200000,
    "costAndExpenses": 818800000,
    "interestIncome": 0,
    "interestExpense": 33100000,
    "depreciationAndAmortization": 100400000,
    "ebitda": 355800000,
    "ebitdaratio": 0.3330525133,
    "operatingIncome": 249500000,
    "operatingIncomeRatio": 0.2335486287,
    "totalOtherIncomeExpensesNet": -27205000,
    "incomeBeforeTax": 222308000,
    "incomeBeforeTaxRatio": 0.2080951044,
    "incomeTaxExpense": 60638000,
    "netIncome": 160600000,
    "netIncomeRatio": 0.1503323037,
    "eps": 1.21,
    "epsdiluted": 1.2,
    "weightedAverageShsOut": 132700000,
    "weightedAverageShsOutDil": 133400000,
    "link": "https://www.sec.gov/Archives/edgar/data/1396009/000139600921000019/0001396009-21-000019-index.htm",
    "finalLink": "https://www.sec.gov/Archives/edgar/data/1396009/000139600921000019/vmc-20210331x10q.htm"
  },
  {
    "date": "2020-12-31",
    "symbol": "VMC",
    "reportedCurrency": "USD",
    "cik": "0001396009",
    "fillingDate": "2021-02-25",
    "acceptedDate": "2021-02-25 10:20:58",
    "calendarYear": "2020",
    "period": "Q4",
    "revenue": 1175119000,
    "costOfRevenue": 872378000,
    "grossProfit": 302741000,
    "grossProfitRatio": 0.2576258234,
    "researchAndDevelopmentExpenses": 0,
    "generalAndAdministrativeExpenses": 0,
    "sellingAndMarketingExpenses": 0,
    "sellingGeneralAndAdministrativeExpenses": 98626000,
    "otherExpenses": 7685000,
    "operatingExpenses": 106311000,
    "costAndExpenses": 978689000,
    "interestIncome": 0,
    "interestExpense": 33884000,
    "depreciationAndAmortization": 100894000,
    "ebitda": 277533000,
    "ebitdaratio": 0.2361743789,
    "operatingIncome": 196430000,
    "operatingIncomeRatio": 0.1671575389,
    "totalOtherIncomeExpensesNet": -55242000,
    "incomeBeforeTax": 141188000,
    "incomeBeforeTaxRatio": 0.1201478318,
    "incomeTaxExpense": 25273000,
    "netIncome": 114518000,
    "netIncomeRatio": 0.097452258,
    "eps": 0.86,
    "epsdiluted": 0.86,
    "weightedAverageShsOut": 132619000,
    "weightedAverageShsOutDil": 133367000,
    "link": "https://www.sec.gov/Archives/edgar/data/1396009/000139600921000009/0001396009-21-000009-index.htm",
    "finalLink": "https://www.sec.gov/Archives/edgar/data/1396009/000139600921000009/vmc-20201231x10k.htm"
  },
  {
    "date": "2020-09-30",
    "symbol": "VMC",
    "reportedCurrency": "USD",
    "cik": "0001396009",
    "fillingDate": "2020-11-06",
    "acceptedDate": "2020-11-06 09:45:24",
    "calendarYear": "2020",
    "period": "Q3",
    "revenue": 1309890000,
    "costOfRevenue": 929392000,
    "grossProfit": 380498000,
    "grossProfitRatio": 0.2904808801,
    "researchAndDevelopmentExpenses": 0,
    "generalAndAdministrativeExpenses": 0,
    "sellingAndMarketingExpenses": 0,
    "sellingGeneralAndAdministrativeExpenses": 83511000,
    "otherExpenses": 8883000,
    "operatingExpenses": 92394000,
    "costAndExpenses": 1021786000,
    "interestIncome": 0,
    "interestExpense": 35782000,
    "depreciationAndAmortization": 100961000,
    "ebitda": 394852000,
    "ebitdaratio": 0.3014390521,
    "operatingIncome": 288104000,
    "operatingIncomeRatio": 0.2199451862,
    "totalOtherIncomeExpensesNet": -29995000,
    "incomeBeforeTax": 258109000,
    "incomeBeforeTaxRatio": 0.1970463169,
    "incomeTaxExpense": 56984000,
    "netIncome": 199788000,
    "netIncomeRatio": 0.1525227309,
    "eps": 1.51,
    "epsdiluted": 1.5,
    "weightedAverageShsOut": 132573000,
    "weightedAverageShsOutDil": 133268000,
    "link": "https://www.sec.gov/Archives/edgar/data/1396009/000139600920000053/0001396009-20-000053-index.htm",
    "finalLink": "https://www.sec.gov/Archives/edgar/data/1396009/000139600920000053/vmc-20200930x10q.htm"
  },
  {
    "date": "2020-06-30",
    "symbol": "VMC",
    "reportedCurrency": "USD",
    "cik": "0001396009",
    "fillingDate": "2020-08-05",
    "acceptedDate": "2020-08-05 09:54:51",
    "calendarYear": "2020",
    "period": "Q2",
    "revenue": 1322575000,
    "costOfRevenue": 926056000,
    "grossProfit": 396519000,
    "grossProfitRatio": 0.2998083285,
    "researchAndDevelopmentExpenses": 0,
    "generalAndAdministrativeExpenses": 0,
    "sellingAndMarketingExpenses": 0,
    "sellingGeneralAndAdministrativeExpenses": 91205000,
    "otherExpenses": 6418000,
    "operatingExpenses": 97623000,
    "costAndExpenses": 1023679000,
    "interestIncome": 0,
    "interestExpense": 33954000,
    "depreciationAndAmortization": 99471000,
    "ebitda": 405734000,
    "ebitdaratio": 0.3067757972,
    "operatingIncome": 298896000,
    "operatingIncomeRatio": 0.2259955012,
    "totalOtherIncomeExpensesNet": -26587000,
    "incomeBeforeTax": 272309000,
    "incomeBeforeTaxRatio": 0.2058930495,
    "incomeTaxExpense": 61352000,
    "netIncome": 209916000,
    "netIncomeRatio": 0.1587176531,
    "eps": 1.58,
    "epsdiluted": 1.58,
    "weightedAverageShsOut": 132552000,
    "weightedAverageShsOutDil": 133115000,
    "link": "https://www.sec.gov/Archives/edgar/data/1396009/000139600920000040/0001396009-20-000040-index.htm",
    "finalLink": "https://www.sec.gov/Archives/edgar/data/1396009/000139600920000040/vmc-20200630x10q.htm"
  },
  {
    "date": "2020-03-31",
    "symbol": "VMC",
    "reportedCurrency": "USD",
    "cik": "0001396009",
    "fillingDate": "2020-05-06",
    "acceptedDate": "2020-05-06 15:00:33",
    "calendarYear": "2020",
    "period": "Q1",
    "revenue": 1049242000,
    "costOfRevenue": 847519000,
    "grossProfit": 201723000,
    "grossProfitRatio": 0.1922559333,
    "researchAndDevelopmentExpenses": 0,
    "generalAndAdministrativeExpenses": 0,
    "sellingAndMarketingExpenses": 0,
    "sellingGeneralAndAdministrativeExpenses": 86430000,
    "otherExpenses": 2992000,
    "operatingExpenses": 89422000,
    "costAndExpenses": 936941000,
    "interestIncome": 0,
    "interestExpense": 30773000,
    "depreciationAndAmortization": 95480000,
    "ebitda": 198445000,
    "ebitdaratio": 0.1891317732,
    "operatingIncome": 112301000,
    "operatingIncomeRatio": 0.1070305992,
    "totalOtherIncomeExpensesNet": -40109000,
    "incomeBeforeTax": 72192000,
    "incomeBeforeTaxRatio": 0.0688039556,
    "incomeTaxExpense": 12194000,
    "netIncome": 60258000,
    "netIncomeRatio": 0.0574300304,
    "eps": 0.45,
    "epsdiluted": 0.45,
    "weightedAverageShsOut": 132567000,
    "weightedAverageShsOutDil": 133259000,
    "link": "https://www.sec.gov/Archives/edgar/data/1396009/000139600920000015/0001396009-20-000015-index.htm",
    "finalLink": "https://www.sec.gov/Archives/edgar/data/1396009/000139600920000015/vmc-20200331x10q.htm"
  },
  {
    "date": "2019-12-31",
    "symbol": "VMC",
    "reportedCurrency": "USD",
    "cik": "0001396009",
    "fillingDate": "2020-02-26",
    "acceptedDate": "2020-02-26 10:00:36",
    "calendarYear": "2019",
    "period": "Q4",
    "revenue": 1186152000,
    "costOfRevenue": 893071000,
    "grossProfit": 293081000,
    "grossProfitRatio": 0.2470855337,
    "researchAndDevelopmentExpenses": 0,
    "generalAndAdministrativeExpenses": 0,
    "sellingAndMarketingExpenses": 0,
    "sellingGeneralAndAdministrativeExpenses": 95801000,
    "otherExpenses": 3704000,
    "operatingExpenses": 99505000,
    "costAndExpenses": 992576000,
    "interestIncome": 0,
    "interestExpense": 30757000,
    "depreciationAndAmortization": 95671000,
    "ebitda": 293691000,
    "ebitdaratio": 0.2475998017,
    "operatingIncome": 193576000,
    "operatingIncomeRatio": 0.1631966224,
    "totalOtherIncomeExpensesNet": -27546000,
    "incomeBeforeTax": 166030000,
    "incomeBeforeTaxRatio": 0.139973629,
    "incomeTaxExpense": 23434000,
    "netIncome": 141093000,
    "netIncomeRatio": 0.1189501851,
    "eps": 1.07,
    "epsdiluted": 1.06,
    "weightedAverageShsOut": 132467000,
    "weightedAverageShsOutDil": 133467000,
    "link": "https://www.sec.gov/Archives/edgar/data/1396009/000139600920000006/0001396009-20-000006-index.htm",
    "finalLink": "https://www.sec.gov/Archives/edgar/data/1396009/000139600920000006/vmc-20191231x10k.htm"
  },
  {
    "date": "2019-09-30",
    "symbol": "VMC",
    "reportedCurrency": "USD",
    "cik": "0001396009",
    "fillingDate": "2019-11-07",
    "acceptedDate": "2019-11-07 10:05:27",
    "calendarYear": "2019",
    "period": "Q3",
    "revenue": 1418758000,
    "costOfRevenue": 1018115000,
    "grossProfit": 400643000,
    "grossProfitRatio": 0.2823899495,
    "researchAndDevelopmentExpenses": 0,
    "generalAndAdministrativeExpenses": 0,
    "sellingAndMarketingExpenses": 0,
    "sellingGeneralAndAdministrativeExpenses": 88789000,
    "otherExpenses": 8478000,
    "operatingExpenses": 97267000,
    "costAndExpenses": 1115382000,
    "interestIncome": 0,
    "interestExpense": 32197000,
    "depreciationAndAmortization": 96248000,
    "ebitda": 399983000,
    "ebitdaratio": 0.2819247539,
    "operatingIncome": 303376000,
    "operatingIncomeRatio": 0.2138320982,
    "totalOtherIncomeExpensesNet": -31838000,
    "incomeBeforeTax": 271538000,
    "incomeBeforeTaxRatio": 0.1913913437,
    "incomeTaxExpense": 53472000,
    "netIncome": 215713000,
    "netIncomeRatio": 0.1520435479,
    "eps": 1.63,
    "epsdiluted": 1.62,
    "weightedAverageShsOut": 132414000,
    "weightedAverageShsOutDil": 133375000,
    "link": "https://www.sec.gov/Archives/edgar/data/1396009/000139600919000065/0001396009-19-000065-index.htm",
    "finalLink": "https://www.sec.gov/Archives/edgar/data/1396009/000139600919000065/vmc-20190930x10q.htm"
  },
  {
    "date": "2019-06-30",
    "symbol": "VMC",
    "reportedCurrency": "USD",
    "cik": "0001396009",
    "fillingDate": "2019-07-29",
    "acceptedDate": "2019-07-29 09:45:34",
    "calendarYear": "2019",
    "period": "Q2",
    "revenue": 1327682000,
    "costOfRevenue": 957180000,
    "grossProfit": 370502000,
    "grossProfitRatio": 0.2790592928,
    "researchAndDevelopmentExpenses": 0,
    "generalAndAdministrativeExpenses": 0,
    "sellingAndMarketingExpenses": 0,
    "sellingGeneralAndAdministrativeExpenses": 95689000,
    "otherExpenses": -1261000,
    "operatingExpenses": 94428000,
    "costAndExpenses": 1051608000,
    "interestIncome": 0,
    "interestExpense": 33035000,
    "depreciationAndAmortization": 93496000,
    "ebitda": 372036000,
    "ebitdaratio": 0.28021469,
    "operatingIncome": 276074000,
    "operatingIncomeRatio": 0.2079368403,
    "totalOtherIncomeExpensesNet": -30569000,
    "incomeBeforeTax": 245505000,
    "incomeBeforeTaxRatio": 0.1849125016,
    "incomeTaxExpense": 47598000,
    "netIncome": 197558000,
    "netIncomeRatio": 0.1487991853,
    "eps": 1.49,
    "epsdiluted": 1.48,
    "weightedAverageShsOut": 132269000,
    "weightedAverageShsOutDil": 133354000,
    "link": "https://www.sec.gov/Archives/edgar/data/1396009/000139600919000052/0001396009-19-000052-index.htm",
    "finalLink": "https://www.sec.gov/Archives/edgar/data/1396009/000139600919000052/vmc-20190630x10q.htm"
  },
  {
    "date": "2019-03-31",
    "symbol": "VMC",
    "reportedCurrency": "USD",
    "cik": "0001396009",
    "fillingDate": "2019-05-03",
    "acceptedDate": "2019-05-03 10:10:11",
    "calendarYear": "2019",
    "period": "Q1",
    "revenue": 996511000,
    "costOfRevenue": 804836000,
    "grossProfit": 191675000,
    "grossProfitRatio": 0.1923460955,
    "researchAndDevelopmentExpenses": 0,
    "generalAndAdministrativeExpenses": 0,
    "sellingAndMarketingExpenses": 0,
    "sellingGeneralAndAdministrativeExpenses": 90268000,
    "otherExpenses": -3026000,
    "operatingExpenses": 87242000,
    "costAndExpenses": 892078000,
    "interestIncome": 0,
    "interestExpense": 32934000,
    "depreciationAndAmortization": 89181000,
    "ebitda": 196743000,
    "ebitdaratio": 0.1974318397,
    "operatingIncome": 104433000,
    "operatingIncomeRatio": 0.1047986425,
    "totalOtherIncomeExpensesNet": -29805000,
    "incomeBeforeTax": 74628000,
    "incomeBeforeTaxRatio": 0.0748892887,
    "incomeTaxExpense": 10693000,
    "netIncome": 63299000,
    "netIncomeRatio": 0.0635206235,
    "eps": 0.48,
    "epsdiluted": 0.48,
    "weightedAverageShsOut": 132043000,
    "weightedAverageShsOutDil": 133054000,
    "link": "https://www.sec.gov/Archives/edgar/data/1396009/000139600919000033/0001396009-19-000033-index.htm",
    "finalLink": "https://www.sec.gov/Archives/edgar/data/1396009/000139600919000033/vmc-20190331x10q.htm"
  },
  {
    "date": "2018-12-31",
    "symbol": "VMC",
    "reportedCurrency": "USD",
    "cik": "0001396009",
    "fillingDate": "2019-02-26",
    "acceptedDate": "2019-02-26 10:27:58",
    "calendarYear": "2018",
    "period": "Q4",
    "revenue": 1088047000,
    "costOfRevenue": 812763000,
    "grossProfit": 275284000,
    "grossProfitRatio": 0.2530074528,
    "researchAndDevelopmentExpenses": 0,
    "generalAndAdministrativeExpenses": 0,
    "sellingAndMarketingExpenses": 0,
    "sellingGeneralAndAdministrativeExpenses": 84382000,
    "otherExpenses": 4413000,
    "operatingExpenses": 88795000,
    "costAndExpenses": 901558000,
    "interestIncome": 0,
    "interestExpense": 32783000,
    "depreciationAndAmortization": 89783000,
    "ebitda": 277118000,
    "ebitdaratio": 0.2546930418,
    "operatingIncome": 186489000,
    "operatingIncomeRatio": 0.1713979267,
    "totalOtherIncomeExpensesNet": -32565000,
    "incomeBeforeTax": 153924000,
    "incomeBeforeTaxRatio": 0.1414681535,
    "incomeTaxExpense": 29645000,
    "netIncome": 124022000,
    "netIncomeRatio": 0.1139858848,
    "eps": 0.94,
    "epsdiluted": 0.93,
    "weightedAverageShsOut": 132060000,
    "weightedAverageShsOutDil": 133369000,
    "link": "https://www.sec.gov/Archives/edgar/data/1396009/000139600919000021/0001396009-19-000021-index.htm",
    "finalLink": "https://www.sec.gov/Archives/edgar/data/1396009/000139600919000021/vmc-20181231x10k.htm"
  },
  {
    "date": "2018-09-30",
    "symbol": "VMC",
    "reportedCurrency": "USD",
    "cik": "0001396009",
    "fillingDate": "2018-10-31",
    "acceptedDate": "2018-10-31 10:06:58",
    "calendarYear": "2018",
    "period": "Q3",
    "revenue": 1240197000,
    "costOfRevenue": 897055000,
    "grossProfit": 343142000,
    "grossProfitRatio": 0.2766834624,
    "researchAndDevelopmentExpenses": 0,
    "generalAndAdministrativeExpenses": 0,
    "sellingAndMarketingExpenses": 0,
    "sellingGeneralAndAdministrativeExpenses": 81606000,
    "otherExpenses": 12352000,
    "operatingExpenses": 93958000,
    "costAndExpenses": 991013000,
    "interestIncome": 0,
    "interestExpense": 33547000,
    "depreciationAndAmortization": 89391000,
    "ebitda": 343465000,
    "ebitdaratio": 0.2769439049,
    "operatingIncome": 249184000,
    "operatingIncomeRatio": 0.2009229179,
    "totalOtherIncomeExpensesNet": -28657000,
    "incomeBeforeTax": 220527000,
    "incomeBeforeTaxRatio": 0.177816105,
    "incomeTaxExpense": 40663000,
    "netIncome": 179151000,
    "netIncomeRatio": 0.1444536634,
    "eps": 1.35,
    "epsdiluted": 1.34,
    "weightedAverageShsOut": 132392000,
    "weightedAverageShsOutDil": 133894000,
    "link": "https://www.sec.gov/Archives/edgar/data/1396009/000139600918000045/0001396009-18-000045-index.htm",
    "finalLink": "https://www.sec.gov/Archives/edgar/data/1396009/000139600918000045/vmc-20180930x10q.htm"
  },
  {
    "date": "2018-06-30",
    "symbol": "VMC",
    "reportedCurrency": "USD",
    "cik": "0001396009",
    "fillingDate": "2018-08-01",
    "acceptedDate": "2018-08-01 09:47:25",
    "calendarYear": "2018",
    "period": "Q2",
    "revenue": 1200151000,
    "costOfRevenue": 876967000,
    "grossProfit": 323184000,
    "grossProfitRatio": 0.2692861148,
    "researchAndDevelopmentExpenses": 0,
    "generalAndAdministrativeExpenses": 0,
    "sellingAndMarketingExpenses": 0,
    "sellingGeneralAndAdministrativeExpenses": 89043000,
    "otherExpenses": 3888000,
    "operatingExpenses": 92931000,
    "costAndExpenses": 969898000,
    "interestIncome": 0,
    "interestExpense": 33244000,
    "depreciationAndAmortization": 85633000,
    "ebitda": 319225000,
    "ebitdaratio": 0.2659873633,
    "operatingIncome": 230253000,
    "operatingIncomeRatio": 0.1918533585,
    "totalOtherIncomeExpensesNet": -29905000,
    "incomeBeforeTax": 200348000,
    "incomeBeforeTaxRatio": 0.1669356606,
    "incomeTaxExpense": 40046000,
    "netIncome": 159652000,
    "netIncomeRatio": 0.1330265942,
    "eps": 1.21,
    "epsdiluted": 1.19,
    "weightedAverageShsOut": 132437000,
    "weightedAverageShsOutDil": 134051000,
    "link": "https://www.sec.gov/Archives/edgar/data/1396009/000139600918000036/0001396009-18-000036-index.htm",
    "finalLink": "https://www.sec.gov/Archives/edgar/data/1396009/000139600918000036/vmc-20180630x10q.htm"
  },
  {
    "date": "2018-03-31",
    "symbol": "VMC",
    "reportedCurrency": "USD",
    "cik": "0001396009",
    "fillingDate": "2018-05-04",
    "acceptedDate": "2018-05-04 10:18:38",
    "calendarYear": "2018",
    "period": "Q1",
    "revenue": 854474000,
    "costOfRevenue": 695140000,
    "grossProfit": 159334000,
    "grossProfitRatio": 0.1864702729,
    "researchAndDevelopmentExpenses": 0,
    "generalAndAdministrativeExpenses": 0,
    "sellingAndMarketingExpenses": 0,
    "sellingGeneralAndAdministrativeExpenses": 78340000,
    "otherExpenses": -201000,
    "operatingExpenses": 78139000,
    "costAndExpenses": 773279000,
    "interestIncome": 0,
    "interestExpense": 37774000,
    "depreciationAndAmortization": 81439000,
    "ebitda": 167705000,
    "ebitdaratio": 0.1962669432,
    "operatingIncome": 81195000,
    "operatingIncomeRatio": 0.0950233711,
    "totalOtherIncomeExpensesNet": -32703000,
    "incomeBeforeTax": 48492000,
    "incomeBeforeTaxRatio": 0.0567507028,
    "incomeTaxExpense": -4903000,
    "netIncome": 52979000,
    "netIncomeRatio": 0.0620018865,
    "eps": 0.4,
    "epsdiluted": 0.39,
    "weightedAverageShsOut": 132690000,
    "weightedAverageShsOutDil": 134359000,
    "link": "https://www.sec.gov/Archives/edgar/data/1396009/000139600918000020/0001396009-18-000020-index.htm",
    "finalLink": "https://www.sec.gov/Archives/edgar/data/1396009/000139600918000020/vmc-20180331x10q.htm"
  },
  {
    "date": "2017-12-31",
    "symbol": "VMC",
    "reportedCurrency": "USD",
    "cik": "0001396009",
    "fillingDate": "2018-02-27",
    "acceptedDate": "2018-02-27 10:53:25",
    "calendarYear": "2017",
    "period": "Q4",
    "revenue": 977490000,
    "costOfRevenue": 734199000,
    "grossProfit": 243291000,
    "grossProfitRatio": 0.2488935948,
    "researchAndDevelopmentExpenses": 0,
    "generalAndAdministrativeExpenses": 0,
    "sellingAndMarketingExpenses": 0,
    "sellingGeneralAndAdministrativeExpenses": 85655000,
    "otherExpenses": 6402000,
    "operatingExpenses": 92057000,
    "costAndExpenses": 826256000,
    "interestIncome": 0,
    "interestExpense": 140950000,
    "depreciationAndAmortization": 66576000,
    "ebitda": 221863000,
    "ebitdaratio": 0.2269721429,
    "operatingIncome": 151234000,
    "operatingIncomeRatio": 0.1547166723,
    "totalOtherIncomeExpensesNet": -134865000,
    "incomeBeforeTax": 14337000,
    "incomeBeforeTaxRatio": 0.0146671577,
    "incomeTaxExpense": -313632000,
    "netIncome": 327546000,
    "netIncomeRatio": 0.33508885,
    "eps": 2.47,
    "epsdiluted": 2.43,
    "weightedAverageShsOut": 132519000,
    "weightedAverageShsOutDil": 134815000,
    "link": "https://www.sec.gov/Archives/edgar/data/1396009/000139600918000011/0001396009-18-000011-index.htm",
    "finalLink": "https://www.sec.gov/Archives/edgar/data/1396009/000139600918000011/vmc-20171231x10k.htm"
  },
  {
    "date": "2017-09-30",
    "symbol": "VMC",
    "reportedCurrency": "USD",
    "cik": "0001396009",
    "fillingDate": "2017-11-03",
    "acceptedDate": "2017-11-03 10:39:03",
    "calendarYear": "2017",
    "period": "Q3",
    "revenue": 1094715000,
    "costOfRevenue": 790957000,
    "grossProfit": 303758000,
    "grossProfitRatio": 0.2774767862,
    "researchAndDevelopmentExpenses": 0,
    "generalAndAdministrativeExpenses": 0,
    "sellingAndMarketingExpenses": 0,
    "sellingGeneralAndAdministrativeExpenses": 73612000,
    "otherExpenses": 2668000,
    "operatingExpenses": 76280000,
    "costAndExpenses": 867237000,
    "interestIncome": 0,
    "interestExpense": 82041000,
    "depreciationAndAmortization": 79635000,
    "ebitda": 310906000,
    "ebitdaratio": 0.2840063395,
    "operatingIncome": 227478000,
    "operatingIncomeRatio": 0.2077965498,
    "totalOtherIncomeExpensesNet": -78248000,
    "incomeBeforeTax": 149230000,
    "incomeBeforeTaxRatio": 0.1363185852,
    "incomeTaxExpense": 39080000,
    "netIncome": 108579000,
    "netIncomeRatio": 0.0991847193,
    "eps": 0.82,
    "epsdiluted": 0.81,
    "weightedAverageShsOut": 132484000,
    "weightedAverageShsOutDil": 134765000,
    "link": "https://www.sec.gov/Archives/edgar/data/1396009/000139600917000042/0001396009-17-000042-index.htm",
    "finalLink": "https://www.sec.gov/Archives/edgar/data/1396009/000139600917000042/vmc-20170930x10q.htm"
  },
  {
    "date": "2017-06-30",
    "symbol": "VMC",
    "reportedCurrency": "USD",
    "cik": "0001396009",
    "fillingDate": "2017-08-04",
    "acceptedDate": "2017-08-04 10:15:51",
    "calendarYear": "2017",
    "period": "Q2",
    "revenue": 1030763000,
    "costOfRevenue": 740746000,
    "grossProfit": 290017000,
    "grossProfitRatio": 0.2813614769,
    "researchAndDevelopmentExpenses": 0,
    "generalAndAdministrativeExpenses": 0,
    "sellingAndMarketingExpenses": 0,
    "sellingGeneralAndAdministrativeExpenses": 83056000,
    "otherExpenses": 14995000,
    "operatingExpenses": 98051000,
    "costAndExpenses": 838797000,
    "interestIncome": 0,
    "interestExpense": 38455000,
    "depreciationAndAmortization": 76776000,
    "ebitda": 272632000,
    "ebitdaratio": 0.2644953302,
    "operatingIncome": 191966000,
    "operatingIncomeRatio": 0.1862367974,
    "totalOtherIncomeExpensesNet": -34565000,
    "incomeBeforeTax": 157401000,
    "incomeBeforeTaxRatio": 0.1527033857,
    "incomeTaxExpense": 45652000,
    "netIncome": 120139000,
    "netIncomeRatio": 0.1165534657,
    "eps": 0.91,
    "epsdiluted": 0.89,
    "weightedAverageShsOut": 132413000,
    "weightedAverageShsOutDil": 134735000,
    "link": "https://www.sec.gov/Archives/edgar/data/1396009/000139600917000033/0001396009-17-000033-index.htm",
    "finalLink": "https://www.sec.gov/Archives/edgar/data/1396009/000139600917000033/vmc-20170630x10q.htm"
  },
  {
    "date": "2017-03-31",
    "symbol": "VMC",
    "reportedCurrency": "USD",
    "cik": "0001396009",
    "fillingDate": "2017-05-10",
    "acceptedDate": "2017-05-10 12:52:16",
    "calendarYear": "2017",
    "period": "Q1",
    "revenue": 787328000,
    "costOfRevenue": 629107000,
    "grossProfit": 158221000,
    "grossProfitRatio": 0.2009594477,
    "researchAndDevelopmentExpenses": 0,
    "generalAndAdministrativeExpenses": 0,
    "sellingAndMarketingExpenses": 0,
    "sellingGeneralAndAdministrativeExpenses": 82383000,
    "otherExpenses": 5459000,
    "operatingExpenses": 87842000,
    "costAndExpenses": 716949000,
    "interestIncome": 0,
    "interestExpense": 34076000,
    "depreciationAndAmortization": 71563000,
    "ebitda": 145987000,
    "ebitdaratio": 0.1854208157,
    "operatingIncome": 70379000,
    "operatingIncomeRatio": 0.0893896826,
    "totalOtherIncomeExpensesNet": -30031000,
    "incomeBeforeTax": 40348000,
    "incomeBeforeTaxRatio": 0.0512467485,
    "incomeTaxExpense": -3175000,
    "netIncome": 44921000,
    "netIncomeRatio": 0.0570550012,
    "eps": 0.34,
    "epsdiluted": 0.33,
    "weightedAverageShsOut": 132636000,
    "weightedAverageShsOutDil": 134968000,
    "link": "https://www.sec.gov/Archives/edgar/data/1396009/000139600917000011/0001396009-17-000011-index.htm",
    "finalLink": "https://www.sec.gov/Archives/edgar/data/1396009/000139600917000011/vmc-20170331x10q.htm"
  },
  {
    "date": "2016-12-31",
    "symbol": "VMC",
    "reportedCurrency": "USD",
    "cik": "0001396009",
    "fillingDate": "2017-02-24",
    "acceptedDate": "2017-02-24 11:20:42",
    "calendarYear": "2016",
    "period": "Q4",
    "revenue": 872974000,
    "costOfRevenue": 633269000,
    "grossProfit": 239705000,
    "grossProfitRatio": 0.2745843519,
    "researchAndDevelopmentExpenses": 0,
    "generalAndAdministrativeExpenses": 0,
    "sellingAndMarketingExpenses": 0,
    "sellingGeneralAndAdministrativeExpenses": 79526000,
    "otherExpenses": -13620000,
    "operatingExpenses": 65906000,
    "costAndExpenses": 699175000,
    "interestIncome": 0,
    "interestExpense": 33884000,
    "depreciationAndAmortization": 60519000,
    "ebitda": 235744000,
    "ebitdaratio": 0.2700469888,
    "operatingIncome": 173799000,
    "operatingIncomeRatio": 0.1990884035,
    "totalOtherIncomeExpensesNet": -32458000,
    "incomeBeforeTax": 141341000,
    "incomeBeforeTaxRatio": 0.1619074566,
    "incomeTaxExpense": 33276000,
    "netIncome": 137052000,
    "netIncomeRatio": 0.1569943664,
    "eps": 0.85,
    "epsdiluted": 0.83,
    "weightedAverageShsOut": 132571000,
    "weightedAverageShsOutDil": 135362000,
    "link": "https://www.sec.gov/Archives/edgar/data/1396009/000139600917000005/0001396009-17-000005-index.htm",
    "finalLink": "https://www.sec.gov/Archives/edgar/data/1396009/000139600917000005/vmc-20161231x10k.htm"
  },
  {
    "date": "2016-09-30",
    "symbol": "VMC",
    "reportedCurrency": "USD",
    "cik": "0001396009",
    "fillingDate": "2016-11-02",
    "acceptedDate": "2016-11-02 14:54:08",
    "calendarYear": "2016",
    "period": "Q3",
    "revenue": 1008140000,
    "costOfRevenue": 703931000,
    "grossProfit": 304209000,
    "grossProfitRatio": 0.3017527328,
    "researchAndDevelopmentExpenses": 0,
    "generalAndAdministrativeExpenses": 0,
    "sellingAndMarketingExpenses": 0,
    "sellingGeneralAndAdministrativeExpenses": 76311000,
    "otherExpenses": 822000,
    "operatingExpenses": 77133000,
    "costAndExpenses": 781064000,
    "interestIncome": 0,
    "interestExpense": 33126000,
    "depreciationAndAmortization": 72048000,
    "ebitda": 300114000,
    "ebitdaratio": 0.2976907969,
    "operatingIncome": 227076000,
    "operatingIncomeRatio": 0.2252425258,
    "totalOtherIncomeExpensesNet": -32136000,
    "incomeBeforeTax": 194940000,
    "incomeBeforeTaxRatio": 0.1933660008,
    "incomeTaxExpense": 52062000,
    "netIncome": 142024000,
    "netIncomeRatio": 0.1408772591,
    "eps": 1.07,
    "epsdiluted": 1.05,
    "weightedAverageShsOut": 133019000,
    "weightedAverageShsOutDil": 135823000,
    "link": "https://www.sec.gov/Archives/edgar/data/1396009/000139600916000076/0001396009-16-000076-index.htm",
    "finalLink": "https://www.sec.gov/Archives/edgar/data/1396009/000139600916000076/vmc-20160930x10q.htm"
  },
  {
    "date": "2016-06-30",
    "symbol": "VMC",
    "reportedCurrency": "USD",
    "cik": "0001396009",
    "fillingDate": "2016-08-03",
    "acceptedDate": "2016-08-03 10:06:24",
    "calendarYear": "2016",
    "period": "Q2",
    "revenue": 956825000,
    "costOfRevenue": 664641000,
    "grossProfit": 292184000,
    "grossProfitRatio": 0.3053682753,
    "researchAndDevelopmentExpenses": 0,
    "generalAndAdministrativeExpenses": 0,
    "sellingAndMarketingExpenses": 0,
    "sellingGeneralAndAdministrativeExpenses": 82681000,
    "otherExpenses": -4283000,
    "operatingExpenses": 78398000,
    "costAndExpenses": 743039000,
    "interestIncome": 0,
    "interestExpense": 33333000,
    "depreciationAndAmortization": 71908000,
    "ebitda": 285723000,
    "ebitdaratio": 0.2986157343,
    "operatingIncome": 213786000,
    "operatingIncomeRatio": 0.2234327071,
    "totalOtherIncomeExpensesNet": -33304000,
    "incomeBeforeTax": 180482000,
    "incomeBeforeTaxRatio": 0.1886259243,
    "incomeTaxExpense": 54200000,
    "netIncome": 124709000,
    "netIncomeRatio": 0.1303362684,
    "eps": 0.93,
    "epsdiluted": 0.92,
    "weightedAverageShsOut": 133419000,
    "weightedAverageShsOutDil": 136208000,
    "link": "https://www.sec.gov/Archives/edgar/data/1396009/000139600916000071/0001396009-16-000071-index.htm",
    "finalLink": "https://www.sec.gov/Archives/edgar/data/1396009/000139600916000071/vmc-20160630x10q.htm"
  },
  {
    "date": "2016-03-31",
    "symbol": "VMC",
    "reportedCurrency": "USD",
    "cik": "0001396009",
    "fillingDate": "2016-05-04",
    "acceptedDate": "2016-05-04 10:13:41",
    "calendarYear": "2016",
    "period": "Q1",
    "revenue": 754728000,
    "costOfRevenue": 590010000,
    "grossProfit": 164718000,
    "grossProfitRatio": 0.2182481636,
    "researchAndDevelopmentExpenses": 0,
    "generalAndAdministrativeExpenses": 0,
    "sellingAndMarketingExpenses": 0,
    "sellingGeneralAndAdministrativeExpenses": 76468000,
    "otherExpenses": 23329000,
    "operatingExpenses": 99797000,
    "costAndExpenses": 689807000,
    "interestIncome": 0,
    "interestExpense": 33732000,
    "depreciationAndAmortization": 69406000,
    "ebitda": 133633000,
    "ebitdaratio": 0.1770611399,
    "operatingIncome": 64921000,
    "operatingIncomeRatio": 0.0860190691,
    "totalOtherIncomeExpensesNet": -34426000,
    "incomeBeforeTax": 30495000,
    "incomeBeforeTaxRatio": 0.0404052851,
    "incomeTaxExpense": 9764000,
    "netIncome": 18924000,
    "netIncomeRatio": 0.0250739339,
    "eps": 0.14,
    "epsdiluted": 0.14,
    "weightedAverageShsOut": 133821000,
    "weightedAverageShsOutDil": 136100000,
    "link": "https://www.sec.gov/Archives/edgar/data/1396009/000139600916000053/0001396009-16-000053-index.htm",
    "finalLink": "https://www.sec.gov/Archives/edgar/data/1396009/000139600916000053/vmc-20160331x10q.htm"
  },
  {
    "date": "2015-12-31",
    "symbol": "VMC",
    "reportedCurrency": "USD",
    "cik": "0001396009",
    "fillingDate": "2016-02-25",
    "acceptedDate": "2016-02-25 10:19:57",
    "calendarYear": "2015",
    "period": "Q4",
    "revenue": 857285000,
    "costOfRevenue": 603356000,
    "grossProfit": 253929000,
    "grossProfitRatio": 0.2962013799,
    "researchAndDevelopmentExpenses": 0,
    "generalAndAdministrativeExpenses": 0,
    "sellingAndMarketingExpenses": 0,
    "sellingGeneralAndAdministrativeExpenses": 79494000,
    "otherExpenses": 1397000,
    "operatingExpenses": 80891000,
    "costAndExpenses": 684247000,
    "interestIncome": 0,
    "interestExpense": 36657000,
    "depreciationAndAmortization": 58579000,
    "ebitda": 232561000,
    "ebitdaratio": 0.27127618,
    "operatingIncome": 173038000,
    "operatingIncomeRatio": 0.2018441942,
    "totalOtherIncomeExpensesNet": -35713000,
    "incomeBeforeTax": 137325000,
    "incomeBeforeTaxRatio": 0.1601859358,
    "incomeTaxExpense": 43766000,
    "netIncome": 88888000,
    "netIncomeRatio": 0.1036854722,
    "eps": 0.67,
    "epsdiluted": 0.65,
    "weightedAverageShsOut": 133592000,
    "weightedAverageShsOutDil": 135711000,
    "link": "https://www.sec.gov/Archives/edgar/data/1396009/000139600916000044/0001396009-16-000044-index.htm",
    "finalLink": "https://www.sec.gov/Archives/edgar/data/1396009/000139600916000044/vmc-20151231x10k.htm"
  },
  {
    "date": "2015-09-30",
    "symbol": "VMC",
    "reportedCurrency": "USD",
    "cik": "0001396009",
    "fillingDate": "2015-11-04",
    "acceptedDate": "2015-11-04 10:13:32",
    "calendarYear": "2015",
    "period": "Q3",
    "revenue": 1038460000,
    "costOfRevenue": 747170000,
    "grossProfit": 291290000,
    "grossProfitRatio": 0.280501897,
    "researchAndDevelopmentExpenses": 0,
    "generalAndAdministrativeExpenses": 0,
    "sellingAndMarketingExpenses": 0,
    "sellingGeneralAndAdministrativeExpenses": 71390000,
    "otherExpenses": 7694000,
    "operatingExpenses": 79084000,
    "costAndExpenses": 826254000,
    "interestIncome": 0,
    "interestExpense": 37800000,
    "depreciationAndAmortization": 69662000,
    "ebitda": 279050000,
    "ebitdaratio": 0.2687152129,
    "operatingIncome": 212206000,
    "operatingIncomeRatio": 0.2043468213,
    "totalOtherIncomeExpensesNet": -40618000,
    "incomeBeforeTax": 171588000,
    "incomeBeforeTaxRatio": 0.1652331337,
    "incomeTaxExpense": 45386000,
    "netIncome": 123805000,
    "netIncomeRatio": 0.1192198063,
    "eps": 0.93,
    "epsdiluted": 0.91,
    "weightedAverageShsOut": 133474000,
    "weightedAverageShsOutDil": 135558000,
    "link": "https://www.sec.gov/Archives/edgar/data/1396009/000139600915000036/0001396009-15-000036-index.htm",
    "finalLink": "https://www.sec.gov/Archives/edgar/data/1396009/000139600915000036/vmc-20150930x10q.htm"
  },
  {
    "date": "2015-06-30",
    "symbol": "VMC",
    "reportedCurrency": "USD",
    "cik": "0001396009",
    "fillingDate": "2015-08-05",
    "acceptedDate": "2015-08-05 10:31:34",
    "calendarYear": "2015",
    "period": "Q2",
    "revenue": 895143000,
    "costOfRevenue": 660694000,
    "grossProfit": 234449000,
    "grossProfitRatio": 0.2619123425,
    "researchAndDevelopmentExpenses": 0,
    "generalAndAdministrativeExpenses": 0,
    "sellingAndMarketingExpenses": 0,
    "sellingGeneralAndAdministrativeExpenses": 69197000,
    "otherExpenses": 11476000,
    "operatingExpenses": 80673000,
    "costAndExpenses": 741367000,
    "interestIncome": 0,
    "interestExpense": 83651000,
    "depreciationAndAmortization": 68385000,
    "ebitda": 221722000,
    "ebitdaratio": 0.2476945024,
    "operatingIncome": 153776000,
    "operatingIncomeRatio": 0.1717893119,
    "totalOtherIncomeExpensesNet": -84090000,
    "incomeBeforeTax": 69686000,
    "incomeBeforeTaxRatio": 0.0778490141,
    "incomeTaxExpense": 19867000,
    "netIncome": 48162000,
    "netIncomeRatio": 0.0538036939,
    "eps": 0.36,
    "epsdiluted": 0.36,
    "weightedAverageShsOut": 133103000,
    "weightedAverageShsOutDil": 135234000,
    "link": "https://www.sec.gov/Archives/edgar/data/1396009/000139600915000030/0001396009-15-000030-index.htm",
    "finalLink": "https://www.sec.gov/Archives/edgar/data/1396009/000139600915000030/vmc-20150630x10q.htm"
  },
  {
    "date": "2015-03-31",
    "symbol": "VMC",
    "reportedCurrency": "USD",
    "cik": "0001396009",
    "fillingDate": "2015-05-06",
    "acceptedDate": "2015-05-06 11:44:07",
    "calendarYear": "2015",
    "period": "Q1",
    "revenue": 631293000,
    "costOfRevenue": 553428000,
    "grossProfit": 77865000,
    "grossProfitRatio": 0.1233420931,
    "researchAndDevelopmentExpenses": 0,
    "generalAndAdministrativeExpenses": 0,
    "sellingAndMarketingExpenses": 0,
    "sellingGeneralAndAdministrativeExpenses": 66763000,
    "otherExpenses": 343000,
    "operatingExpenses": 67106000,
    "costAndExpenses": 620534000,
    "interestIncome": 0,
    "interestExpense": 62480000,
    "depreciationAndAmortization": 66723000,
    "ebitda": 78461000,
    "ebitdaratio": 0.1242861872,
    "operatingIncome": 10759000,
    "operatingIncomeRatio": 0.0170427995,
    "totalOtherIncomeExpensesNet": -61501000,
    "incomeBeforeTax": -50742000,
    "incomeBeforeTaxRatio": -0.0803778911,
    "incomeTaxExpense": -14075000,
    "netIncome": -39678000,
    "netIncomeRatio": -0.0628519562,
    "eps": -0.3,
    "epsdiluted": -0.3,
    "weightedAverageShsOut": 130953571,
    "weightedAverageShsOutDil": 132659000,
    "link": "https://www.sec.gov/Archives/edgar/data/1396009/000139600915000014/0001396009-15-000014-index.htm",
    "finalLink": "https://www.sec.gov/Archives/edgar/data/1396009/000139600915000014/vmc-20150331x10q.htm"
  },
  {
    "date": "2014-12-31",
    "symbol": "VMC",
    "reportedCurrency": "USD",
    "cik": "0001396009",
    "fillingDate": "2015-02-27",
    "acceptedDate": "2015-02-26 17:33:54",
    "calendarYear": "2014",
    "period": "Q4",
    "revenue": 755027000,
    "costOfRevenue": 585367000,
    "grossProfit": 169660000,
    "grossProfitRatio": 0.2247071959,
    "researchAndDevelopmentExpenses": 0,
    "generalAndAdministrativeExpenses": 0,
    "sellingAndMarketingExpenses": 0,
    "sellingGeneralAndAdministrativeExpenses": 72480000,
    "otherExpenses": -2712000,
    "operatingExpenses": 69768000,
    "costAndExpenses": 655135000,
    "interestIncome": 0,
    "interestExpense": 41836000,
    "depreciationAndAmortization": 59038000,
    "ebitda": 158967000,
    "ebitdaratio": 0.2105447885,
    "operatingIncome": 99892000,
    "operatingIncomeRatio": 0.1323025534,
    "totalOtherIncomeExpensesNet": -41799000,
    "incomeBeforeTax": 58093000,
    "incomeBeforeTaxRatio": 0.0769416193,
    "incomeTaxExpense": 19745000,
    "netIncome": 38021000,
    "netIncomeRatio": 0.0503571395,
    "eps": 0.29,
    "epsdiluted": 0.28,
    "weightedAverageShsOut": 132069000,
    "weightedAverageShsOutDil": 133619000,
    "link": "https://www.sec.gov/Archives/edgar/data/1396009/000139600915000005/0001396009-15-000005-index.htm",
    "finalLink": "https://www.sec.gov/Archives/edgar/data/1396009/000139600915000005/vmc-20141231x10k.htm"
  },
  {
    "date": "2014-09-30",
    "symbol": "VMC",
    "reportedCurrency": "USD",
    "cik": "0001396009",
    "fillingDate": "2014-11-05",
    "acceptedDate": "2014-11-05 12:52:37",
    "calendarYear": "2014",
    "period": "Q3",
    "revenue": 873579000,
    "costOfRevenue": 664537000,
    "grossProfit": 209042000,
    "grossProfitRatio": 0.2392937559,
    "researchAndDevelopmentExpenses": 0,
    "generalAndAdministrativeExpenses": 0,
    "sellingAndMarketingExpenses": 0,
    "sellingGeneralAndAdministrativeExpenses": 66074000,
    "otherExpenses": 2637000,
    "operatingExpenses": 68711000,
    "costAndExpenses": 733248000,
    "interestIncome": 0,
    "interestExpense": 40891000,
    "depreciationAndAmortization": 71156000,
    "ebitda": 210894000,
    "ebitdaratio": 0.2414137702,
    "operatingIncome": 140331000,
    "operatingIncomeRatio": 0.1606391637,
    "totalOtherIncomeExpensesNet": -41484000,
    "incomeBeforeTax": 98847000,
    "incomeBeforeTaxRatio": 0.1131517585,
    "incomeTaxExpense": 31066000,
    "netIncome": 66939000,
    "netIncomeRatio": 0.0766261552,
    "eps": 0.51,
    "epsdiluted": 0.5,
    "weightedAverageShsOut": 131797000,
    "weightedAverageShsOutDil": 133369000,
    "link": "https://www.sec.gov/Archives/edgar/data/1396009/000139600914000037/0001396009-14-000037-index.htm",
    "finalLink": "https://www.sec.gov/Archives/edgar/data/1396009/000139600914000037/vmc-20140930x10q.htm"
  },
  {
    "date": "2014-06-30",
    "symbol": "VMC",
    "reportedCurrency": "USD",
    "cik": "0001396009",
    "fillingDate": "2014-08-06",
    "acceptedDate": "2014-08-06 10:59:27",
    "calendarYear": "2014",
    "period": "Q2",
    "revenue": 791143000,
    "costOfRevenue": 616355000,
    "grossProfit": 174788000,
    "grossProfitRatio": 0.2209309821,
    "researchAndDevelopmentExpenses": 0,
    "generalAndAdministrativeExpenses": 0,
    "sellingAndMarketingExpenses": 0,
    "sellingGeneralAndAdministrativeExpenses": 67615000,
    "otherExpenses": 3927000,
    "operatingExpenses": 71542000,
    "costAndExpenses": 687897000,
    "interestIncome": 0,
    "interestExpense": 40551000,
    "depreciationAndAmortization": 68324000,
    "ebitda": 173368000,
    "ebitdaratio": 0.2191361107,
    "operatingIncome": 103246000,
    "operatingIncomeRatio": 0.1305023239,
    "totalOtherIncomeExpensesNet": -38753000,
    "incomeBeforeTax": 64493000,
    "incomeBeforeTaxRatio": 0.0815187646,
    "incomeTaxExpense": 17982000,
    "netIncome": 45967000,
    "netIncomeRatio": 0.0581020119,
    "eps": 0.35,
    "epsdiluted": 0.35,
    "weightedAverageShsOut": 131149000,
    "weightedAverageShsOutDil": 132876000,
    "link": "https://www.sec.gov/Archives/edgar/data/1396009/000139600914000031/0001396009-14-000031-index.htm",
    "finalLink": "https://www.sec.gov/Archives/edgar/data/1396009/000139600914000031/vmc-20140630x10q.htm"
  },
  {
    "date": "2014-03-31",
    "symbol": "VMC",
    "reportedCurrency": "USD",
    "cik": "0001396009",
    "fillingDate": "2014-05-12",
    "acceptedDate": "2014-05-12 15:14:50",
    "calendarYear": "2014",
    "period": "Q1",
    "revenue": 574420000,
    "costOfRevenue": 540328000,
    "grossProfit": 34092000,
    "grossProfitRatio": 0.0593503012,
    "researchAndDevelopmentExpenses": 0,
    "generalAndAdministrativeExpenses": 0,
    "sellingAndMarketingExpenses": 0,
    "sellingGeneralAndAdministrativeExpenses": 66119000,
    "otherExpenses": -226696000,
    "operatingExpenses": -160577000,
    "costAndExpenses": 379751000,
    "interestIncome": 0,
    "interestExpense": 120089000,
    "depreciationAndAmortization": 69378000,
    "ebitda": 266872000,
    "ebitdaratio": 0.4645938512,
    "operatingIncome": 194669000,
    "operatingIncomeRatio": 0.3388966262,
    "totalOtherIncomeExpensesNet": -117264000,
    "incomeBeforeTax": 77405000,
    "incomeBeforeTaxRatio": 0.1347533164,
    "incomeTaxExpense": 22900000,
    "netIncome": 53995000,
    "netIncomeRatio": 0.0939991644,
    "eps": 0.41,
    "epsdiluted": 0.41,
    "weightedAverageShsOut": 130810000,
    "weightedAverageShsOutDil": 132314000,
    "link": "https://www.sec.gov/Archives/edgar/data/1396009/000139600914000012/0001396009-14-000012-index.htm",
    "finalLink": "https://www.sec.gov/Archives/edgar/data/1396009/000139600914000012/vmc-20140331x10q.htm"
  },
  {
    "date": "2013-12-31",
    "symbol": "VMC",
    "reportedCurrency": "USD",
    "cik": "0001396009",
    "fillingDate": "2014-02-26",
    "acceptedDate": "2014-02-26 17:10:58",
    "calendarYear": "2013",
    "period": "Q4",
    "revenue": 680246000,
    "costOfRevenue": 562899000,
    "grossProfit": 117347000,
    "grossProfitRatio": 0.1725067108,
    "researchAndDevelopmentExpenses": 0,
    "generalAndAdministrativeExpenses": 0,
    "sellingAndMarketingExpenses": 0,
    "sellingGeneralAndAdministrativeExpenses": 64016000,
    "otherExpenses": -498000,
    "operatingExpenses": 63518000,
    "costAndExpenses": 626417000,
    "interestIncome": 0,
    "interestExpense": 49831000,
    "depreciationAndAmortization": 65546000,
    "ebitda": 122888000,
    "ebitdaratio": 0.1806522934,
    "operatingIncome": 53829000,
    "operatingIncomeRatio": 0.0791316671,
    "totalOtherIncomeExpensesNet": -46318000,
    "incomeBeforeTax": 7511000,
    "incomeBeforeTaxRatio": 0.0110415938,
    "incomeTaxExpense": -2585000,
    "netIncome": 9082000,
    "netIncomeRatio": 0.0133510524,
    "eps": 0.07,
    "epsdiluted": 0.07,
    "weightedAverageShsOut": 130383000,
    "weightedAverageShsOutDil": 131650000,
    "link": "https://www.sec.gov/Archives/edgar/data/1396009/000139600914000006/0001396009-14-000006-index.htm",
    "finalLink": "https://www.sec.gov/Archives/edgar/data/1396009/000139600914000006/vmc-20131231x10k.htm"
  },
  {
    "date": "2013-09-30",
    "symbol": "VMC",
    "reportedCurrency": "USD",
    "cik": "0001396009",
    "fillingDate": "2013-11-05",
    "acceptedDate": "2013-11-05 14:35:18",
    "calendarYear": "2013",
    "period": "Q3",
    "revenue": 813568000,
    "costOfRevenue": 654585000,
    "grossProfit": 158983000,
    "grossProfitRatio": 0.1954145197,
    "researchAndDevelopmentExpenses": 0,
    "generalAndAdministrativeExpenses": 0,
    "sellingAndMarketingExpenses": 0,
    "sellingGeneralAndAdministrativeExpenses": 65854000,
    "otherExpenses": -6638000,
    "operatingExpenses": 59216000,
    "costAndExpenses": 713801000,
    "interestIncome": 0,
    "interestExpense": 49134000,
    "depreciationAndAmortization": 78320000,
    "ebitda": 180397000,
    "ebitdaratio": 0.221735614,
    "operatingIncome": 99767000,
    "operatingIncomeRatio": 0.1226289628,
    "totalOtherIncomeExpensesNet": -46824000,
    "incomeBeforeTax": 52943000,
    "incomeBeforeTaxRatio": 0.0650750767,
    "incomeTaxExpense": 10793000,
    "netIncome": 41363000,
    "netIncomeRatio": 0.0508414785,
    "eps": 0.32,
    "epsdiluted": 0.31,
    "weightedAverageShsOut": 130266000,
    "weightedAverageShsOutDil": 131320000,
    "link": "https://www.sec.gov/Archives/edgar/data/1396009/000139600913000009/0001396009-13-000009-index.htm",
    "finalLink": "https://www.sec.gov/Archives/edgar/data/1396009/000139600913000009/vmc-20130930x10q.htm"
  },
  {
    "date": "2013-06-30",
    "symbol": "VMC",
    "reportedCurrency": "USD",
    "cik": "0001396009",
    "fillingDate": "2013-08-06",
    "acceptedDate": "2013-08-06 10:59:00",
    "calendarYear": "2013",
    "period": "Q2",
    "revenue": 738733000,
    "costOfRevenue": 605838000,
    "grossProfit": 132895000,
    "grossProfitRatio": 0.1798958487,
    "researchAndDevelopmentExpenses": 0,
    "generalAndAdministrativeExpenses": 0,
    "sellingAndMarketingExpenses": 0,
    "sellingGeneralAndAdministrativeExpenses": 64902000,
    "otherExpenses": -18873000,
    "operatingExpenses": 46029000,
    "costAndExpenses": 651867000,
    "interestIncome": 0,
    "interestExpense": 50873000,
    "depreciationAndAmortization": 76960000,
    "ebitda": 164112000,
    "ebitdaratio": 0.2221533355,
    "operatingIncome": 86866000,
    "operatingIncomeRatio": 0.1175878159,
    "totalOtherIncomeExpensesNet": -50587000,
    "incomeBeforeTax": 36279000,
    "incomeBeforeTaxRatio": 0.0491097595,
    "incomeTaxExpense": 6151000,
    "netIncome": 28772000,
    "netIncomeRatio": 0.038947766,
    "eps": 0.22,
    "epsdiluted": 0.22,
    "weightedAverageShsOut": 130250000,
    "weightedAverageShsOutDil": 131332000,
    "link": "https://www.sec.gov/Archives/edgar/data/1396009/000139600913000006/0001396009-13-000006-index.htm",
    "finalLink": "https://www.sec.gov/Archives/edgar/data/1396009/000139600913000006/vmc-20130630x10q.htm"
  },
  {
    "date": "2013-03-31",
    "symbol": "VMC",
    "reportedCurrency": "USD",
    "cik": "0001396009",
    "fillingDate": "2013-05-07",
    "acceptedDate": "2013-05-07 10:53:39",
    "calendarYear": "2013",
    "period": "Q1",
    "revenue": 538162000,
    "costOfRevenue": 520507000,
    "grossProfit": 17655000,
    "grossProfitRatio": 0.0328061067,
    "researchAndDevelopmentExpenses": 0,
    "generalAndAdministrativeExpenses": 0,
    "sellingAndMarketingExpenses": 0,
    "sellingGeneralAndAdministrativeExpenses": 64655000,
    "otherExpenses": 3058000,
    "operatingExpenses": 67713000,
    "costAndExpenses": 588220000,
    "interestIncome": 0,
    "interestExpense": 52752000,
    "depreciationAndAmortization": 75597000,
    "ebitda": 27912000,
    "ebitdaratio": 0.0518654234,
    "operatingIncome": -50058000,
    "operatingIncomeRatio": -0.0930166009,
    "totalOtherIncomeExpensesNet": -50379000,
    "incomeBeforeTax": -100437000,
    "incomeBeforeTaxRatio": -0.1866296766,
    "incomeTaxExpense": -38818000,
    "netIncome": -54836000,
    "netIncomeRatio": -0.1018949684,
    "eps": -0.42,
    "epsdiluted": -0.42,
    "weightedAverageShsOut": 130186000,
    "weightedAverageShsOutDil": 130186000,
    "link": "https://www.sec.gov/Archives/edgar/data/1396009/000119312513203394/0001193125-13-203394-index.htm",
    "finalLink": "https://www.sec.gov/Archives/edgar/data/1396009/000119312513203394/d509897d10q.htm"
  },
  {
    "date": "2012-12-31",
    "symbol": "VMC",
    "reportedCurrency": "USD",
    "cik": "0001396009",
    "fillingDate": "2013-02-28",
    "acceptedDate": "2013-02-28 16:07:38",
    "calendarYear": "2012",
    "period": "Q4",
    "revenue": 608431000,
    "costOfRevenue": 529225000,
    "grossProfit": 79206000,
    "grossProfitRatio": 0.1301807436,
    "researchAndDevelopmentExpenses": 0,
    "generalAndAdministrativeExpenses": 0,
    "sellingAndMarketingExpenses": 0,
    "sellingGeneralAndAdministrativeExpenses": 23542000,
    "otherExpenses": 132000,
    "operatingExpenses": 23674000,
    "costAndExpenses": 552899000,
    "interestIncome": 52929000,
    "interestExpense": 0,
    "depreciationAndAmortization": 70612000,
    "ebitda": 144039000,
    "ebitdaratio": 0.2367384305,
    "operatingIncome": 55532000,
    "operatingIncomeRatio": 0.0912708261,
    "totalOtherIncomeExpensesNet": -5118000,
    "incomeBeforeTax": 5135000,
    "incomeBeforeTaxRatio": 0.0084397409,
    "incomeTaxExpense": 647000,
    "netIncome": 3483000,
    "netIncomeRatio": 0.0057245604,
    "eps": 0.03,
    "epsdiluted": 0.03,
    "weightedAverageShsOut": 129954000,
    "weightedAverageShsOutDil": 131008000,
    "link": "https://www.sec.gov/Archives/edgar/data/1396009/000119312513084128/0001193125-13-084128-index.htm",
    "finalLink": "https://www.sec.gov/Archives/edgar/data/1396009/000119312513084128/d451546d10k.htm"
  },
  {
    "date": "2012-09-30",
    "symbol": "VMC",
    "reportedCurrency": "USD",
    "cik": "0001396009",
    "fillingDate": "2012-11-08",
    "acceptedDate": "2012-11-08 16:00:00",
    "calendarYear": "2012",
    "period": "Q3",
    "revenue": 728861000,
    "costOfRevenue": 601938000,
    "grossProfit": 126923000,
    "grossProfitRatio": 0.1741388276,
    "researchAndDevelopmentExpenses": 0,
    "generalAndAdministrativeExpenses": 0,
    "sellingAndMarketingExpenses": 0,
    "sellingGeneralAndAdministrativeExpenses": 65441000,
    "otherExpenses": 5616000,
    "operatingExpenses": 71057000,
    "costAndExpenses": 672995000,
    "interestIncome": 0,
    "interestExpense": 53043000,
    "depreciationAndAmortization": 84108000,
    "ebitda": 141780000,
    "ebitdaratio": 0.1945226868,
    "operatingIncome": 55866000,
    "operatingIncomeRatio": 0.0766483596,
    "totalOtherIncomeExpensesNet": -51237000,
    "incomeBeforeTax": 4629000,
    "incomeBeforeTaxRatio": 0.0063510052,
    "incomeTaxExpense": -10992000,
    "netIncome": 14260000,
    "netIncomeRatio": 0.019564773,
    "eps": 0.11,
    "epsdiluted": 0.11,
    "weightedAverageShsOut": 129753000,
    "weightedAverageShsOutDil": 130215000,
    "link": "https://www.sec.gov/Archives/edgar/data/1396009/000119312512460335/0001193125-12-460335-index.htm",
    "finalLink": "https://www.sec.gov/Archives/edgar/data/1396009/000119312512460335/d402642d10q.htm"
  },
  {
    "date": "2012-06-30",
    "symbol": "VMC",
    "reportedCurrency": "USD",
    "cik": "0001396009",
    "fillingDate": "2012-08-08",
    "acceptedDate": "2012-08-08 14:46:05",
    "calendarYear": "2012",
    "period": "Q2",
    "revenue": 694136000,
    "costOfRevenue": 588197000,
    "grossProfit": 105939000,
    "grossProfitRatio": 0.1526199477,
    "researchAndDevelopmentExpenses": 0,
    "generalAndAdministrativeExpenses": 0,
    "sellingAndMarketingExpenses": 0,
    "sellingGeneralAndAdministrativeExpenses": 61914000,
    "otherExpenses": 24363000,
    "operatingExpenses": 86277000,
    "costAndExpenses": 674474000,
    "interestIncome": 0,
    "interestExpense": 53687000,
    "depreciationAndAmortization": 84116000,
    "ebitda": 103069000,
    "ebitdaratio": 0.1484853112,
    "operatingIncome": 19662000,
    "operatingIncomeRatio": 0.0283258612,
    "totalOtherIncomeExpensesNet": -34753700,
    "incomeBeforeTax": -34734000,
    "incomeBeforeTaxRatio": -0.0500391854,
    "incomeTaxExpense": -17749000,
    "netIncome": -18283000,
    "netIncomeRatio": -0.0263392188,
    "eps": -0.14,
    "epsdiluted": -0.14,
    "weightedAverageShsOut": 129676000,
    "weightedAverageShsOutDil": 129676000,
    "link": "https://www.sec.gov/Archives/edgar/data/1396009/000119312512343684/0001193125-12-343684-index.htm",
    "finalLink": "https://www.sec.gov/Archives/edgar/data/1396009/000119312512343684/d365518d10q.htm"
  },
  {
    "date": "2012-03-31",
    "symbol": "VMC",
    "reportedCurrency": "USD",
    "cik": "0001396009",
    "fillingDate": "2012-05-02",
    "acceptedDate": "2012-05-02 13:16:10",
    "calendarYear": "2012",
    "period": "Q1",
    "revenue": 535882000,
    "costOfRevenue": 513924000,
    "grossProfit": 21958000,
    "grossProfitRatio": 0.0409754386,
    "researchAndDevelopmentExpenses": 0,
    "generalAndAdministrativeExpenses": 0,
    "sellingAndMarketingExpenses": 0,
    "sellingGeneralAndAdministrativeExpenses": 64912000,
    "otherExpenses": 3325000,
    "operatingExpenses": 68237000,
    "costAndExpenses": 582161000,
    "interestIncome": 0,
    "interestExpense": 52266000,
    "depreciationAndAmortization": 85167000,
    "ebitda": 41986000,
    "ebitdaratio": 0.0783493381,
    "operatingIncome": -46279000,
    "operatingIncomeRatio": -0.0863604301,
    "totalOtherIncomeExpensesNet": -49168000,
    "incomeBeforeTax": -95447000,
    "incomeBeforeTaxRatio": -0.1781119724,
    "incomeTaxExpense": -38397000,
    "netIncome": -52053000,
    "netIncomeRatio": -0.0971351902,
    "eps": -0.4,
    "epsdiluted": -0.4,
    "weightedAverageShsOut": 129593000,
    "weightedAverageShsOutDil": 129593000,
    "link": "https://www.sec.gov/Archives/edgar/data/1396009/000119312512203722/0001193125-12-203722-index.htm",
    "finalLink": "https://www.sec.gov/Archives/edgar/data/1396009/000119312512203722/d319114d10q.htm"
  },
  {
    "date": "2011-12-31",
    "symbol": "VMC",
    "reportedCurrency": "USD",
    "cik": "0001396009",
    "fillingDate": "2012-02-29",
    "acceptedDate": "2012-02-29 16:58:37",
    "calendarYear": "2011",
    "period": "Q4",
    "revenue": 614627000,
    "costOfRevenue": 540272000,
    "grossProfit": 74355000,
    "grossProfitRatio": 0.1209758113,
    "researchAndDevelopmentExpenses": 0,
    "generalAndAdministrativeExpenses": 0,
    "sellingAndMarketingExpenses": 0,
    "sellingGeneralAndAdministrativeExpenses": 68726000,
    "otherExpenses": 11158000,
    "operatingExpenses": 79884000,
    "costAndExpenses": 620156000,
    "interestIncome": 0,
    "interestExpense": 0,
    "depreciationAndAmortization": 88048000,
    "ebitda": 130796000,
    "ebitdaratio": 0.2128054902,
    "operatingIncome": -5529000,
    "operatingIncomeRatio": -0.0089956998,
    "totalOtherIncomeExpensesNet": -50959000,
    "incomeBeforeTax": -56488000,
    "incomeBeforeTaxRatio": -0.091906148,
    "incomeTaxExpense": -30545000,
    "netIncome": -27865000,
    "netIncomeRatio": -0.0453364398,
    "eps": -0.22,
    "epsdiluted": -0.22,
    "weightedAverageShsOut": 129501000,
    "weightedAverageShsOutDil": 129593000,
    "link": "https://www.sec.gov/Archives/edgar/data/1396009/000119312512089430/0001193125-12-089430-index.htm",
    "finalLink": "https://www.sec.gov/Archives/edgar/data/1396009/000119312512089430/d257544d10k.htm"
  },
  {
    "date": "2011-09-30",
    "symbol": "VMC",
    "reportedCurrency": "USD",
    "cik": "0001396009",
    "fillingDate": "2011-11-04",
    "acceptedDate": "2011-11-04 10:43:46",
    "calendarYear": "2011",
    "period": "Q3",
    "revenue": 760752000,
    "costOfRevenue": 644972000,
    "grossProfit": 115780000,
    "grossProfitRatio": 0.1521915158,
    "researchAndDevelopmentExpenses": 0,
    "generalAndAdministrativeExpenses": 0,
    "sellingAndMarketingExpenses": 0,
    "sellingGeneralAndAdministrativeExpenses": 67020000,
    "otherExpenses": -57908000,
    "operatingExpenses": 9112000,
    "costAndExpenses": 654084000,
    "interestIncome": 0,
    "interestExpense": 0,
    "depreciationAndAmortization": 90948000,
    "ebitda": 139708000,
    "ebitdaratio": 0.1836446043,
    "operatingIncome": 106668000,
    "operatingIncomeRatio": 0.1402138936,
    "totalOtherIncomeExpensesNet": -54423000,
    "incomeBeforeTax": 52245000,
    "incomeBeforeTaxRatio": 0.0686754685,
    "incomeTaxExpense": 29833000,
    "netIncome": 19959000,
    "netIncomeRatio": 0.0262358824,
    "eps": 0.15,
    "epsdiluted": 0.15,
    "weightedAverageShsOut": 129493000,
    "weightedAverageShsOutDil": 129768000,
    "link": "https://www.sec.gov/Archives/edgar/data/1396009/000095012311095159/0000950123-11-095159-index.htm",
    "finalLink": "https://www.sec.gov/Archives/edgar/data/1396009/000095012311095159/g28009e10vq.htm"
  },
  {
    "date": "2011-06-30",
    "symbol": "VMC",
    "reportedCurrency": "USD",
    "cik": "0001396009",
    "fillingDate": "2011-08-04",
    "acceptedDate": "2011-08-04 12:34:50",
    "calendarYear": "2011",
    "period": "Q2",
    "revenue": 701971000,
    "costOfRevenue": 601131000,
    "grossProfit": 100840000,
    "grossProfitRatio": 0.143652658,
    "researchAndDevelopmentExpenses": 0,
    "generalAndAdministrativeExpenses": 0,
    "sellingAndMarketingExpenses": 0,
    "sellingGeneralAndAdministrativeExpenses": 74062000,
    "otherExpenses": 3290000,
    "operatingExpenses": 77352000,
    "costAndExpenses": 678483000,
    "interestIncome": 0,
    "interestExpense": 0,
    "depreciationAndAmortization": 92137000,
    "ebitda": 118915000,
    "ebitdaratio": 0.169401585,
    "operatingIncome": 23488000,
    "operatingIncomeRatio": 0.0334600717,
    "totalOtherIncomeExpensesNet": -23535400,
    "incomeBeforeTax": -47443000,
    "incomeBeforeTaxRatio": -0.0675854131,
    "incomeTaxExpense": -40341000,
    "netIncome": -8139000,
    "netIncomeRatio": -0.0115944961,
    "eps": -0.0629,
    "epsdiluted": -0.0629,
    "weightedAverageShsOut": 129446000,
    "weightedAverageShsOutDil": 129446000,
    "link": "https://www.sec.gov/Archives/edgar/data/1396009/000095012311072749/0000950123-11-072749-index.htm",
    "finalLink": "https://www.sec.gov/Archives/edgar/data/1396009/000095012311072749/g27589e10vq.htm"
  },
  {
    "date": "2011-03-31",
    "symbol": "VMC",
    "reportedCurrency": "USD",
    "cik": "0001396009",
    "fillingDate": "2011-05-06",
    "acceptedDate": "2011-05-06 10:52:13",
    "calendarYear": "2011",
    "period": "Q1",
    "revenue": 487200000,
    "costOfRevenue": 494306000,
    "grossProfit": -7106000,
    "grossProfitRatio": -0.0145853859,
    "researchAndDevelopmentExpenses": 0,
    "generalAndAdministrativeExpenses": 0,
    "sellingAndMarketingExpenses": 0,
    "sellingGeneralAndAdministrativeExpenses": 77516000,
    "otherExpenses": -23438000,
    "operatingExpenses": 54078000,
    "costAndExpenses": 548384000,
    "interestIncome": 0,
    "interestExpense": 0,
    "depreciationAndAmortization": 90586000,
    "ebitda": 5964000,
    "ebitdaratio": 0.0122413793,
    "operatingIncome": -61184000,
    "operatingIncomeRatio": -0.1255829228,
    "totalOtherIncomeExpensesNet": -103434000,
    "incomeBeforeTax": -102052000,
    "incomeBeforeTaxRatio": -0.2094663383,
    "incomeTaxExpense": -37430000,
    "netIncome": -54733000,
    "netIncomeRatio": -0.112341954,
    "eps": -0.42,
    "epsdiluted": -0.42,
    "weightedAverageShsOut": 129078000,
    "weightedAverageShsOutDil": 129078000,
    "link": "https://www.sec.gov/Archives/edgar/data/1396009/000095012311046260/0000950123-11-046260-index.htm",
    "finalLink": "https://www.sec.gov/Archives/edgar/data/1396009/000095012311046260/g26507e10vq.htm"
  },
  {
    "date": "2010-12-31",
    "symbol": "VMC",
    "reportedCurrency": "USD",
    "cik": "0001396009",
    "fillingDate": "2011-02-28",
    "acceptedDate": "2011-02-28 15:32:28",
    "calendarYear": "2010",
    "period": "Q4",
    "revenue": 586243000,
    "costOfRevenue": 535493000,
    "grossProfit": 50750000,
    "grossProfitRatio": 0.0865681978,
    "researchAndDevelopmentExpenses": 0,
    "generalAndAdministrativeExpenses": 0,
    "sellingAndMarketingExpenses": 0,
    "sellingGeneralAndAdministrativeExpenses": 120106000,
    "otherExpenses": -39944000,
    "operatingExpenses": 80162000,
    "costAndExpenses": 615655000,
    "interestIncome": 0,
    "interestExpense": 0,
    "depreciationAndAmortization": 92919000,
    "ebitda": 117654000,
    "ebitdaratio": 0.2006915221,
    "operatingIncome": -29412000,
    "operatingIncomeRatio": -0.0501703219,
    "totalOtherIncomeExpensesNet": -44905000,
    "incomeBeforeTax": -74317000,
    "incomeBeforeTaxRatio": -0.1267682514,
    "incomeTaxExpense": -28172000,
    "netIncome": -46997000,
    "netIncomeRatio": -0.0801664156,
    "eps": -0.37,
    "epsdiluted": -0.36,
    "weightedAverageShsOut": 128680000,
    "weightedAverageShsOutDil": 129078000,
    "link": "https://www.sec.gov/Archives/edgar/data/1396009/000095012311019699/0000950123-11-019699-index.htm",
    "finalLink": "https://www.sec.gov/Archives/edgar/data/1396009/000095012311019699/g24488e10vk.htm"
  },
  {
    "date": "2010-09-30",
    "symbol": "VMC",
    "reportedCurrency": "USD",
    "cik": "0001396009",
    "fillingDate": "2010-11-03",
    "acceptedDate": "2010-11-03 14:54:16",
    "calendarYear": "2010",
    "period": "Q3",
    "revenue": 743204000,
    "costOfRevenue": 616457000,
    "grossProfit": 126747000,
    "grossProfitRatio": 0.1705413319,
    "researchAndDevelopmentExpenses": 0,
    "generalAndAdministrativeExpenses": 0,
    "sellingAndMarketingExpenses": 0,
    "sellingGeneralAndAdministrativeExpenses": 77560000,
    "otherExpenses": -1245000,
    "operatingExpenses": 76315000,
    "costAndExpenses": 692772000,
    "interestIncome": 0,
    "interestExpense": 0,
    "depreciationAndAmortization": 97698000,
    "ebitda": 147654000,
    "ebitdaratio": 0.1986722353,
    "operatingIncome": 50432000,
    "operatingIncomeRatio": 0.0678575465,
    "totalOtherIncomeExpensesNet": -45889000,
    "incomeBeforeTax": 4543000,
    "incomeBeforeTaxRatio": 0.0061127228,
    "incomeTaxExpense": -6048000,
    "netIncome": 13246000,
    "netIncomeRatio": 0.017822832,
    "eps": 0.1,
    "epsdiluted": 0.1,
    "weightedAverageShsOut": 128602000,
    "weightedAverageShsOutDil": 128910000,
    "link": "https://www.sec.gov/Archives/edgar/data/1396009/000095012310100046/0000950123-10-100046-index.htm",
    "finalLink": "https://www.sec.gov/Archives/edgar/data/1396009/000095012310100046/g24621e10vq.htm"
  },
  {
    "date": "2010-06-30",
    "symbol": "VMC",
    "reportedCurrency": "USD",
    "cik": "0001396009",
    "fillingDate": "2010-08-04",
    "acceptedDate": "2010-08-04 16:01:41",
    "calendarYear": "2010",
    "period": "Q2",
    "revenue": 736152000,
    "costOfRevenue": 613817000,
    "grossProfit": 122335000,
    "grossProfitRatio": 0.1661817125,
    "researchAndDevelopmentExpenses": 0,
    "generalAndAdministrativeExpenses": 0,
    "sellingAndMarketingExpenses": 0,
    "sellingGeneralAndAdministrativeExpenses": 83376000,
    "otherExpenses": 37749000,
    "operatingExpenses": 121125000,
    "costAndExpenses": 734942000,
    "interestIncome": 481000,
    "interestExpense": 44204000,
    "depreciationAndAmortization": 97279000,
    "ebitda": 97127000,
    "ebitdaratio": 0.1319387844,
    "operatingIncome": 1210000,
    "operatingIncomeRatio": 0.0016436823,
    "totalOtherIncomeExpensesNet": -44956000,
    "incomeBeforeTax": -43746000,
    "incomeBeforeTaxRatio": -0.0594252274,
    "incomeTaxExpense": -21231000,
    "netIncome": -23992000,
    "netIncomeRatio": -0.0325910953,
    "eps": -0.19,
    "epsdiluted": -0.19,
    "weightedAverageShsOut": 128168000,
    "weightedAverageShsOutDil": 128168000,
    "link": "https://www.sec.gov/Archives/edgar/data/1396009/000095012310072467/0000950123-10-072467-index.htm",
    "finalLink": "https://www.sec.gov/Archives/edgar/data/1396009/000095012310072467/g22118e10vq.htm"
  },
  {
    "date": "2010-03-31",
    "symbol": "VMC",
    "reportedCurrency": "USD",
    "cik": "0001396009",
    "fillingDate": "2010-05-04",
    "acceptedDate": "2010-05-04 08:08:53",
    "calendarYear": "2010",
    "period": "Q1",
    "revenue": 493264000,
    "costOfRevenue": 492370000,
    "grossProfit": 894000,
    "grossProfitRatio": 0.0018124169,
    "researchAndDevelopmentExpenses": 0,
    "generalAndAdministrativeExpenses": 0,
    "sellingAndMarketingExpenses": 0,
    "sellingGeneralAndAdministrativeExpenses": 86495000,
    "otherExpenses": -48831000,
    "operatingExpenses": 37664000,
    "costAndExpenses": 530034000,
    "interestIncome": 489000,
    "interestExpense": 43783000,
    "depreciationAndAmortization": 94197000,
    "ebitda": 9056000,
    "ebitdaratio": 0.018359337,
    "operatingIncome": -36770000,
    "operatingIncomeRatio": -0.0745442603,
    "totalOtherIncomeExpensesNet": -34212000,
    "incomeBeforeTax": -78686000,
    "incomeBeforeTaxRatio": -0.1595210678,
    "incomeTaxExpense": -34212000,
    "netIncome": -38747000,
    "netIncomeRatio": -0.078552256,
    "eps": -0.31,
    "epsdiluted": -0.31,
    "weightedAverageShsOut": 126692000,
    "weightedAverageShsOutDil": 126692000,
    "link": "https://www.sec.gov/Archives/edgar/data/1396009/000095012310043169/0000950123-10-043169-index.htm",
    "finalLink": "https://www.sec.gov/Archives/edgar/data/1396009/000095012310043169/g22665e10vq.htm"
  },
  {
    "date": "2009-12-31",
    "symbol": "VMC",
    "reportedCurrency": "USD",
    "cik": "0001396009",
    "fillingDate": "2010-02-26",
    "acceptedDate": "2010-02-26 17:25:32",
    "calendarYear": "2009",
    "period": "Q4",
    "revenue": 590144000,
    "costOfRevenue": 522103000,
    "grossProfit": 68041000,
    "grossProfitRatio": 0.1152955889,
    "researchAndDevelopmentExpenses": 0,
    "generalAndAdministrativeExpenses": 0,
    "sellingAndMarketingExpenses": 0,
    "sellingGeneralAndAdministrativeExpenses": 82979000,
    "otherExpenses": -16330000,
    "operatingExpenses": 66649000,
    "costAndExpenses": 588752000,
    "interestIncome": 368000,
    "interestExpense": 43319000,
    "depreciationAndAmortization": 96454000,
    "ebitda": 98943000,
    "ebitdaratio": 0.1676590798,
    "operatingIncome": 1392000,
    "operatingIncomeRatio": 0.0023587463,
    "totalOtherIncomeExpensesNet": -42222000,
    "incomeBeforeTax": -40830000,
    "incomeBeforeTaxRatio": -0.0691865036,
    "incomeTaxExpense": -28248000,
    "netIncome": -13349000,
    "netIncomeRatio": -0.0226199029,
    "eps": -0.11,
    "epsdiluted": -0.11,
    "weightedAverageShsOut": 125965000,
    "weightedAverageShsOutDil": 126692000,
    "link": "https://www.sec.gov/Archives/edgar/data/1396009/000095012310018400/0000950123-10-018400-index.htm",
    "finalLink": "https://www.sec.gov/Archives/edgar/data/1396009/000095012310018400/g21744e10vk.htm"
  },
  {
    "date": "2009-09-30",
    "symbol": "VMC",
    "reportedCurrency": "USD",
    "cik": "0001396009",
    "fillingDate": "2009-11-06",
    "acceptedDate": "2009-11-05 20:52:56",
    "calendarYear": "2009",
    "period": "Q3",
    "revenue": 778192000,
    "costOfRevenue": 623712000,
    "grossProfit": 154480000,
    "grossProfitRatio": 0.1985114213,
    "researchAndDevelopmentExpenses": 0,
    "generalAndAdministrativeExpenses": 0,
    "sellingAndMarketingExpenses": 0,
    "sellingGeneralAndAdministrativeExpenses": 79558000,
    "otherExpenses": -7782000,
    "operatingExpenses": 71776000,
    "costAndExpenses": 695488000,
    "interestIncome": 433000,
    "interestExpense": 43952000,
    "depreciationAndAmortization": 99243000,
    "ebitda": 174451000,
    "ebitdaratio": 0.2241747538,
    "operatingIncome": 82704000,
    "operatingIncomeRatio": 0.1062771141,
    "totalOtherIncomeExpensesNet": -40763000,
    "incomeBeforeTax": 41941000,
    "incomeBeforeTaxRatio": 0.0538954397,
    "incomeTaxExpense": -5983000,
    "netIncome": 54232000,
    "netIncomeRatio": 0.0696897424,
    "eps": 0.43,
    "epsdiluted": 0.43,
    "weightedAverageShsOut": 125361000,
    "weightedAverageShsOutDil": 125859000,
    "link": "https://www.sec.gov/Archives/edgar/data/1396009/000095012309058668/0000950123-09-058668-index.htm",
    "finalLink": "https://www.sec.gov/Archives/edgar/data/1396009/000095012309058668/g21112e10vq.htm"
  },
  {
    "date": "2009-06-30",
    "symbol": "VMC",
    "reportedCurrency": "USD",
    "cik": "0001396009",
    "fillingDate": "2009-08-05",
    "acceptedDate": "2009-08-05 17:01:59",
    "calendarYear": "2009",
    "period": "Q2",
    "revenue": 721859000,
    "costOfRevenue": 576025000,
    "grossProfit": 145834000,
    "grossProfitRatio": 0.2020256033,
    "researchAndDevelopmentExpenses": 0,
    "generalAndAdministrativeExpenses": 0,
    "sellingAndMarketingExpenses": 0,
    "sellingGeneralAndAdministrativeExpenses": 79353000,
    "otherExpenses": 797000,
    "operatingExpenses": 80150000,
    "costAndExpenses": 656175000,
    "interestIncome": 687000,
    "interestExpense": 44073000,
    "depreciationAndAmortization": 99600000,
    "ebitda": 168866000,
    "ebitdaratio": 0.2339321114,
    "operatingIncome": 65684000,
    "operatingIncomeRatio": 0.0909928393,
    "totalOtherIncomeExpensesNet": -40491000,
    "incomeBeforeTax": 25193000,
    "incomeBeforeTaxRatio": 0.0349001675,
    "incomeTaxExpense": 9632000,
    "netIncome": 22212000,
    "netIncomeRatio": 0.0307705521,
    "eps": 0.2,
    "epsdiluted": 0.2,
    "weightedAverageShsOut": 113477000,
    "weightedAverageShsOutDil": 113829000,
    "link": "https://www.sec.gov/Archives/edgar/data/1396009/000095012309030370/0000950123-09-030370-index.htm",
    "finalLink": "https://www.sec.gov/Archives/edgar/data/1396009/000095012309030370/g19912e10vq.htm"
  },
  {
    "date": "2009-03-31",
    "symbol": "VMC",
    "reportedCurrency": "USD",
    "cik": "0001396009",
    "fillingDate": "2009-05-05",
    "acceptedDate": "2009-05-05 17:24:14",
    "calendarYear": "2009",
    "period": "Q1",
    "revenue": 600294000,
    "costOfRevenue": 522687000,
    "grossProfit": 77607000,
    "grossProfitRatio": 0.129281652,
    "researchAndDevelopmentExpenses": 0,
    "generalAndAdministrativeExpenses": 0,
    "sellingAndMarketingExpenses": 0,
    "sellingGeneralAndAdministrativeExpenses": 79717000,
    "otherExpenses": -784000,
    "operatingExpenses": 78933000,
    "costAndExpenses": 601620000,
    "interestIncome": 795000,
    "interestExpense": 43919000,
    "depreciationAndAmortization": 99315000,
    "ebitda": 97709000,
    "ebitdaratio": 0.1627685767,
    "operatingIncome": -1326000,
    "operatingIncomeRatio": -0.0022089176,
    "totalOtherIncomeExpensesNet": -44199000,
    "incomeBeforeTax": -45525000,
    "incomeBeforeTaxRatio": -0.0758378395,
    "incomeTaxExpense": -13270000,
    "netIncome": -32780000,
    "netIncomeRatio": -0.0546065761,
    "eps": -0.3,
    "epsdiluted": -0.3,
    "weightedAverageShsOut": 110598000,
    "weightedAverageShsOutDil": 110598000,
    "link": "https://www.sec.gov/Archives/edgar/data/1396009/000095014409003913/0000950144-09-003913-index.htm",
    "finalLink": "https://www.sec.gov/Archives/edgar/data/1396009/000095014409003913/g18930e10vq.htm"
  },
  {
    "date": "2008-12-31",
    "symbol": "VMC",
    "reportedCurrency": "USD",
    "cik": "0001396009",
    "fillingDate": "2009-03-02",
    "acceptedDate": "2009-03-02 15:25:25",
    "calendarYear": "2008",
    "period": "Q4",
    "revenue": 799199000,
    "costOfRevenue": 650009000,
    "grossProfit": 149190000,
    "grossProfitRatio": 0.1866744078,
    "researchAndDevelopmentExpenses": 0,
    "generalAndAdministrativeExpenses": 0,
    "sellingAndMarketingExpenses": 0,
    "sellingGeneralAndAdministrativeExpenses": 88863000,
    "otherExpenses": 244756000,
    "operatingExpenses": 333619000,
    "costAndExpenses": 983628000,
    "interestIncome": 0,
    "interestExpense": 0,
    "depreciationAndAmortization": 97569000,
    "ebitda": 165804000,
    "ebitdaratio": 0.2074627221,
    "operatingIncome": -184429000,
    "operatingIncomeRatio": -0.2307673058,
    "totalOtherIncomeExpensesNet": -47404000,
    "incomeBeforeTax": -231833000,
    "incomeBeforeTaxRatio": -0.2900816943,
    "incomeTaxExpense": -14641000,
    "netIncome": -217853000,
    "netIncomeRatio": -0.2725891799,
    "eps": -1.97,
    "epsdiluted": -1.97,
    "weightedAverageShsOut": 110401000,
    "weightedAverageShsOutDil": 110598000,
    "link": "https://www.sec.gov/Archives/edgar/data/1396009/000095014409001772/0000950144-09-001772-index.htm",
    "finalLink": "https://www.sec.gov/Archives/edgar/data/1396009/000095014409001772/g17356e10vk.htm"
  },
  {
    "date": "2008-09-30",
    "symbol": "VMC",
    "reportedCurrency": "USD",
    "cik": "0001396009",
    "fillingDate": "2008-11-06",
    "acceptedDate": "2008-11-06 16:10:25",
    "calendarYear": "2008",
    "period": "Q3",
    "revenue": 1013349000,
    "costOfRevenue": 812503000,
    "grossProfit": 200846000,
    "grossProfitRatio": 0.1982002252,
    "researchAndDevelopmentExpenses": 0,
    "generalAndAdministrativeExpenses": 0,
    "sellingAndMarketingExpenses": 0,
    "sellingGeneralAndAdministrativeExpenses": 76364000,
    "otherExpenses": -3821000,
    "operatingExpenses": 72543000,
    "costAndExpenses": 885046000,
    "interestIncome": 955000,
    "interestExpense": 44579000,
    "depreciationAndAmortization": 98716000,
    "ebitda": 224149000,
    "ebitdaratio": 0.2211962512,
    "operatingIncome": 128303000,
    "operatingIncomeRatio": 0.1266128451,
    "totalOtherIncomeExpensesNet": -47449000,
    "incomeBeforeTax": 80854000,
    "incomeBeforeTaxRatio": 0.079788898,
    "incomeTaxExpense": 21038000,
    "netIncome": 59050000,
    "netIncomeRatio": 0.0582721254,
    "eps": 0.54,
    "epsdiluted": 0.53,
    "weightedAverageShsOut": 110114000,
    "weightedAverageShsOutDil": 111270000,
    "link": "https://www.sec.gov/Archives/edgar/data/1396009/000095014408008229/0000950144-08-008229-index.htm",
    "finalLink": "https://www.sec.gov/Archives/edgar/data/1396009/000095014408008229/g16474e10vq.htm"
  },
  {
    "date": "2008-06-30",
    "symbol": "VMC",
    "reportedCurrency": "USD",
    "cik": "0001396009",
    "fillingDate": "2008-08-06",
    "acceptedDate": "2008-08-06 16:14:43",
    "calendarYear": "2008",
    "period": "Q2",
    "revenue": 1021551000,
    "costOfRevenue": 776325000,
    "grossProfit": 245226000,
    "grossProfitRatio": 0.2400526259,
    "researchAndDevelopmentExpenses": 0,
    "generalAndAdministrativeExpenses": 0,
    "sellingAndMarketingExpenses": 0,
    "sellingGeneralAndAdministrativeExpenses": 84781000,
    "otherExpenses": -78024000,
    "operatingExpenses": 6757000,
    "costAndExpenses": 783082000,
    "interestIncome": 997000,
    "interestExpense": 38193000,
    "depreciationAndAmortization": 96919000,
    "ebitda": 339829000,
    "ebitdaratio": 0.3326598476,
    "operatingIncome": 238469000,
    "operatingIncomeRatio": 0.2334381739,
    "totalOtherIncomeExpensesNet": -33752000,
    "incomeBeforeTax": 204717000,
    "incomeBeforeTaxRatio": 0.200398218,
    "incomeTaxExpense": 63492000,
    "netIncome": 140755000,
    "netIncomeRatio": 0.1377855829,
    "eps": 1.28,
    "epsdiluted": 1.27,
    "weightedAverageShsOut": 109922000,
    "weightedAverageShsOutDil": 111117000,
    "link": "https://www.sec.gov/Archives/edgar/data/1396009/000095014408006090/0000950144-08-006090-index.htm",
    "finalLink": "https://www.sec.gov/Archives/edgar/data/1396009/000095014408006090/g14581e10vq.htm"
  },
  {
    "date": "2008-03-31",
    "symbol": "VMC",
    "reportedCurrency": "USD",
    "cik": "0001396009",
    "fillingDate": "2008-05-07",
    "acceptedDate": "2008-05-07 15:09:28",
    "calendarYear": "2008",
    "period": "Q1",
    "revenue": 817339000,
    "costOfRevenue": 662889000,
    "grossProfit": 154450000,
    "grossProfitRatio": 0.1889668791,
    "researchAndDevelopmentExpenses": 0,
    "generalAndAdministrativeExpenses": 0,
    "sellingAndMarketingExpenses": 0,
    "sellingGeneralAndAdministrativeExpenses": 92576000,
    "otherExpenses": -4884000,
    "operatingExpenses": 87692000,
    "costAndExpenses": 750581000,
    "interestIncome": 671000,
    "interestExpense": 43458000,
    "depreciationAndAmortization": 95856000,
    "ebitda": 160634000,
    "ebitdaratio": 0.1965328952,
    "operatingIncome": 66758000,
    "operatingIncomeRatio": 0.0816772478,
    "totalOtherIncomeExpensesNet": -45438000,
    "incomeBeforeTax": 21320000,
    "incomeBeforeTaxRatio": 0.0260846479,
    "incomeTaxExpense": 6835000,
    "netIncome": 13933000,
    "netIncomeRatio": 0.0170467823,
    "eps": 0.13,
    "epsdiluted": 0.13,
    "weightedAverageShsOut": 108644000,
    "weightedAverageShsOutDil": 109898000,
    "link": "https://www.sec.gov/Archives/edgar/data/1396009/000095014408003735/0000950144-08-003735-index.htm",
    "finalLink": "https://www.sec.gov/Archives/edgar/data/1396009/000095014408003735/g13251e10vq.htm"
  },
  {
    "date": "2007-12-31",
    "symbol": "VMC",
    "reportedCurrency": "USD",
    "cik": "0001396009",
    "fillingDate": "2008-02-29",
    "acceptedDate": "2008-02-29 12:50:40",
    "calendarYear": "2007",
    "period": "Q4",
    "revenue": 856890000,
    "costOfRevenue": 635807000,
    "grossProfit": 221083000,
    "grossProfitRatio": 0.2580062785,
    "researchAndDevelopmentExpenses": 0,
    "generalAndAdministrativeExpenses": 0,
    "sellingAndMarketingExpenses": 0,
    "sellingGeneralAndAdministrativeExpenses": 77496000,
    "otherExpenses": -2150000,
    "operatingExpenses": 75346000,
    "costAndExpenses": 711153000,
    "interestIncome": 0,
    "interestExpense": 0,
    "depreciationAndAmortization": 80404000,
    "ebitda": 226141000,
    "ebitdaratio": 0.2639090198,
    "operatingIncome": 145737000,
    "operatingIncomeRatio": 0.1700766726,
    "totalOtherIncomeExpensesNet": -28273000,
    "incomeBeforeTax": 117464000,
    "incomeBeforeTaxRatio": 0.1370817725,
    "incomeTaxExpense": 31325000,
    "netIncome": 84613000,
    "netIncomeRatio": 0.0987442962,
    "eps": 0.78,
    "epsdiluted": 0.77,
    "weightedAverageShsOut": 108644000,
    "weightedAverageShsOutDil": 109898000,
    "link": "https://www.sec.gov/Archives/edgar/data/1396009/000095014408001522/0000950144-08-001522-index.htm",
    "finalLink": "https://www.sec.gov/Archives/edgar/data/1396009/000095014408001522/g11999e10vk.htm"
  },
  {
    "date": "2007-09-30",
    "symbol": "VMC",
    "reportedCurrency": "USD",
    "cik": "0001396009",
    "fillingDate": "2007-09-30",
    "acceptedDate": "2007-09-29 20:00:00",
    "calendarYear": "2007",
    "period": "Q3",
    "revenue": 904866000,
    "costOfRevenue": 627474000,
    "grossProfit": 277392000,
    "grossProfitRatio": 0.3065558878,
    "researchAndDevelopmentExpenses": 0,
    "generalAndAdministrativeExpenses": 0,
    "sellingAndMarketingExpenses": 0,
    "sellingGeneralAndAdministrativeExpenses": 66398000,
    "otherExpenses": -3307000,
    "operatingExpenses": 63091000,
    "costAndExpenses": 690565000,
    "interestIncome": 0,
    "interestExpense": 0,
    "depreciationAndAmortization": 66366000,
    "ebitda": 280667000,
    "ebitdaratio": 0.3101752083,
    "operatingIncome": 214301000,
    "operatingIncomeRatio": 0.2368317519,
    "totalOtherIncomeExpensesNet": -7444000,
    "incomeBeforeTax": 206857000,
    "incomeBeforeTaxRatio": 0.2286051194,
    "incomeTaxExpense": 62929000,
    "netIncome": 135413000,
    "netIncomeRatio": 0.1496497824,
    "eps": 1.41,
    "epsdiluted": 1.38,
    "weightedAverageShsOut": 95763000,
    "weightedAverageShsOutDil": 97888000,
    "link": "",
    "finalLink": ""
  },
  {
    "date": "2007-06-30",
    "symbol": "VMC",
    "reportedCurrency": "USD",
    "cik": "0001396009",
    "fillingDate": "2007-06-30",
    "acceptedDate": "2007-06-29 20:00:00",
    "calendarYear": "2007",
    "period": "Q2",
    "revenue": 878844000,
    "costOfRevenue": 593611000,
    "grossProfit": 285233000,
    "grossProfitRatio": 0.324554756,
    "researchAndDevelopmentExpenses": 0,
    "generalAndAdministrativeExpenses": 0,
    "sellingAndMarketingExpenses": 0,
    "sellingGeneralAndAdministrativeExpenses": 71308000,
    "otherExpenses": -3308000,
    "operatingExpenses": 68000000,
    "costAndExpenses": 661611000,
    "interestIncome": 0,
    "interestExpense": 0,
    "depreciationAndAmortization": 63904000,
    "ebitda": 281137000,
    "ebitdaratio": 0.3198940881,
    "operatingIncome": 217233000,
    "operatingIncomeRatio": 0.247180387,
    "totalOtherIncomeExpensesNet": -7087000,
    "incomeBeforeTax": 210146000,
    "incomeBeforeTaxRatio": 0.2391163847,
    "incomeTaxExpense": 66465000,
    "netIncome": 142011000,
    "netIncomeRatio": 0.1615884048,
    "eps": 1.49,
    "epsdiluted": 1.45,
    "weightedAverageShsOut": 95578000,
    "weightedAverageShsOutDil": 98157000,
    "link": "",
    "finalLink": ""
  },
  {
    "date": "2007-03-31",
    "symbol": "VMC",
    "reportedCurrency": "USD",
    "cik": "0001396009",
    "fillingDate": "2007-03-31",
    "acceptedDate": "2007-03-30 20:00:00",
    "calendarYear": "2007",
    "period": "Q1",
    "revenue": 687187000,
    "costOfRevenue": 519992000,
    "grossProfit": 167195000,
    "grossProfitRatio": 0.2433034967,
    "researchAndDevelopmentExpenses": 0,
    "generalAndAdministrativeExpenses": 0,
    "sellingAndMarketingExpenses": 0,
    "sellingGeneralAndAdministrativeExpenses": 74402000,
    "otherExpenses": -44353000,
    "operatingExpenses": 30049000,
    "costAndExpenses": 550041000,
    "interestIncome": 0,
    "interestExpense": 0,
    "depreciationAndAmortization": 60801000,
    "ebitda": 197947000,
    "ebitdaratio": 0.2880540522,
    "operatingIncome": 137146000,
    "operatingIncomeRatio": 0.1995759524,
    "totalOtherIncomeExpensesNet": -4110000,
    "incomeBeforeTax": 133036000,
    "incomeBeforeTaxRatio": 0.1935950476,
    "incomeTaxExpense": 43697000,
    "netIncome": 88874000,
    "netIncomeRatio": 0.1293301532,
    "eps": 0.93,
    "epsdiluted": 0.91,
    "weightedAverageShsOut": 95172000,
    "weightedAverageShsOutDil": 97778000,
    "link": "",
    "finalLink": ""
  },
  {
    "date": "2006-12-31",
    "symbol": "VMC",
    "reportedCurrency": "USD",
    "cik": "0001396009",
    "fillingDate": "2006-12-31",
    "acceptedDate": "2006-12-30 19:00:00",
    "calendarYear": "2006",
    "period": "Q4",
    "revenue": 816304000,
    "costOfRevenue": 578997000,
    "grossProfit": 237307000,
    "grossProfitRatio": 0.2907090986,
    "researchAndDevelopmentExpenses": 0,
    "generalAndAdministrativeExpenses": 0,
    "sellingAndMarketingExpenses": 0,
    "sellingGeneralAndAdministrativeExpenses": 93128000,
    "otherExpenses": -27461000,
    "operatingExpenses": 65667000,
    "costAndExpenses": 644664000,
    "interestIncome": 0,
    "interestExpense": 0,
    "depreciationAndAmortization": 59078000,
    "ebitda": 230718000,
    "ebitdaratio": 0.2826373508,
    "operatingIncome": 171640000,
    "operatingIncomeRatio": 0.2102648033,
    "totalOtherIncomeExpensesNet": -4602000,
    "incomeBeforeTax": 167038000,
    "incomeBeforeTaxRatio": 0.2046271977,
    "incomeTaxExpense": 51991000,
    "netIncome": 113860000,
    "netIncomeRatio": 0.1394823497,
    "eps": 1.2,
    "epsdiluted": 1.16,
    "weightedAverageShsOut": 95172000,
    "weightedAverageShsOutDil": 97778000,
    "link": "",
    "finalLink": ""
  },
  {
    "date": "2006-09-30",
    "symbol": "VMC",
    "reportedCurrency": "USD",
    "cik": "0001396009",
    "fillingDate": "2006-09-30",
    "acceptedDate": "2006-09-29 20:00:00",
    "calendarYear": "2006",
    "period": "Q3",
    "revenue": 929321000,
    "costOfRevenue": 656033000,
    "grossProfit": 273288000,
    "grossProfitRatio": 0.2940727693,
    "researchAndDevelopmentExpenses": 0,
    "generalAndAdministrativeExpenses": 0,
    "sellingAndMarketingExpenses": 0,
    "sellingGeneralAndAdministrativeExpenses": 66570000,
    "otherExpenses": 0,
    "operatingExpenses": 66570000,
    "costAndExpenses": 722603000,
    "interestIncome": 0,
    "interestExpense": 0,
    "depreciationAndAmortization": 56757000,
    "ebitda": 263475000,
    "ebitdaratio": 0.2835134469,
    "operatingIncome": 206718000,
    "operatingIncomeRatio": 0.2224398243,
    "totalOtherIncomeExpensesNet": -1989000,
    "incomeBeforeTax": 204729000,
    "incomeBeforeTaxRatio": 0.220299552,
    "incomeTaxExpense": 63421000,
    "netIncome": 136065000,
    "netIncomeRatio": 0.1464133491,
    "eps": 1.42,
    "epsdiluted": 1.39,
    "weightedAverageShsOut": 95708000,
    "weightedAverageShsOutDil": 97679000,
    "link": "",
    "finalLink": ""
  },
  {
    "date": "2006-06-30",
    "symbol": "VMC",
    "reportedCurrency": "USD",
    "cik": "0001396009",
    "fillingDate": "2006-06-30",
    "acceptedDate": "2006-06-29 20:00:00",
    "calendarYear": "2006",
    "period": "Q2",
    "revenue": 888162000,
    "costOfRevenue": 630279000,
    "grossProfit": 257883000,
    "grossProfitRatio": 0.2903558135,
    "researchAndDevelopmentExpenses": 0,
    "generalAndAdministrativeExpenses": 0,
    "sellingAndMarketingExpenses": 0,
    "sellingGeneralAndAdministrativeExpenses": 65151000,
    "otherExpenses": -25392000,
    "operatingExpenses": 39759000,
    "costAndExpenses": 670038000,
    "interestIncome": 0,
    "interestExpense": 0,
    "depreciationAndAmortization": 55170000,
    "ebitda": 273294000,
    "ebitdaratio": 0.3077073777,
    "operatingIncome": 218124000,
    "operatingIncomeRatio": 0.2455903315,
    "totalOtherIncomeExpensesNet": 32106000,
    "incomeBeforeTax": 224486000,
    "incomeBeforeTaxRatio": 0.2527534391,
    "incomeTaxExpense": 75080000,
    "netIncome": 150633000,
    "netIncomeRatio": 0.1696008161,
    "eps": 1.51,
    "epsdiluted": 1.48,
    "weightedAverageShsOut": 99430000,
    "weightedAverageShsOutDil": 101636000,
    "link": "",
    "finalLink": ""
  },
  {
    "date": "2006-03-31",
    "symbol": "VMC",
    "reportedCurrency": "USD",
    "cik": "0001396009",
    "fillingDate": "2006-03-31",
    "acceptedDate": "2006-03-30 19:00:00",
    "calendarYear": "2006",
    "period": "Q1",
    "revenue": 708687000,
    "costOfRevenue": 544793000,
    "grossProfit": 163894000,
    "grossProfitRatio": 0.2312642958,
    "researchAndDevelopmentExpenses": 0,
    "generalAndAdministrativeExpenses": 0,
    "sellingAndMarketingExpenses": 0,
    "sellingGeneralAndAdministrativeExpenses": 65012000,
    "otherExpenses": -132000,
    "operatingExpenses": 64880000,
    "costAndExpenses": 609673000,
    "interestIncome": 0,
    "interestExpense": 0,
    "depreciationAndAmortization": 53691000,
    "ebitda": 152936000,
    "ebitdaratio": 0.2158018984,
    "operatingIncome": 99014000,
    "operatingIncomeRatio": 0.1397147119,
    "totalOtherIncomeExpensesNet": 8455000,
    "incomeBeforeTax": 107208000,
    "incomeBeforeTaxRatio": 0.1512769389,
    "incomeTaxExpense": 35471000,
    "netIncome": 70085000,
    "netIncomeRatio": 0.0988941521,
    "eps": 0.7,
    "epsdiluted": 0.68,
    "weightedAverageShsOut": 100552000,
    "weightedAverageShsOutDil": 102346000,
    "link": "",
    "finalLink": ""
  },
  {
    "date": "2005-12-31",
    "symbol": "VMC",
    "reportedCurrency": "USD",
    "cik": "0001396009",
    "fillingDate": "2005-12-31",
    "acceptedDate": "2005-12-30 19:00:00",
    "calendarYear": "2005",
    "period": "Q4",
    "revenue": 754621000,
    "costOfRevenue": 576009000,
    "grossProfit": 178612000,
    "grossProfitRatio": 0.2366910012,
    "researchAndDevelopmentExpenses": 0,
    "generalAndAdministrativeExpenses": 0,
    "sellingAndMarketingExpenses": 0,
    "sellingGeneralAndAdministrativeExpenses": 66709000,
    "otherExpenses": -32673000,
    "operatingExpenses": 34036000,
    "costAndExpenses": 610045000,
    "interestIncome": 0,
    "interestExpense": 0,
    "depreciationAndAmortization": 57564000,
    "ebitda": 202140000,
    "ebitdaratio": 0.2678695663,
    "operatingIncome": 144576000,
    "operatingIncomeRatio": 0.1915875651,
    "totalOtherIncomeExpensesNet": -17521000,
    "incomeBeforeTax": 127055000,
    "incomeBeforeTaxRatio": 0.1683692874,
    "incomeTaxExpense": 34927000,
    "netIncome": 90643000,
    "netIncomeRatio": 0.1201172509,
    "eps": 0.9,
    "epsdiluted": 0.89,
    "weightedAverageShsOut": 100552000,
    "weightedAverageShsOutDil": 102346000,
    "link": "",
    "finalLink": ""
  },
  {
    "date": "2005-09-30",
    "symbol": "VMC",
    "reportedCurrency": "USD",
    "cik": "0001396009",
    "fillingDate": "2005-09-30",
    "acceptedDate": "2005-09-29 20:00:00",
    "calendarYear": "2005",
    "period": "Q3",
    "revenue": 830016000,
    "costOfRevenue": 602760000,
    "grossProfit": 227256000,
    "grossProfitRatio": 0.2737971316,
    "researchAndDevelopmentExpenses": 0,
    "generalAndAdministrativeExpenses": 0,
    "sellingAndMarketingExpenses": 0,
    "sellingGeneralAndAdministrativeExpenses": 62350000,
    "otherExpenses": 0,
    "operatingExpenses": 62350000,
    "costAndExpenses": 665110000,
    "interestIncome": 0,
    "interestExpense": 0,
    "depreciationAndAmortization": 55753000,
    "ebitda": 220659000,
    "ebitdaratio": 0.2658490921,
    "operatingIncome": 164906000,
    "operatingIncomeRatio": 0.1986780978,
    "totalOtherIncomeExpensesNet": 8007000,
    "incomeBeforeTax": 172913000,
    "incomeBeforeTaxRatio": 0.2083248998,
    "incomeTaxExpense": 44592000,
    "netIncome": 122216000,
    "netIncomeRatio": 0.1472453543,
    "eps": 1.19,
    "epsdiluted": 1.17,
    "weightedAverageShsOut": 102320000,
    "weightedAverageShsOutDil": 104397000,
    "link": "",
    "finalLink": ""
  },
  {
    "date": "2005-06-30",
    "symbol": "VMC",
    "reportedCurrency": "USD",
    "cik": "0001396009",
    "fillingDate": "2005-06-30",
    "acceptedDate": "2005-06-29 20:00:00",
    "calendarYear": "2005",
    "period": "Q2",
    "revenue": 782074000,
    "costOfRevenue": 571699000,
    "grossProfit": 210375000,
    "grossProfitRatio": 0.2689962842,
    "researchAndDevelopmentExpenses": 0,
    "generalAndAdministrativeExpenses": 0,
    "sellingAndMarketingExpenses": 0,
    "sellingGeneralAndAdministrativeExpenses": 55688000,
    "otherExpenses": 0,
    "operatingExpenses": 55688000,
    "costAndExpenses": 627387000,
    "interestIncome": 0,
    "interestExpense": 0,
    "depreciationAndAmortization": 54978000,
    "ebitda": 209665000,
    "ebitdaratio": 0.2680884418,
    "operatingIncome": 154687000,
    "operatingIncomeRatio": 0.1977907461,
    "totalOtherIncomeExpensesNet": -6971000,
    "incomeBeforeTax": 147716000,
    "incomeBeforeTaxRatio": 0.1888772674,
    "incomeTaxExpense": 45764000,
    "netIncome": 121547000,
    "netIncomeRatio": 0.1554162394,
    "eps": 1.19,
    "epsdiluted": 1.17,
    "weightedAverageShsOut": 102259000,
    "weightedAverageShsOutDil": 104026000,
    "link": "",
    "finalLink": ""
  },
  {
    "date": "2005-03-31",
    "symbol": "VMC",
    "reportedCurrency": "USD",
    "cik": "0001396009",
    "fillingDate": "2005-03-31",
    "acceptedDate": "2005-03-30 19:00:00",
    "calendarYear": "2005",
    "period": "Q1",
    "revenue": 528616000,
    "costOfRevenue": 439412000,
    "grossProfit": 89204000,
    "grossProfitRatio": 0.1687500946,
    "researchAndDevelopmentExpenses": 0,
    "generalAndAdministrativeExpenses": 0,
    "sellingAndMarketingExpenses": 0,
    "sellingGeneralAndAdministrativeExpenses": 51436000,
    "otherExpenses": -3029000,
    "operatingExpenses": 48407000,
    "costAndExpenses": 487819000,
    "interestIncome": 0,
    "interestExpense": 0,
    "depreciationAndAmortization": 52661000,
    "ebitda": 90429000,
    "ebitdaratio": 0.1710674667,
    "operatingIncome": 40797000,
    "operatingIncomeRatio": 0.0771770056,
    "totalOtherIncomeExpensesNet": -5215000,
    "incomeBeforeTax": 32553000,
    "incomeBeforeTaxRatio": 0.0615815639,
    "incomeTaxExpense": 11119000,
    "netIncome": 54351000,
    "netIncomeRatio": 0.1028175462,
    "eps": 0.53,
    "epsdiluted": 0.52,
    "weightedAverageShsOut": 102935000,
    "weightedAverageShsOutDil": 104612000,
    "link": "",
    "finalLink": ""
  },
  {
    "date": "2004-12-31",
    "symbol": "VMC",
    "reportedCurrency": "USD",
    "cik": "0001396009",
    "fillingDate": "2004-12-31",
    "acceptedDate": "2004-12-30 19:00:00",
    "calendarYear": "2004",
    "period": "Q4",
    "revenue": 129360000,
    "costOfRevenue": 30610000,
    "grossProfit": 98750000,
    "grossProfitRatio": 0.7633735312,
    "researchAndDevelopmentExpenses": 0,
    "generalAndAdministrativeExpenses": 0,
    "sellingAndMarketingExpenses": 0,
    "sellingGeneralAndAdministrativeExpenses": 35087000,
    "otherExpenses": -204541000,
    "operatingExpenses": -169454000,
    "costAndExpenses": -138844000,
    "interestIncome": 0,
    "interestExpense": 0,
    "depreciationAndAmortization": 54003000,
    "ebitda": 117666000,
    "ebitdaratio": 0.9096011132,
    "operatingIncome": 268204000,
    "operatingIncomeRatio": 2.0733147805,
    "totalOtherIncomeExpensesNet": -185242000,
    "incomeBeforeTax": 82962000,
    "incomeBeforeTaxRatio": 0.6413265306,
    "incomeTaxExpense": 24497000,
    "netIncome": 85632000,
    "netIncomeRatio": 0.6619666048,
    "eps": 0.83,
    "epsdiluted": 0.82,
    "weightedAverageShsOut": 102935000,
    "weightedAverageShsOutDil": 104612000,
    "link": "",
    "finalLink": ""
  },
  {
    "date": "2004-09-30",
    "symbol": "VMC",
    "reportedCurrency": "USD",
    "cik": "0001396009",
    "fillingDate": "2004-09-30",
    "acceptedDate": "2004-09-29 20:00:00",
    "calendarYear": "2004",
    "period": "Q3",
    "revenue": 723375000,
    "costOfRevenue": 526162000,
    "grossProfit": 197213000,
    "grossProfitRatio": 0.272628996,
    "researchAndDevelopmentExpenses": 0,
    "generalAndAdministrativeExpenses": 0,
    "sellingAndMarketingExpenses": 0,
    "sellingGeneralAndAdministrativeExpenses": 51188000,
    "otherExpenses": 0,
    "operatingExpenses": 51188000,
    "costAndExpenses": 577350000,
    "interestIncome": 0,
    "interestExpense": 0,
    "depreciationAndAmortization": 63801000,
    "ebitda": 209826000,
    "ebitdaratio": 0.2900653188,
    "operatingIncome": 146025000,
    "operatingIncomeRatio": 0.2018662519,
    "totalOtherIncomeExpensesNet": 5874000,
    "incomeBeforeTax": 151899000,
    "incomeBeforeTaxRatio": 0.2099865215,
    "incomeTaxExpense": 52778000,
    "netIncome": 98962000,
    "netIncomeRatio": 0.1368059444,
    "eps": 0.97,
    "epsdiluted": 0.96,
    "weightedAverageShsOut": 102502000,
    "weightedAverageShsOutDil": 103659000,
    "link": "",
    "finalLink": ""
  },
  {
    "date": "2004-06-30",
    "symbol": "VMC",
    "reportedCurrency": "USD",
    "cik": "0001396009",
    "fillingDate": "2004-06-30",
    "acceptedDate": "2004-06-29 20:00:00",
    "calendarYear": "2004",
    "period": "Q2",
    "revenue": 647908000,
    "costOfRevenue": 484535000,
    "grossProfit": 163373000,
    "grossProfitRatio": 0.2521546269,
    "researchAndDevelopmentExpenses": 0,
    "generalAndAdministrativeExpenses": 0,
    "sellingAndMarketingExpenses": 0,
    "sellingGeneralAndAdministrativeExpenses": 50112000,
    "otherExpenses": 0,
    "operatingExpenses": 50112000,
    "costAndExpenses": 534647000,
    "interestIncome": 0,
    "interestExpense": 0,
    "depreciationAndAmortization": 63752000,
    "ebitda": 177013000,
    "ebitdaratio": 0.2732069985,
    "operatingIncome": 113261000,
    "operatingIncomeRatio": 0.1748103126,
    "totalOtherIncomeExpensesNet": 4555000,
    "incomeBeforeTax": 117816000,
    "incomeBeforeTaxRatio": 0.1818406317,
    "incomeTaxExpense": 29891000,
    "netIncome": 87796000,
    "netIncomeRatio": 0.135506893,
    "eps": 0.86,
    "epsdiluted": 0.85,
    "weightedAverageShsOut": 102389000,
    "weightedAverageShsOutDil": 103454000,
    "link": "",
    "finalLink": ""
  },
  {
    "date": "2004-03-31",
    "symbol": "VMC",
    "reportedCurrency": "USD",
    "cik": "0001396009",
    "fillingDate": "2004-03-31",
    "acceptedDate": "2004-03-30 19:00:00",
    "calendarYear": "2004",
    "period": "Q1",
    "revenue": 474399000,
    "costOfRevenue": 390494000,
    "grossProfit": 83905000,
    "grossProfitRatio": 0.1768658872,
    "researchAndDevelopmentExpenses": 0,
    "generalAndAdministrativeExpenses": 0,
    "sellingAndMarketingExpenses": 0,
    "sellingGeneralAndAdministrativeExpenses": 44219000,
    "otherExpenses": 0,
    "operatingExpenses": 44219000,
    "costAndExpenses": 434713000,
    "interestIncome": 0,
    "interestExpense": 0,
    "depreciationAndAmortization": 63494000,
    "ebitda": 103180000,
    "ebitdaratio": 0.2174962426,
    "operatingIncome": 39686000,
    "operatingIncomeRatio": 0.0836553197,
    "totalOtherIncomeExpensesNet": -9418000,
    "incomeBeforeTax": 22889000,
    "incomeBeforeTaxRatio": 0.0482484154,
    "incomeTaxExpense": 7187000,
    "netIncome": 14995000,
    "netIncomeRatio": 0.031608414,
    "eps": 0.15,
    "epsdiluted": 0.14,
    "weightedAverageShsOut": 102188000,
    "weightedAverageShsOutDil": 103425000,
    "link": "",
    "finalLink": ""
  },
  {
    "date": "2003-12-31",
    "symbol": "VMC",
    "reportedCurrency": "USD",
    "cik": "0001396009",
    "fillingDate": "2003-12-31",
    "acceptedDate": "2003-12-30 19:00:00",
    "calendarYear": "2003",
    "period": "Q4",
    "revenue": 728735000,
    "costOfRevenue": 569205000,
    "grossProfit": 159530000,
    "grossProfitRatio": 0.2189135968,
    "researchAndDevelopmentExpenses": 0,
    "generalAndAdministrativeExpenses": 0,
    "sellingAndMarketingExpenses": 0,
    "sellingGeneralAndAdministrativeExpenses": 43552000,
    "otherExpenses": 0,
    "operatingExpenses": 43552000,
    "costAndExpenses": 612757000,
    "interestIncome": 0,
    "interestExpense": 0,
    "depreciationAndAmortization": 68994000,
    "ebitda": 184972000,
    "ebitdaratio": 0.2538261508,
    "operatingIncome": 115978000,
    "operatingIncomeRatio": 0.1591497595,
    "totalOtherIncomeExpensesNet": -27483000,
    "incomeBeforeTax": 88495000,
    "incomeBeforeTaxRatio": 0.1214364618,
    "incomeTaxExpense": 27557000,
    "netIncome": 57328000,
    "netIncomeRatio": 0.0786678285,
    "eps": 0.56,
    "epsdiluted": 0.55,
    "weightedAverageShsOut": 102188000,
    "weightedAverageShsOutDil": 103425000,
    "link": "",
    "finalLink": ""
  },
  {
    "date": "2003-09-30",
    "symbol": "VMC",
    "reportedCurrency": "USD",
    "cik": "0001396009",
    "fillingDate": "2003-09-30",
    "acceptedDate": "2003-09-29 20:00:00",
    "calendarYear": "2003",
    "period": "Q3",
    "revenue": 829905000,
    "costOfRevenue": 633223000,
    "grossProfit": 196682000,
    "grossProfitRatio": 0.2369933908,
    "researchAndDevelopmentExpenses": 0,
    "generalAndAdministrativeExpenses": 0,
    "sellingAndMarketingExpenses": 0,
    "sellingGeneralAndAdministrativeExpenses": 60225000,
    "otherExpenses": 0,
    "operatingExpenses": 60225000,
    "costAndExpenses": 693448000,
    "interestIncome": 0,
    "interestExpense": 0,
    "depreciationAndAmortization": 71023000,
    "ebitda": 207480000,
    "ebitdaratio": 0.2500045186,
    "operatingIncome": 136457000,
    "operatingIncomeRatio": 0.1644248438,
    "totalOtherIncomeExpensesNet": -11327000,
    "incomeBeforeTax": 125130000,
    "incomeBeforeTaxRatio": 0.1507762937,
    "incomeTaxExpense": 31074000,
    "netIncome": 99149000,
    "netIncomeRatio": 0.1194703008,
    "eps": 0.97,
    "epsdiluted": 0.96,
    "weightedAverageShsOut": 101859000,
    "weightedAverageShsOutDil": 102805000,
    "link": "",
    "finalLink": ""
  },
  {
    "date": "2003-06-30",
    "symbol": "VMC",
    "reportedCurrency": "USD",
    "cik": "0001396009",
    "fillingDate": "2003-06-30",
    "acceptedDate": "2003-06-29 20:00:00",
    "calendarYear": "2003",
    "period": "Q2",
    "revenue": 766815000,
    "costOfRevenue": 608748000,
    "grossProfit": 158067000,
    "grossProfitRatio": 0.2061344653,
    "researchAndDevelopmentExpenses": 0,
    "generalAndAdministrativeExpenses": 0,
    "sellingAndMarketingExpenses": 0,
    "sellingGeneralAndAdministrativeExpenses": 56885000,
    "otherExpenses": 0,
    "operatingExpenses": 56885000,
    "costAndExpenses": 665633000,
    "interestIncome": 0,
    "interestExpense": 0,
    "depreciationAndAmortization": 69356000,
    "ebitda": 170538000,
    "ebitdaratio": 0.2223978404,
    "operatingIncome": 101182000,
    "operatingIncomeRatio": 0.1319509921,
    "totalOtherIncomeExpensesNet": -6454000,
    "incomeBeforeTax": 94728000,
    "incomeBeforeTaxRatio": 0.1235343597,
    "incomeTaxExpense": 28410000,
    "netIncome": 56024000,
    "netIncomeRatio": 0.073060647,
    "eps": 0.55,
    "epsdiluted": 0.55,
    "weightedAverageShsOut": 101798000,
    "weightedAverageShsOutDil": 102571000,
    "link": "",
    "finalLink": ""
  },
  {
    "date": "2003-03-31",
    "symbol": "VMC",
    "reportedCurrency": "USD",
    "cik": "0001396009",
    "fillingDate": "2003-03-31",
    "acceptedDate": "2003-03-30 19:00:00",
    "calendarYear": "2003",
    "period": "Q1",
    "revenue": 566731000,
    "costOfRevenue": 501794000,
    "grossProfit": 64937000,
    "grossProfitRatio": 0.1145816975,
    "researchAndDevelopmentExpenses": 0,
    "generalAndAdministrativeExpenses": 0,
    "sellingAndMarketingExpenses": 0,
    "sellingGeneralAndAdministrativeExpenses": 50656000,
    "otherExpenses": -4550000,
    "operatingExpenses": 46106000,
    "costAndExpenses": 547900000,
    "interestIncome": 0,
    "interestExpense": 0,
    "depreciationAndAmortization": 67718000,
    "ebitda": 81999000,
    "ebitdaratio": 0.1446876913,
    "operatingIncome": 18831000,
    "operatingIncomeRatio": 0.0332274042,
    "totalOtherIncomeExpensesNet": -6335000,
    "incomeBeforeTax": 1810000,
    "incomeBeforeTaxRatio": 0.0031937551,
    "incomeTaxExpense": 549000,
    "netIncome": -17550000,
    "netIncomeRatio": -0.0309670726,
    "eps": -0.17,
    "epsdiluted": -0.17,
    "weightedAverageShsOut": 101779000,
    "weightedAverageShsOutDil": 102371000,
    "link": "",
    "finalLink": ""
  },
  {
    "date": "2002-12-31",
    "symbol": "VMC",
    "reportedCurrency": "USD",
    "cik": "0001396009",
    "fillingDate": "2002-12-31",
    "acceptedDate": "2002-12-30 19:00:00",
    "calendarYear": "2002",
    "period": "Q4",
    "revenue": 675969000,
    "costOfRevenue": 557577000,
    "grossProfit": 118392000,
    "grossProfitRatio": 0.1751441264,
    "researchAndDevelopmentExpenses": 0,
    "generalAndAdministrativeExpenses": 0,
    "sellingAndMarketingExpenses": 0,
    "sellingGeneralAndAdministrativeExpenses": 63703000,
    "otherExpenses": 0,
    "operatingExpenses": 63703000,
    "costAndExpenses": 621280000,
    "interestIncome": 0,
    "interestExpense": 0,
    "depreciationAndAmortization": 69446000,
    "ebitda": 124135000,
    "ebitdaratio": 0.1836400782,
    "operatingIncome": 54689000,
    "operatingIncomeRatio": 0.0809045977,
    "totalOtherIncomeExpensesNet": -7730000,
    "incomeBeforeTax": 46959000,
    "incomeBeforeTaxRatio": 0.069469162,
    "incomeTaxExpense": 10358000,
    "netIncome": 36601000,
    "netIncomeRatio": 0.0541459741,
    "eps": 0.36,
    "epsdiluted": 0.36,
    "weightedAverageShsOut": 101779000,
    "weightedAverageShsOutDil": 102371000,
    "link": "",
    "finalLink": ""
  },
  {
    "date": "2002-09-30",
    "symbol": "VMC",
    "reportedCurrency": "USD",
    "cik": "0001396009",
    "fillingDate": "2002-09-30",
    "acceptedDate": "2002-09-30 00:00:00",
    "calendarYear": "2002",
    "period": "Q3",
    "revenue": 748889000,
    "costOfRevenue": 585098000,
    "grossProfit": 163791000,
    "grossProfitRatio": 0.2187119854,
    "researchAndDevelopmentExpenses": 0,
    "generalAndAdministrativeExpenses": 0,
    "sellingAndMarketingExpenses": 0,
    "sellingGeneralAndAdministrativeExpenses": 52804000,
    "otherExpenses": 0,
    "operatingExpenses": 52804000,
    "costAndExpenses": 637902000,
    "interestIncome": 0,
    "interestExpense": 0,
    "depreciationAndAmortization": 68982000,
    "ebitda": 179969000,
    "ebitdaratio": 0.2403146528,
    "operatingIncome": 110987000,
    "operatingIncomeRatio": 0.1482022035,
    "totalOtherIncomeExpensesNet": -7918000,
    "incomeBeforeTax": 101491000,
    "incomeBeforeTaxRatio": 0.1355220867,
    "incomeTaxExpense": 24672000,
    "netIncome": 76819000,
    "netIncomeRatio": 0.1025772845,
    "eps": 0.75,
    "epsdiluted": 0.75,
    "weightedAverageShsOut": 101749000,
    "weightedAverageShsOutDil": 102482000,
    "link": null,
    "finalLink": null
  },
  {
    "date": "2002-06-30",
    "symbol": "VMC",
    "reportedCurrency": "USD",
    "cik": "0001396009",
    "fillingDate": "2002-06-30",
    "acceptedDate": "2002-06-30 00:00:00",
    "calendarYear": "2002",
    "period": "Q2",
    "revenue": 708886000,
    "costOfRevenue": 554847000,
    "grossProfit": 154039000,
    "grossProfitRatio": 0.2172972805,
    "researchAndDevelopmentExpenses": 0,
    "generalAndAdministrativeExpenses": 0,
    "sellingAndMarketingExpenses": 0,
    "sellingGeneralAndAdministrativeExpenses": 51069000,
    "otherExpenses": 0,
    "operatingExpenses": 51069000,
    "costAndExpenses": 605916000,
    "interestIncome": 0,
    "interestExpense": 0,
    "depreciationAndAmortization": 66144000,
    "ebitda": 169114000,
    "ebitdaratio": 0.2385630412,
    "operatingIncome": 102970000,
    "operatingIncomeRatio": 0.1452560778,
    "totalOtherIncomeExpensesNet": -7220000,
    "incomeBeforeTax": 92580000,
    "incomeBeforeTaxRatio": 0.1305992783,
    "incomeTaxExpense": 27211000,
    "netIncome": 65369000,
    "netIncomeRatio": 0.0922136987,
    "eps": 0.64,
    "epsdiluted": 0.64,
    "weightedAverageShsOut": 101706000,
    "weightedAverageShsOutDil": 102747000,
    "link": null,
    "finalLink": null
  },
  {
    "date": "2002-03-31",
    "symbol": "VMC",
    "reportedCurrency": "USD",
    "cik": "0001396009",
    "fillingDate": "2002-03-31",
    "acceptedDate": "2002-03-31 00:00:00",
    "calendarYear": "2002",
    "period": "Q1",
    "revenue": 587081000,
    "costOfRevenue": 496780000,
    "grossProfit": 90301000,
    "grossProfitRatio": 0.1538135283,
    "researchAndDevelopmentExpenses": 0,
    "generalAndAdministrativeExpenses": 0,
    "sellingAndMarketingExpenses": 0,
    "sellingGeneralAndAdministrativeExpenses": 60724000,
    "otherExpenses": 0,
    "operatingExpenses": 60724000,
    "costAndExpenses": 557504000,
    "interestIncome": 0,
    "interestExpense": 0,
    "depreciationAndAmortization": 63104000,
    "ebitda": 92681000,
    "ebitdaratio": 0.1578674834,
    "operatingIncome": 29577000,
    "operatingIncomeRatio": 0.0503797602,
    "totalOtherIncomeExpensesNet": -12947000,
    "incomeBeforeTax": 16630000,
    "incomeBeforeTaxRatio": 0.0283265853,
    "incomeTaxExpense": 5006000,
    "netIncome": 11624000,
    "netIncomeRatio": 0.0197996529,
    "eps": 0.11,
    "epsdiluted": 0.11,
    "weightedAverageShsOut": 101614000,
    "weightedAverageShsOutDil": 102639000,
    "link": null,
    "finalLink": null
  },
  {
    "date": "2001-12-31",
    "symbol": "VMC",
    "reportedCurrency": "USD",
    "cik": "0001396009",
    "fillingDate": "2001-12-31",
    "acceptedDate": "2001-12-31 00:00:00",
    "calendarYear": "2001",
    "period": "Q4",
    "revenue": 728129000,
    "costOfRevenue": 574913000,
    "grossProfit": 153216000,
    "grossProfitRatio": 0.2104242517,
    "researchAndDevelopmentExpenses": 0,
    "generalAndAdministrativeExpenses": 0,
    "sellingAndMarketingExpenses": 0,
    "sellingGeneralAndAdministrativeExpenses": 73712000,
    "otherExpenses": 0,
    "operatingExpenses": 73712000,
    "costAndExpenses": 648625000,
    "interestIncome": 0,
    "interestExpense": 0,
    "depreciationAndAmortization": 68882000,
    "ebitda": 148386000,
    "ebitdaratio": 0.2037908118,
    "operatingIncome": 79504000,
    "operatingIncomeRatio": 0.1091894431,
    "totalOtherIncomeExpensesNet": -15067000,
    "incomeBeforeTax": 64437000,
    "incomeBeforeTaxRatio": 0.0884966812,
    "incomeTaxExpense": 19334000,
    "netIncome": 45103000,
    "netIncomeRatio": 0.061943694,
    "eps": 0.44,
    "epsdiluted": 0.44,
    "weightedAverageShsOut": 101614000,
    "weightedAverageShsOutDil": 102639000,
    "link": null,
    "finalLink": null
  },
  {
    "date": "2001-09-30",
    "symbol": "VMC",
    "reportedCurrency": "USD",
    "cik": "0001396009",
    "fillingDate": "2001-09-30",
    "acceptedDate": "2001-09-30 00:00:00",
    "calendarYear": "2001",
    "period": "Q3",
    "revenue": 843118000,
    "costOfRevenue": 631270000,
    "grossProfit": 211848000,
    "grossProfitRatio": 0.2512673196,
    "researchAndDevelopmentExpenses": 0,
    "generalAndAdministrativeExpenses": 0,
    "sellingAndMarketingExpenses": 0,
    "sellingGeneralAndAdministrativeExpenses": 67702000,
    "otherExpenses": 0,
    "operatingExpenses": 67702000,
    "costAndExpenses": 698972000,
    "interestIncome": 0,
    "interestExpense": 0,
    "depreciationAndAmortization": 72410000,
    "ebitda": 216556000,
    "ebitdaratio": 0.2568513541,
    "operatingIncome": 144146000,
    "operatingIncomeRatio": 0.1709677649,
    "totalOtherIncomeExpensesNet": -11917000,
    "incomeBeforeTax": 132229000,
    "incomeBeforeTaxRatio": 0.1568333258,
    "incomeTaxExpense": 40001000,
    "netIncome": 92228000,
    "netIncomeRatio": 0.1093891958,
    "eps": 0.91,
    "epsdiluted": 0.9,
    "weightedAverageShsOut": 101504000,
    "weightedAverageShsOutDil": 102608000,
    "link": null,
    "finalLink": null
  },
  {
    "date": "2001-06-30",
    "symbol": "VMC",
    "reportedCurrency": "USD",
    "cik": "0001396009",
    "fillingDate": "2001-06-30",
    "acceptedDate": "2001-06-30 00:00:00",
    "calendarYear": "2001",
    "period": "Q2",
    "revenue": 828325000,
    "costOfRevenue": 629446000,
    "grossProfit": 198879000,
    "grossProfitRatio": 0.2400977877,
    "researchAndDevelopmentExpenses": 0,
    "generalAndAdministrativeExpenses": 0,
    "sellingAndMarketingExpenses": 0,
    "sellingGeneralAndAdministrativeExpenses": 70544000,
    "otherExpenses": 0,
    "operatingExpenses": 70544000,
    "costAndExpenses": 699990000,
    "interestIncome": 0,
    "interestExpense": 0,
    "depreciationAndAmortization": 69919000,
    "ebitda": 198254000,
    "ebitdaratio": 0.239343253,
    "operatingIncome": 128335000,
    "operatingIncomeRatio": 0.1549331482,
    "totalOtherIncomeExpensesNet": -9588000,
    "incomeBeforeTax": 118747000,
    "incomeBeforeTaxRatio": 0.1433579815,
    "incomeTaxExpense": 39118000,
    "netIncome": 79629000,
    "netIncomeRatio": 0.0961325567,
    "eps": 0.79,
    "epsdiluted": 0.78,
    "weightedAverageShsOut": 101407000,
    "weightedAverageShsOutDil": 102652000,
    "link": null,
    "finalLink": null
  },
  {
    "date": "2001-03-31",
    "symbol": "VMC",
    "reportedCurrency": "USD",
    "cik": "0001396009",
    "fillingDate": "2001-03-31",
    "acceptedDate": "2001-03-31 00:00:00",
    "calendarYear": "2001",
    "period": "Q1",
    "revenue": 569129000,
    "costOfRevenue": 483618000,
    "grossProfit": 85511000,
    "grossProfitRatio": 0.1502488891,
    "researchAndDevelopmentExpenses": 0,
    "generalAndAdministrativeExpenses": 0,
    "sellingAndMarketingExpenses": 0,
    "sellingGeneralAndAdministrativeExpenses": 67074000,
    "otherExpenses": 0,
    "operatingExpenses": 67074000,
    "costAndExpenses": 550692000,
    "interestIncome": 0,
    "interestExpense": 0,
    "depreciationAndAmortization": 66998000,
    "ebitda": 85435000,
    "ebitdaratio": 0.1501153517,
    "operatingIncome": 18437000,
    "operatingIncomeRatio": 0.032395116,
    "totalOtherIncomeExpensesNet": -9797000,
    "incomeBeforeTax": 8640000,
    "incomeBeforeTaxRatio": 0.0151810925,
    "incomeTaxExpense": 2920000,
    "netIncome": 5720000,
    "netIncomeRatio": 0.0100504455,
    "eps": 0.06,
    "epsdiluted": 0.06,
    "weightedAverageShsOut": 101323000,
    "weightedAverageShsOutDil": 102253000,
    "link": null,
    "finalLink": null
  },
  {
    "date": "2000-12-31",
    "symbol": "VMC",
    "reportedCurrency": "USD",
    "cik": "0001396009",
    "fillingDate": "2000-12-31",
    "acceptedDate": "2000-12-31 00:00:00",
    "calendarYear": "2000",
    "period": "Q4",
    "revenue": 630398000,
    "costOfRevenue": 441290000,
    "grossProfit": 189108000,
    "grossProfitRatio": 0.2999819162,
    "researchAndDevelopmentExpenses": 0,
    "generalAndAdministrativeExpenses": 0,
    "sellingAndMarketingExpenses": 0,
    "sellingGeneralAndAdministrativeExpenses": 50147000,
    "otherExpenses": 67109000,
    "operatingExpenses": 117256000,
    "costAndExpenses": 558546000,
    "interestIncome": 0,
    "interestExpense": 0,
    "depreciationAndAmortization": 67109000,
    "ebitda": 138961000,
    "ebitdaratio": 0.2204337577,
    "operatingIncome": 71852000,
    "operatingIncomeRatio": 0.113978788,
    "totalOtherIncomeExpensesNet": -31673000,
    "incomeBeforeTax": 40179000,
    "incomeBeforeTaxRatio": 0.0637359256,
    "incomeTaxExpense": 5558000,
    "netIncome": 34621000,
    "netIncomeRatio": 0.0549192732,
    "eps": 0.34,
    "epsdiluted": 0.34,
    "weightedAverageShsOut": 101323000,
    "weightedAverageShsOutDil": 102253000,
    "link": null,
    "finalLink": null
  },
  {
    "date": "2000-09-30",
    "symbol": "VMC",
    "reportedCurrency": "USD",
    "cik": "0001396009",
    "fillingDate": "2000-09-30",
    "acceptedDate": "2000-09-30 00:00:00",
    "calendarYear": "2000",
    "period": "Q3",
    "revenue": 681214000,
    "costOfRevenue": 449356000,
    "grossProfit": 231858000,
    "grossProfitRatio": 0.3403600043,
    "researchAndDevelopmentExpenses": 0,
    "generalAndAdministrativeExpenses": 0,
    "sellingAndMarketingExpenses": 0,
    "sellingGeneralAndAdministrativeExpenses": 54815000,
    "otherExpenses": 57305000,
    "operatingExpenses": 112120000,
    "costAndExpenses": 561476000,
    "interestIncome": 0,
    "interestExpense": 0,
    "depreciationAndAmortization": 57305000,
    "ebitda": 177043000,
    "ebitdaratio": 0.2598933668,
    "operatingIncome": 119738000,
    "operatingIncomeRatio": 0.1757714903,
    "totalOtherIncomeExpensesNet": 5828000,
    "incomeBeforeTax": 125566000,
    "incomeBeforeTaxRatio": 0.1843268048,
    "incomeTaxExpense": 39616000,
    "netIncome": 85950000,
    "netIncomeRatio": 0.126171805,
    "eps": 0.85,
    "epsdiluted": 0.84,
    "weightedAverageShsOut": 101203000,
    "weightedAverageShsOutDil": 102078000,
    "link": null,
    "finalLink": null
  },
  {
    "date": "2000-06-30",
    "symbol": "VMC",
    "reportedCurrency": "USD",
    "cik": "0001396009",
    "fillingDate": "2000-06-30",
    "acceptedDate": "2000-06-30 00:00:00",
    "calendarYear": "2000",
    "period": "Q2",
    "revenue": 665151000,
    "costOfRevenue": 442608000,
    "grossProfit": 222543000,
    "grossProfitRatio": 0.3345751566,
    "researchAndDevelopmentExpenses": 0,
    "generalAndAdministrativeExpenses": 0,
    "sellingAndMarketingExpenses": 0,
    "sellingGeneralAndAdministrativeExpenses": 57068000,
    "otherExpenses": 54832000,
    "operatingExpenses": 111900000,
    "costAndExpenses": 554508000,
    "interestIncome": 0,
    "interestExpense": 0,
    "depreciationAndAmortization": 54832000,
    "ebitda": 165475000,
    "ebitdaratio": 0.248778097,
    "operatingIncome": 110643000,
    "operatingIncomeRatio": 0.1663426801,
    "totalOtherIncomeExpensesNet": 1080000,
    "incomeBeforeTax": 111723000,
    "incomeBeforeTaxRatio": 0.1679663715,
    "incomeTaxExpense": 35662000,
    "netIncome": 76061000,
    "netIncomeRatio": 0.1143514781,
    "eps": 0.75,
    "epsdiluted": 0.75,
    "weightedAverageShsOut": 100932000,
    "weightedAverageShsOutDil": 102000000,
    "link": null,
    "finalLink": null
  },
  {
    "date": "2000-03-31",
    "symbol": "VMC",
    "reportedCurrency": "USD",
    "cik": "0001396009",
    "fillingDate": "2000-03-31",
    "acceptedDate": "2000-03-31 00:00:00",
    "calendarYear": "2000",
    "period": "Q1",
    "revenue": 514981000,
    "costOfRevenue": 362681000,
    "grossProfit": 152300000,
    "grossProfitRatio": 0.2957390661,
    "researchAndDevelopmentExpenses": 0,
    "generalAndAdministrativeExpenses": 0,
    "sellingAndMarketingExpenses": 0,
    "sellingGeneralAndAdministrativeExpenses": 59577000,
    "otherExpenses": 53119000,
    "operatingExpenses": 112696000,
    "costAndExpenses": 475377000,
    "interestIncome": 0,
    "interestExpense": 0,
    "depreciationAndAmortization": 53119000,
    "ebitda": 92723000,
    "ebitdaratio": 0.1800513029,
    "operatingIncome": 39604000,
    "operatingIncomeRatio": 0.0769038081,
    "totalOtherIncomeExpensesNet": -4834000,
    "incomeBeforeTax": 34770000,
    "incomeBeforeTaxRatio": 0.067517054,
    "incomeTaxExpense": 11509000,
    "netIncome": 23261000,
    "netIncomeRatio": 0.0451686567,
    "eps": 0.23,
    "epsdiluted": 0.23,
    "weightedAverageShsOut": 100734000,
    "weightedAverageShsOutDil": 101897000,
    "link": null,
    "finalLink": null
  },
  {
    "date": "1999-12-31",
    "symbol": "VMC",
    "reportedCurrency": "USD",
    "cik": "0001396009",
    "fillingDate": "1999-12-31",
    "acceptedDate": "1999-12-31 00:00:00",
    "calendarYear": "1999",
    "period": "Q4",
    "revenue": 605600000,
    "costOfRevenue": 407900000,
    "grossProfit": 197700000,
    "grossProfitRatio": 0.3264531044,
    "researchAndDevelopmentExpenses": 0,
    "generalAndAdministrativeExpenses": 0,
    "sellingAndMarketingExpenses": 0,
    "sellingGeneralAndAdministrativeExpenses": 50800000,
    "otherExpenses": 54600000,
    "operatingExpenses": 105400000,
    "costAndExpenses": 513300000,
    "interestIncome": 0,
    "interestExpense": 0,
    "depreciationAndAmortization": 54600000,
    "ebitda": 146900000,
    "ebitdaratio": 0.2425693527,
    "operatingIncome": 92300000,
    "operatingIncomeRatio": 0.1524108322,
    "totalOtherIncomeExpensesNet": 200000,
    "incomeBeforeTax": 92500000,
    "incomeBeforeTaxRatio": 0.1527410832,
    "incomeTaxExpense": 27700000,
    "netIncome": 64800000,
    "netIncomeRatio": 0.107001321,
    "eps": 0.64,
    "epsdiluted": 0.64,
    "weightedAverageShsOut": 100734000,
    "weightedAverageShsOutDil": 101897000,
    "link": null,
    "finalLink": null
  },
  {
    "date": "1999-09-30",
    "symbol": "VMC",
    "reportedCurrency": "USD",
    "cik": "0001396009",
    "fillingDate": "1999-09-30",
    "acceptedDate": "1999-09-30 00:00:00",
    "calendarYear": "1999",
    "period": "Q3",
    "revenue": 656400000,
    "costOfRevenue": 431100000,
    "grossProfit": 225300000,
    "grossProfitRatio": 0.3432358318,
    "researchAndDevelopmentExpenses": 0,
    "generalAndAdministrativeExpenses": 0,
    "sellingAndMarketingExpenses": 0,
    "sellingGeneralAndAdministrativeExpenses": 48300000,
    "otherExpenses": 52400000,
    "operatingExpenses": 100700000,
    "costAndExpenses": 531800000,
    "interestIncome": 0,
    "interestExpense": 0,
    "depreciationAndAmortization": 52400000,
    "ebitda": 177000000,
    "ebitdaratio": 0.2696526508,
    "operatingIncome": 124600000,
    "operatingIncomeRatio": 0.1898232785,
    "totalOtherIncomeExpensesNet": 500000,
    "incomeBeforeTax": 125100000,
    "incomeBeforeTaxRatio": 0.1905850091,
    "incomeTaxExpense": 39300000,
    "netIncome": 85800000,
    "netIncomeRatio": 0.1307129799,
    "eps": 0.85,
    "epsdiluted": 0.84,
    "weightedAverageShsOut": 100941176,
    "weightedAverageShsOutDil": 102142857,
    "link": null,
    "finalLink": null
  },
  {
    "date": "1999-06-30",
    "symbol": "VMC",
    "reportedCurrency": "USD",
    "cik": "0001396009",
    "fillingDate": "1999-06-30",
    "acceptedDate": "1999-06-30 00:00:00",
    "calendarYear": "1999",
    "period": "Q2",
    "revenue": 611500000,
    "costOfRevenue": 406900000,
    "grossProfit": 204600000,
    "grossProfitRatio": 0.3345870809,
    "researchAndDevelopmentExpenses": 0,
    "generalAndAdministrativeExpenses": 0,
    "sellingAndMarketingExpenses": 0,
    "sellingGeneralAndAdministrativeExpenses": 52300000,
    "otherExpenses": 51100000,
    "operatingExpenses": 103400000,
    "costAndExpenses": 510300000,
    "interestIncome": 0,
    "interestExpense": 0,
    "depreciationAndAmortization": 51100000,
    "ebitda": 152300000,
    "ebitdaratio": 0.2490596893,
    "operatingIncome": 101200000,
    "operatingIncomeRatio": 0.1654946852,
    "totalOtherIncomeExpensesNet": -7100000,
    "incomeBeforeTax": 94100000,
    "incomeBeforeTaxRatio": 0.1538838921,
    "incomeTaxExpense": 31400000,
    "netIncome": 62700000,
    "netIncomeRatio": 0.1025347506,
    "eps": 0.62,
    "epsdiluted": 0.61,
    "weightedAverageShsOut": 101129032,
    "weightedAverageShsOutDil": 102786885,
    "link": null,
    "finalLink": null
  },
  {
    "date": "1999-03-31",
    "symbol": "VMC",
    "reportedCurrency": "USD",
    "cik": "0001396009",
    "fillingDate": "1999-03-31",
    "acceptedDate": "1999-03-31 00:00:00",
    "calendarYear": "1999",
    "period": "Q1",
    "revenue": 482200000,
    "costOfRevenue": 339000000,
    "grossProfit": 143200000,
    "grossProfitRatio": 0.2969722107,
    "researchAndDevelopmentExpenses": 0,
    "generalAndAdministrativeExpenses": 0,
    "sellingAndMarketingExpenses": 0,
    "sellingGeneralAndAdministrativeExpenses": 54200000,
    "otherExpenses": 49000000,
    "operatingExpenses": 103200000,
    "costAndExpenses": 442200000,
    "interestIncome": 0,
    "interestExpense": 0,
    "depreciationAndAmortization": 49000000,
    "ebitda": 89000000,
    "ebitdaratio": 0.1845707175,
    "operatingIncome": 40000000,
    "operatingIncomeRatio": 0.0829531315,
    "totalOtherIncomeExpensesNet": -100000,
    "incomeBeforeTax": 39900000,
    "incomeBeforeTaxRatio": 0.0827457487,
    "incomeTaxExpense": 13500000,
    "netIncome": 26400000,
    "netIncomeRatio": 0.0547490668,
    "eps": 0.26,
    "epsdiluted": 0.26,
    "weightedAverageShsOut": 101538462,
    "weightedAverageShsOutDil": 101538462,
    "link": null,
    "finalLink": null
  },
  {
    "date": "1998-12-31",
    "symbol": "VMC",
    "reportedCurrency": "USD",
    "cik": "0001396009",
    "fillingDate": "1998-12-31",
    "acceptedDate": "1998-12-31 00:00:00",
    "calendarYear": "1998",
    "period": "Q4",
    "revenue": 442100000,
    "costOfRevenue": 270700000,
    "grossProfit": 171400000,
    "grossProfitRatio": 0.3876950916,
    "researchAndDevelopmentExpenses": 0,
    "generalAndAdministrativeExpenses": 0,
    "sellingAndMarketingExpenses": 0,
    "sellingGeneralAndAdministrativeExpenses": 58300000,
    "otherExpenses": 35300000,
    "operatingExpenses": 93600000,
    "costAndExpenses": 364300000,
    "interestIncome": 0,
    "interestExpense": 0,
    "depreciationAndAmortization": 35300000,
    "ebitda": 113100000,
    "ebitdaratio": 0.2558244741,
    "operatingIncome": 77800000,
    "operatingIncomeRatio": 0.1759782855,
    "totalOtherIncomeExpensesNet": 9300000,
    "incomeBeforeTax": 87100000,
    "incomeBeforeTaxRatio": 0.1970142502,
    "incomeTaxExpense": 27700000,
    "netIncome": 59400000,
    "netIncomeRatio": 0.1343587424,
    "eps": 0.58,
    "epsdiluted": 0.58,
    "weightedAverageShsOut": 99550021,
    "weightedAverageShsOutDil": 101538462,
    "link": null,
    "finalLink": null
  },
  {
    "date": "1998-09-30",
    "symbol": "VMC",
    "reportedCurrency": "USD",
    "cik": "0001396009",
    "fillingDate": "1998-09-30",
    "acceptedDate": "1998-09-30 00:00:00",
    "calendarYear": "1998",
    "period": "Q3",
    "revenue": 509500000,
    "costOfRevenue": 297500000,
    "grossProfit": 212000000,
    "grossProfitRatio": 0.41609421,
    "researchAndDevelopmentExpenses": 0,
    "generalAndAdministrativeExpenses": 0,
    "sellingAndMarketingExpenses": 0,
    "sellingGeneralAndAdministrativeExpenses": 47100000,
    "otherExpenses": 38600000,
    "operatingExpenses": 85700000,
    "costAndExpenses": 383200000,
    "interestIncome": 0,
    "interestExpense": 0,
    "depreciationAndAmortization": 34600000,
    "ebitda": 164900000,
    "ebitdaratio": 0.3236506379,
    "operatingIncome": 126300000,
    "operatingIncomeRatio": 0.2478900883,
    "totalOtherIncomeExpensesNet": 4200000,
    "incomeBeforeTax": 130500000,
    "incomeBeforeTaxRatio": 0.2561334642,
    "incomeTaxExpense": 40600000,
    "netIncome": 89900000,
    "netIncomeRatio": 0.1764474975,
    "eps": 0.89,
    "epsdiluted": 0.88,
    "weightedAverageShsOut": 101011236,
    "weightedAverageShsOutDil": 102159091,
    "link": null,
    "finalLink": null
  },
  {
    "date": "1998-06-30",
    "symbol": "VMC",
    "reportedCurrency": "USD",
    "cik": "0001396009",
    "fillingDate": "1998-06-30",
    "acceptedDate": "1998-06-30 00:00:00",
    "calendarYear": "1998",
    "period": "Q2",
    "revenue": 465800000,
    "costOfRevenue": 285900000,
    "grossProfit": 179900000,
    "grossProfitRatio": 0.3862172606,
    "researchAndDevelopmentExpenses": 0,
    "generalAndAdministrativeExpenses": 0,
    "sellingAndMarketingExpenses": 0,
    "sellingGeneralAndAdministrativeExpenses": 46900000,
    "otherExpenses": 34600000,
    "operatingExpenses": 81500000,
    "costAndExpenses": 367400000,
    "interestIncome": 0,
    "interestExpense": 0,
    "depreciationAndAmortization": 36700000,
    "ebitda": 135100000,
    "ebitdaratio": 0.2900386432,
    "operatingIncome": 98400000,
    "operatingIncomeRatio": 0.2112494633,
    "totalOtherIncomeExpensesNet": 4700000,
    "incomeBeforeTax": 102800000,
    "incomeBeforeTaxRatio": 0.2206955775,
    "incomeTaxExpense": 32800000,
    "netIncome": 70000000,
    "netIncomeRatio": 0.1502790897,
    "eps": 0.69,
    "epsdiluted": 0.68,
    "weightedAverageShsOut": 101449275,
    "weightedAverageShsOutDil": 102941176,
    "link": null,
    "finalLink": null
  },
  {
    "date": "1998-03-31",
    "symbol": "VMC",
    "reportedCurrency": "USD",
    "cik": "0001396009",
    "fillingDate": "1998-03-31",
    "acceptedDate": "1998-03-31 00:00:00",
    "calendarYear": "1998",
    "period": "Q1",
    "revenue": 359000000,
    "costOfRevenue": 240700000,
    "grossProfit": 118300000,
    "grossProfitRatio": 0.3295264624,
    "researchAndDevelopmentExpenses": 0,
    "generalAndAdministrativeExpenses": 0,
    "sellingAndMarketingExpenses": 0,
    "sellingGeneralAndAdministrativeExpenses": 46700000,
    "otherExpenses": 31200000,
    "operatingExpenses": 77900000,
    "costAndExpenses": 318600000,
    "interestIncome": 0,
    "interestExpense": 0,
    "depreciationAndAmortization": 31200000,
    "ebitda": 71600000,
    "ebitdaratio": 0.1994428969,
    "operatingIncome": 40400000,
    "operatingIncomeRatio": 0.1125348189,
    "totalOtherIncomeExpensesNet": 13900000,
    "incomeBeforeTax": 54300000,
    "incomeBeforeTaxRatio": 0.1512534819,
    "incomeTaxExpense": 17800000,
    "netIncome": 36500000,
    "netIncomeRatio": 0.1016713092,
    "eps": 0.36,
    "epsdiluted": 0.36,
    "weightedAverageShsOut": 101388889,
    "weightedAverageShsOutDil": 101388889,
    "link": null,
    "finalLink": null
  },
  {
    "date": "1997-12-31",
    "symbol": "VMC",
    "reportedCurrency": "USD",
    "cik": "0001396009",
    "fillingDate": "1997-12-31",
    "acceptedDate": "1997-12-31 00:00:00",
    "calendarYear": "1997",
    "period": "Q4",
    "revenue": 414300000,
    "costOfRevenue": 264200000,
    "grossProfit": 150100000,
    "grossProfitRatio": 0.3622978518,
    "researchAndDevelopmentExpenses": 0,
    "generalAndAdministrativeExpenses": 0,
    "sellingAndMarketingExpenses": 0,
    "sellingGeneralAndAdministrativeExpenses": 48200000,
    "otherExpenses": 32500000,
    "operatingExpenses": 80700000,
    "costAndExpenses": 344900000,
    "interestIncome": 0,
    "interestExpense": 0,
    "depreciationAndAmortization": 32500000,
    "ebitda": 101900000,
    "ebitdaratio": 0.245957036,
    "operatingIncome": 69400000,
    "operatingIncomeRatio": 0.1675114651,
    "totalOtherIncomeExpensesNet": 3400000,
    "incomeBeforeTax": 72800000,
    "incomeBeforeTaxRatio": 0.1757180787,
    "incomeTaxExpense": 21700000,
    "netIncome": 51100000,
    "netIncomeRatio": 0.1233405745,
    "eps": 0.5,
    "epsdiluted": 0.5,
    "weightedAverageShsOut": 100212966,
    "weightedAverageShsOutDil": 101388889,
    "link": null,
    "finalLink": null
  },
  {
    "date": "1997-09-30",
    "symbol": "VMC",
    "reportedCurrency": "USD",
    "cik": "0001396009",
    "fillingDate": "1997-09-30",
    "acceptedDate": "1997-09-30 00:00:00",
    "calendarYear": "1997",
    "period": "Q3",
    "revenue": 477900000,
    "costOfRevenue": 302100000,
    "grossProfit": 175800000,
    "grossProfitRatio": 0.3678593848,
    "researchAndDevelopmentExpenses": 0,
    "generalAndAdministrativeExpenses": 0,
    "sellingAndMarketingExpenses": 0,
    "sellingGeneralAndAdministrativeExpenses": 50500000,
    "otherExpenses": 30200000,
    "operatingExpenses": 80700000,
    "costAndExpenses": 382800000,
    "interestIncome": 0,
    "interestExpense": 0,
    "depreciationAndAmortization": 30200000,
    "ebitda": 125300000,
    "ebitdaratio": 0.2621887424,
    "operatingIncome": 95100000,
    "operatingIncomeRatio": 0.1989956058,
    "totalOtherIncomeExpensesNet": 5400000,
    "incomeBeforeTax": 100500000,
    "incomeBeforeTaxRatio": 0.2102950408,
    "incomeTaxExpense": 27200000,
    "netIncome": 73300000,
    "netIncomeRatio": 0.1533793681,
    "eps": 0.72,
    "epsdiluted": 0.71,
    "weightedAverageShsOut": 101805556,
    "weightedAverageShsOutDil": 103239437,
    "link": null,
    "finalLink": null
  },
  {
    "date": "1997-06-30",
    "symbol": "VMC",
    "reportedCurrency": "USD",
    "cik": "0001396009",
    "fillingDate": "1997-06-30",
    "acceptedDate": "1997-06-30 00:00:00",
    "calendarYear": "1997",
    "period": "Q2",
    "revenue": 445100000,
    "costOfRevenue": 280200000,
    "grossProfit": 164900000,
    "grossProfitRatio": 0.3704785441,
    "researchAndDevelopmentExpenses": 0,
    "generalAndAdministrativeExpenses": 0,
    "sellingAndMarketingExpenses": 0,
    "sellingGeneralAndAdministrativeExpenses": 47800000,
    "otherExpenses": 29300000,
    "operatingExpenses": 77100000,
    "costAndExpenses": 357300000,
    "interestIncome": 0,
    "interestExpense": 0,
    "depreciationAndAmortization": 29300000,
    "ebitda": 117100000,
    "ebitdaratio": 0.2630869468,
    "operatingIncome": 87800000,
    "operatingIncomeRatio": 0.1972590429,
    "totalOtherIncomeExpensesNet": 6600000,
    "incomeBeforeTax": 94400000,
    "incomeBeforeTaxRatio": 0.2120871714,
    "incomeTaxExpense": 31600000,
    "netIncome": 62800000,
    "netIncomeRatio": 0.1410918895,
    "eps": 0.62,
    "epsdiluted": 0.61,
    "weightedAverageShsOut": 101290323,
    "weightedAverageShsOutDil": 102950820,
    "link": null,
    "finalLink": null
  },
  {
    "date": "1997-03-31",
    "symbol": "VMC",
    "reportedCurrency": "USD",
    "cik": "0001396009",
    "fillingDate": "1997-03-31",
    "acceptedDate": "1997-03-31 00:00:00",
    "calendarYear": "1997",
    "period": "Q1",
    "revenue": 341400000,
    "costOfRevenue": 237400000,
    "grossProfit": 104000000,
    "grossProfitRatio": 0.3046280023,
    "researchAndDevelopmentExpenses": 0,
    "generalAndAdministrativeExpenses": 0,
    "sellingAndMarketingExpenses": 0,
    "sellingGeneralAndAdministrativeExpenses": 43900000,
    "otherExpenses": 28600000,
    "operatingExpenses": 72500000,
    "costAndExpenses": 309900000,
    "interestIncome": 0,
    "interestExpense": 0,
    "depreciationAndAmortization": 28600000,
    "ebitda": 60100000,
    "ebitdaratio": 0.176039836,
    "operatingIncome": 31500000,
    "operatingIncomeRatio": 0.0922671353,
    "totalOtherIncomeExpensesNet": 1300000,
    "incomeBeforeTax": 32800000,
    "incomeBeforeTaxRatio": 0.0960749854,
    "incomeTaxExpense": 10900000,
    "netIncome": 21900000,
    "netIncomeRatio": 0.0641476274,
    "eps": 0.21,
    "epsdiluted": 0.21,
    "weightedAverageShsOut": 104285714,
    "weightedAverageShsOutDil": 104285714,
    "link": null,
    "finalLink": null
  },
  {
    "date": "1996-12-31",
    "symbol": "VMC",
    "reportedCurrency": "USD",
    "cik": "0001396009",
    "fillingDate": "1996-12-31",
    "acceptedDate": "1996-12-31 00:00:00",
    "calendarYear": "1996",
    "period": "Q4",
    "revenue": 397500000,
    "costOfRevenue": 254400000,
    "grossProfit": 143100000,
    "grossProfitRatio": 0.36,
    "researchAndDevelopmentExpenses": 0,
    "generalAndAdministrativeExpenses": 0,
    "sellingAndMarketingExpenses": 0,
    "sellingGeneralAndAdministrativeExpenses": 49100000,
    "otherExpenses": 29900000,
    "operatingExpenses": 79000000,
    "costAndExpenses": 333400000,
    "interestIncome": 0,
    "interestExpense": 0,
    "depreciationAndAmortization": 29900000,
    "ebitda": 94000000,
    "ebitdaratio": 0.2364779874,
    "operatingIncome": 64100000,
    "operatingIncomeRatio": 0.1612578616,
    "totalOtherIncomeExpensesNet": 2200000,
    "incomeBeforeTax": 66300000,
    "incomeBeforeTaxRatio": 0.1667924528,
    "incomeTaxExpense": 18500000,
    "netIncome": 47800000,
    "netIncomeRatio": 0.1202515723,
    "eps": 0.46,
    "epsdiluted": 0.46,
    "weightedAverageShsOut": 104285714,
    "weightedAverageShsOutDil": 104285714,
    "link": null,
    "finalLink": null
  },
  {
    "date": "1996-09-30",
    "symbol": "VMC",
    "reportedCurrency": "USD",
    "cik": "0001396009",
    "fillingDate": "1996-09-30",
    "acceptedDate": "1996-09-30 00:00:00",
    "calendarYear": "1996",
    "period": "Q3",
    "revenue": 443600000,
    "costOfRevenue": 275800000,
    "grossProfit": 167800000,
    "grossProfitRatio": 0.3782687106,
    "researchAndDevelopmentExpenses": 0,
    "generalAndAdministrativeExpenses": 0,
    "sellingAndMarketingExpenses": 0,
    "sellingGeneralAndAdministrativeExpenses": 44200000,
    "otherExpenses": 29100000,
    "operatingExpenses": 73300000,
    "costAndExpenses": 349100000,
    "interestIncome": 0,
    "interestExpense": 0,
    "depreciationAndAmortization": 29100000,
    "ebitda": 123600000,
    "ebitdaratio": 0.2786293959,
    "operatingIncome": 94500000,
    "operatingIncomeRatio": 0.2130297565,
    "totalOtherIncomeExpensesNet": 2000000,
    "incomeBeforeTax": 96500000,
    "incomeBeforeTaxRatio": 0.2175383228,
    "incomeTaxExpense": 34400000,
    "netIncome": 62100000,
    "netIncomeRatio": 0.1399909829,
    "eps": 0.6,
    "epsdiluted": 0.59,
    "weightedAverageShsOut": 103500000,
    "weightedAverageShsOutDil": 105254237,
    "link": null,
    "finalLink": null
  },
  {
    "date": "1996-06-30",
    "symbol": "VMC",
    "reportedCurrency": "USD",
    "cik": "0001396009",
    "fillingDate": "1996-06-30",
    "acceptedDate": "1996-06-30 00:00:00",
    "calendarYear": "1996",
    "period": "Q2",
    "revenue": 419200000,
    "costOfRevenue": 263500000,
    "grossProfit": 155700000,
    "grossProfitRatio": 0.3714217557,
    "researchAndDevelopmentExpenses": 0,
    "generalAndAdministrativeExpenses": 0,
    "sellingAndMarketingExpenses": 0,
    "sellingGeneralAndAdministrativeExpenses": 42900000,
    "otherExpenses": 27400000,
    "operatingExpenses": 70300000,
    "costAndExpenses": 333800000,
    "interestIncome": 0,
    "interestExpense": 0,
    "depreciationAndAmortization": 27400000,
    "ebitda": 112800000,
    "ebitdaratio": 0.2690839695,
    "operatingIncome": 85400000,
    "operatingIncomeRatio": 0.203721374,
    "totalOtherIncomeExpensesNet": 5900000,
    "incomeBeforeTax": 91300000,
    "incomeBeforeTaxRatio": 0.2177958015,
    "incomeTaxExpense": 32700000,
    "netIncome": 58600000,
    "netIncomeRatio": 0.1397900763,
    "eps": 0.56,
    "epsdiluted": 0.55,
    "weightedAverageShsOut": 104642857,
    "weightedAverageShsOutDil": 106545455,
    "link": null,
    "finalLink": null
  },
  {
    "date": "1996-03-31",
    "symbol": "VMC",
    "reportedCurrency": "USD",
    "cik": "0001396009",
    "fillingDate": "1996-03-31",
    "acceptedDate": "1996-03-31 00:00:00",
    "calendarYear": "1996",
    "period": "Q1",
    "revenue": 308500000,
    "costOfRevenue": 213000000,
    "grossProfit": 95500000,
    "grossProfitRatio": 0.3095623987,
    "researchAndDevelopmentExpenses": 0,
    "generalAndAdministrativeExpenses": 0,
    "sellingAndMarketingExpenses": 0,
    "sellingGeneralAndAdministrativeExpenses": 38900000,
    "otherExpenses": 26200000,
    "operatingExpenses": 65100000,
    "costAndExpenses": 278100000,
    "interestIncome": 0,
    "interestExpense": 0,
    "depreciationAndAmortization": 26200000,
    "ebitda": 56600000,
    "ebitdaratio": 0.1834683955,
    "operatingIncome": 30400000,
    "operatingIncomeRatio": 0.098541329,
    "totalOtherIncomeExpensesNet": 1000000,
    "incomeBeforeTax": 31400000,
    "incomeBeforeTaxRatio": 0.1017828201,
    "incomeTaxExpense": 11300000,
    "netIncome": 20100000,
    "netIncomeRatio": 0.0651539708,
    "eps": 0.19,
    "epsdiluted": 0.19,
    "weightedAverageShsOut": 105789474,
    "weightedAverageShsOutDil": 105789474,
    "link": null,
    "finalLink": null
  },
  {
    "date": "1995-12-31",
    "symbol": "VMC",
    "reportedCurrency": "USD",
    "cik": "0001396009",
    "fillingDate": "1995-12-31",
    "acceptedDate": "1995-12-31 00:00:00",
    "calendarYear": "1995",
    "period": "Q4",
    "revenue": 361800000,
    "costOfRevenue": 219700000,
    "grossProfit": 142100000,
    "grossProfitRatio": 0.3927584301,
    "researchAndDevelopmentExpenses": 0,
    "generalAndAdministrativeExpenses": 0,
    "sellingAndMarketingExpenses": 0,
    "sellingGeneralAndAdministrativeExpenses": 44000000,
    "otherExpenses": 28400000,
    "operatingExpenses": 72400000,
    "costAndExpenses": 292100000,
    "interestIncome": 0,
    "interestExpense": 0,
    "depreciationAndAmortization": 28400000,
    "ebitda": 98100000,
    "ebitdaratio": 0.2711442786,
    "operatingIncome": 69700000,
    "operatingIncomeRatio": 0.1926478718,
    "totalOtherIncomeExpensesNet": -2300000,
    "incomeBeforeTax": 67400000,
    "incomeBeforeTaxRatio": 0.1862907684,
    "incomeTaxExpense": 24000000,
    "netIncome": 43400000,
    "netIncomeRatio": 0.1199557767,
    "eps": 0.41,
    "epsdiluted": 0.41,
    "weightedAverageShsOut": 105178301,
    "weightedAverageShsOutDil": 105789474,
    "link": null,
    "finalLink": null
  },
  {
    "date": "1995-09-30",
    "symbol": "VMC",
    "reportedCurrency": "USD",
    "cik": "0001396009",
    "fillingDate": "1995-09-30",
    "acceptedDate": "1995-09-30 00:00:00",
    "calendarYear": "1995",
    "period": "Q3",
    "revenue": 422000000,
    "costOfRevenue": 260900000,
    "grossProfit": 161100000,
    "grossProfitRatio": 0.3817535545,
    "researchAndDevelopmentExpenses": 0,
    "generalAndAdministrativeExpenses": 0,
    "sellingAndMarketingExpenses": 0,
    "sellingGeneralAndAdministrativeExpenses": 39600000,
    "otherExpenses": 28200000,
    "operatingExpenses": 67800000,
    "costAndExpenses": 328700000,
    "interestIncome": 0,
    "interestExpense": 0,
    "depreciationAndAmortization": 28200000,
    "ebitda": 121500000,
    "ebitdaratio": 0.2879146919,
    "operatingIncome": 93300000,
    "operatingIncomeRatio": 0.2210900474,
    "totalOtherIncomeExpensesNet": -600000,
    "incomeBeforeTax": 92700000,
    "incomeBeforeTaxRatio": 0.2196682464,
    "incomeTaxExpense": 33600000,
    "netIncome": 59100000,
    "netIncomeRatio": 0.1400473934,
    "eps": 0.55,
    "epsdiluted": 0.55,
    "weightedAverageShsOut": 107454545,
    "weightedAverageShsOutDil": 107454545,
    "link": null,
    "finalLink": null
  }
]