[
  {
    "date": "2024-12-31",
    "symbol": "VMC",
    "reportedCurrency": "USD",
    "cik": "0001396009",
    "fillingDate": "2025-02-20",
    "acceptedDate": "2025-02-20 12:35:11",
    "calendarYear": "2024",
    "period": "FY",
    "revenue": 7417700000,
    "costOfRevenue": 5418100000,
    "grossProfit": 1999600000,
    "grossProfitRatio": 0.2695714305,
    "researchAndDevelopmentExpenses": 0,
    "generalAndAdministrativeExpenses": 0,
    "sellingAndMarketingExpenses": 0,
    "sellingGeneralAndAdministrativeExpenses": 531100000,
    "otherExpenses": 104000000,
    "operatingExpenses": 635100000,
    "costAndExpenses": 6053200000,
    "interestIncome": 20900000,
    "interestExpense": 191200000,
    "depreciationAndAmortization": 617500000,
    "ebitda": 1980800000,
    "ebitdaratio": 0.2670369522,
    "operatingIncome": 1364500000,
    "operatingIncomeRatio": 0.1839518988,
    "totalOtherIncomeExpensesNet": -192400000,
    "incomeBeforeTax": 1172100000,
    "incomeBeforeTaxRatio": 0.1580139396,
    "incomeTaxExpense": 251400000,
    "netIncome": 911900000,
    "netIncomeRatio": 0.1229356809,
    "eps": 6.89,
    "epsdiluted": 6.85,
    "weightedAverageShsOut": 132300000,
    "weightedAverageShsOutDil": 133100000,
    "link": "https://www.sec.gov/Archives/edgar/data/1396009/000139600925000005/0001396009-25-000005-index.htm",
    "finalLink": "https://www.sec.gov/Archives/edgar/data/1396009/000139600925000005/vmc-20241231.htm"
  },
  {
    "date": "2023-12-31",
    "symbol": "VMC",
    "reportedCurrency": "USD",
    "cik": "0001396009",
    "fillingDate": "2024-02-22",
    "acceptedDate": "2024-02-22 14:36:22",
    "calendarYear": "2023",
    "period": "FY",
    "revenue": 7781900000,
    "costOfRevenue": 5833400000,
    "grossProfit": 1948500000,
    "grossProfitRatio": 0.2503887225,
    "researchAndDevelopmentExpenses": 0,
    "generalAndAdministrativeExpenses": 0,
    "sellingAndMarketingExpenses": 0,
    "sellingGeneralAndAdministrativeExpenses": 542800000,
    "otherExpenses": -21700000,
    "operatingExpenses": 521100000,
    "costAndExpenses": 6354500000,
    "interestIncome": 16500000,
    "interestExpense": 196100000,
    "depreciationAndAmortization": 603100000,
    "ebitda": 2044300000,
    "ebitdaratio": 0.2626993408,
    "operatingIncome": 1427400000,
    "operatingIncomeRatio": 0.1834256416,
    "totalOtherIncomeExpensesNet": -182300000,
    "incomeBeforeTax": 1245100000,
    "incomeBeforeTaxRatio": 0.159999486,
    "incomeTaxExpense": 299400000,
    "netIncome": 933200000,
    "netIncomeRatio": 0.1199192999,
    "eps": 7.02,
    "epsdiluted": 6.98,
    "weightedAverageShsOut": 133000000,
    "weightedAverageShsOutDil": 133699999,
    "link": "https://www.sec.gov/Archives/edgar/data/1396009/000139600924000006/0001396009-24-000006-index.htm",
    "finalLink": "https://www.sec.gov/Archives/edgar/data/1396009/000139600924000006/vmc-20231231x10k.htm"
  },
  {
    "date": "2022-12-31",
    "symbol": "VMC",
    "reportedCurrency": "USD",
    "cik": "0001396009",
    "fillingDate": "2023-02-24",
    "acceptedDate": "2023-02-24 11:43:25",
    "calendarYear": "2022",
    "period": "FY",
    "revenue": 7315200000,
    "costOfRevenue": 5757500000,
    "grossProfit": 1557700000,
    "grossProfitRatio": 0.2129401794,
    "researchAndDevelopmentExpenses": 0,
    "generalAndAdministrativeExpenses": 0,
    "sellingAndMarketingExpenses": 0,
    "sellingGeneralAndAdministrativeExpenses": 515100000,
    "otherExpenses": 91200000,
    "operatingExpenses": 606300000,
    "costAndExpenses": 6363800000,
    "interestIncome": 800000,
    "interestExpense": 169200000,
    "depreciationAndAmortization": 573400000,
    "ebitda": 1530700000,
    "ebitdaratio": 0.2092492345,
    "operatingIncome": 951400000,
    "operatingIncomeRatio": 0.1300579615,
    "totalOtherIncomeExpensesNet": -163300000,
    "incomeBeforeTax": 788100000,
    "incomeBeforeTaxRatio": 0.1077345801,
    "incomeTaxExpense": 193000000,
    "netIncome": 575600000,
    "netIncomeRatio": 0.0786854768,
    "eps": 4.33,
    "epsdiluted": 4.31,
    "weightedAverageShsOut": 133000000,
    "weightedAverageShsOutDil": 133600000,
    "link": "https://www.sec.gov/Archives/edgar/data/1396009/000139600923000007/0001396009-23-000007-index.htm",
    "finalLink": "https://www.sec.gov/Archives/edgar/data/1396009/000139600923000007/vmc-20221231x10k.htm"
  },
  {
    "date": "2021-12-31",
    "symbol": "VMC",
    "reportedCurrency": "USD",
    "cik": "0001396009",
    "fillingDate": "2022-02-25",
    "acceptedDate": "2022-02-25 09:37:54",
    "calendarYear": "2021",
    "period": "FY",
    "revenue": 5552200000,
    "costOfRevenue": 4178800000,
    "grossProfit": 1373400000,
    "grossProfitRatio": 0.2473614063,
    "researchAndDevelopmentExpenses": 0,
    "generalAndAdministrativeExpenses": 0,
    "sellingAndMarketingExpenses": 0,
    "sellingGeneralAndAdministrativeExpenses": 417600000,
    "otherExpenses": -55000000,
    "operatingExpenses": 362600000,
    "costAndExpenses": 4541400000,
    "interestIncome": 1600000,
    "interestExpense": 149300000,
    "depreciationAndAmortization": 449900000,
    "ebitda": 1473000000,
    "ebitdaratio": 0.2653002413,
    "operatingIncome": 1010800000,
    "operatingIncomeRatio": 0.1820539606,
    "totalOtherIncomeExpensesNet": -137000000,
    "incomeBeforeTax": 873800000,
    "incomeBeforeTaxRatio": 0.157379057,
    "incomeTaxExpense": 200100000,
    "netIncome": 670800000,
    "netIncomeRatio": 0.1208169735,
    "eps": 5.05,
    "epsdiluted": 5.02,
    "weightedAverageShsOut": 132800000,
    "weightedAverageShsOutDil": 133500000,
    "link": "https://www.sec.gov/Archives/edgar/data/1396009/000139600922000010/0001396009-22-000010-index.htm",
    "finalLink": "https://www.sec.gov/Archives/edgar/data/1396009/000139600922000010/vmc-20211231x10k.htm"
  },
  {
    "date": "2020-12-31",
    "symbol": "VMC",
    "reportedCurrency": "USD",
    "cik": "0001396009",
    "fillingDate": "2021-02-25",
    "acceptedDate": "2021-02-25 10:20:58",
    "calendarYear": "2020",
    "period": "FY",
    "revenue": 4856800000,
    "costOfRevenue": 3575300000,
    "grossProfit": 1281500000,
    "grossProfitRatio": 0.2638568605,
    "researchAndDevelopmentExpenses": 0,
    "generalAndAdministrativeExpenses": 0,
    "sellingAndMarketingExpenses": 0,
    "sellingGeneralAndAdministrativeExpenses": 359800000,
    "otherExpenses": 26000000,
    "operatingExpenses": 385800000,
    "costAndExpenses": 3961100000,
    "interestIncome": 1600000,
    "interestExpense": 136000000,
    "depreciationAndAmortization": 396800000,
    "ebitda": 1276600000,
    "ebitdaratio": 0.2628479657,
    "operatingIncome": 895700000,
    "operatingIncomeRatio": 0.1844218415,
    "totalOtherIncomeExpensesNet": -151902000,
    "incomeBeforeTax": 743798000,
    "incomeBeforeTaxRatio": 0.1531456926,
    "incomeTaxExpense": 155803000,
    "netIncome": 584500000,
    "netIncomeRatio": 0.1203467304,
    "eps": 4.41,
    "epsdiluted": 4.39,
    "weightedAverageShsOut": 132578000,
    "weightedAverageShsOutDil": 133245000,
    "link": "https://www.sec.gov/Archives/edgar/data/1396009/000139600921000009/0001396009-21-000009-index.htm",
    "finalLink": "https://www.sec.gov/Archives/edgar/data/1396009/000139600921000009/vmc-20201231x10k.htm"
  },
  {
    "date": "2019-12-31",
    "symbol": "VMC",
    "reportedCurrency": "USD",
    "cik": "0001396009",
    "fillingDate": "2020-02-26",
    "acceptedDate": "2020-02-26 10:00:36",
    "calendarYear": "2019",
    "period": "FY",
    "revenue": 4929100000,
    "costOfRevenue": 3673200000,
    "grossProfit": 1255900000,
    "grossProfitRatio": 0.2547929642,
    "researchAndDevelopmentExpenses": 0,
    "generalAndAdministrativeExpenses": 0,
    "sellingAndMarketingExpenses": 0,
    "sellingGeneralAndAdministrativeExpenses": 370500000,
    "otherExpenses": 7900000,
    "operatingExpenses": 378400000,
    "costAndExpenses": 4051600000,
    "interestIncome": 1155000,
    "interestExpense": 130200000,
    "depreciationAndAmortization": 374600000,
    "ebitda": 1262500000,
    "ebitdaratio": 0.2561319511,
    "operatingIncome": 877500000,
    "operatingIncomeRatio": 0.1780243858,
    "totalOtherIncomeExpensesNet": -119800000,
    "incomeBeforeTax": 757701000,
    "incomeBeforeTaxRatio": 0.1537199489,
    "incomeTaxExpense": 135198000,
    "netIncome": 617662000,
    "netIncomeRatio": 0.1253092857,
    "eps": 4.67,
    "epsdiluted": 4.63,
    "weightedAverageShsOut": 132300000,
    "weightedAverageShsOutDil": 133384999,
    "link": "https://www.sec.gov/Archives/edgar/data/1396009/000139600920000006/0001396009-20-000006-index.htm",
    "finalLink": "https://www.sec.gov/Archives/edgar/data/1396009/000139600920000006/vmc-20191231x10k.htm"
  },
  {
    "date": "2018-12-31",
    "symbol": "VMC",
    "reportedCurrency": "USD",
    "cik": "0001396009",
    "fillingDate": "2019-02-26",
    "acceptedDate": "2019-02-26 10:27:58",
    "calendarYear": "2018",
    "period": "FY",
    "revenue": 4382869000,
    "costOfRevenue": 3281924000,
    "grossProfit": 1100945000,
    "grossProfitRatio": 0.2511927689,
    "researchAndDevelopmentExpenses": 0,
    "generalAndAdministrativeExpenses": 0,
    "sellingAndMarketingExpenses": 0,
    "sellingGeneralAndAdministrativeExpenses": 333371000,
    "otherExpenses": 19861000,
    "operatingExpenses": 353232000,
    "costAndExpenses": 3635156000,
    "interestIncome": 554000,
    "interestExpense": 137977000,
    "depreciationAndAmortization": 346246000,
    "ebitda": 1107513000,
    "ebitdaratio": 0.2526913307,
    "operatingIncome": 747713000,
    "operatingIncomeRatio": 0.1705989844,
    "totalOtherIncomeExpensesNet": -124423000,
    "incomeBeforeTax": 623290000,
    "incomeBeforeTaxRatio": 0.1422105018,
    "incomeTaxExpense": 105449000,
    "netIncome": 515805000,
    "netIncomeRatio": 0.1176866112,
    "eps": 3.9,
    "epsdiluted": 3.85,
    "weightedAverageShsOut": 132393000,
    "weightedAverageShsOutDil": 133926000,
    "link": "https://www.sec.gov/Archives/edgar/data/1396009/000139600919000021/0001396009-19-000021-index.htm",
    "finalLink": "https://www.sec.gov/Archives/edgar/data/1396009/000139600919000021/vmc-20181231x10k.htm"
  },
  {
    "date": "2017-12-31",
    "symbol": "VMC",
    "reportedCurrency": "USD",
    "cik": "0001396009",
    "fillingDate": "2018-02-27",
    "acceptedDate": "2018-02-27 10:53:25",
    "calendarYear": "2017",
    "period": "FY",
    "revenue": 3890296000,
    "costOfRevenue": 2896783000,
    "grossProfit": 993513000,
    "grossProfitRatio": 0.2553823668,
    "researchAndDevelopmentExpenses": 0,
    "generalAndAdministrativeExpenses": 0,
    "sellingAndMarketingExpenses": 0,
    "sellingGeneralAndAdministrativeExpenses": 324972000,
    "otherExpenses": 29497000,
    "operatingExpenses": 354469000,
    "costAndExpenses": 3251252000,
    "interestIncome": 4437000,
    "interestExpense": 295522000,
    "depreciationAndAmortization": 305965000,
    "ebitda": 962803000,
    "ebitdaratio": 0.2474883659,
    "operatingIncome": 639044000,
    "operatingIncomeRatio": 0.1642661638,
    "totalOtherIncomeExpensesNet": -277728000,
    "incomeBeforeTax": 361316000,
    "incomeBeforeTaxRatio": 0.0928762233,
    "incomeTaxExpense": -232075000,
    "netIncome": 601185000,
    "netIncomeRatio": 0.1545345136,
    "eps": 4.54,
    "epsdiluted": 4.46,
    "weightedAverageShsOut": 132513000,
    "weightedAverageShsOutDil": 134878000,
    "link": "https://www.sec.gov/Archives/edgar/data/1396009/000139600918000011/0001396009-18-000011-index.htm",
    "finalLink": "https://www.sec.gov/Archives/edgar/data/1396009/000139600918000011/vmc-20171231x10k.htm"
  },
  {
    "date": "2016-12-31",
    "symbol": "VMC",
    "reportedCurrency": "USD",
    "cik": "0001396009",
    "fillingDate": "2017-02-24",
    "acceptedDate": "2017-02-24 11:20:42",
    "calendarYear": "2016",
    "period": "FY",
    "revenue": 3592667000,
    "costOfRevenue": 2603782000,
    "grossProfit": 988885000,
    "grossProfitRatio": 0.2752509487,
    "researchAndDevelopmentExpenses": 0,
    "generalAndAdministrativeExpenses": 0,
    "sellingAndMarketingExpenses": 0,
    "sellingGeneralAndAdministrativeExpenses": 316769000,
    "otherExpenses": 6214000,
    "operatingExpenses": 322983000,
    "costAndExpenses": 2926765000,
    "interestIncome": 807000,
    "interestExpense": 134076000,
    "depreciationAndAmortization": 284940000,
    "ebitda": 966273000,
    "ebitdaratio": 0.2689570172,
    "operatingIncome": 665902000,
    "operatingIncomeRatio": 0.1853503261,
    "totalOtherIncomeExpensesNet": -118645000,
    "incomeBeforeTax": 547257000,
    "incomeBeforeTaxRatio": 0.1523261132,
    "incomeTaxExpense": 124851000,
    "netIncome": 419491000,
    "netIncomeRatio": 0.1167631178,
    "eps": 3.15,
    "epsdiluted": 3.09,
    "weightedAverageShsOut": 133205000,
    "weightedAverageShsOutDil": 135790000,
    "link": "https://www.sec.gov/Archives/edgar/data/1396009/000139600917000005/0001396009-17-000005-index.htm",
    "finalLink": "https://www.sec.gov/Archives/edgar/data/1396009/000139600917000005/vmc-20161231x10k.htm"
  },
  {
    "date": "2015-12-31",
    "symbol": "VMC",
    "reportedCurrency": "USD",
    "cik": "0001396009",
    "fillingDate": "2016-02-25",
    "acceptedDate": "2016-02-25 10:19:57",
    "calendarYear": "2015",
    "period": "FY",
    "revenue": 3422181000,
    "costOfRevenue": 2564648000,
    "grossProfit": 857533000,
    "grossProfitRatio": 0.250580843,
    "researchAndDevelopmentExpenses": 0,
    "generalAndAdministrativeExpenses": 0,
    "sellingAndMarketingExpenses": 0,
    "sellingGeneralAndAdministrativeExpenses": 286844000,
    "otherExpenses": 20911000,
    "operatingExpenses": 307755000,
    "costAndExpenses": 2872403000,
    "interestIncome": 345000,
    "interestExpense": 220588000,
    "depreciationAndAmortization": 263349000,
    "ebitda": 811794000,
    "ebitdaratio": 0.2372153898,
    "operatingIncome": 549778000,
    "operatingIncomeRatio": 0.1606513507,
    "totalOtherIncomeExpensesNet": -221921000,
    "incomeBeforeTax": 327857000,
    "incomeBeforeTaxRatio": 0.0958035241,
    "incomeTaxExpense": 94943000,
    "netIncome": 221177000,
    "netIncomeRatio": 0.0646304214,
    "eps": 1.66,
    "epsdiluted": 1.64,
    "weightedAverageShsOut": 133210000,
    "weightedAverageShsOutDil": 135093000,
    "link": "https://www.sec.gov/Archives/edgar/data/1396009/000139600916000044/0001396009-16-000044-index.htm",
    "finalLink": "https://www.sec.gov/Archives/edgar/data/1396009/000139600916000044/vmc-20151231x10k.htm"
  },
  {
    "date": "2014-12-31",
    "symbol": "VMC",
    "reportedCurrency": "USD",
    "cik": "0001396009",
    "fillingDate": "2015-02-27",
    "acceptedDate": "2015-02-26 17:33:54",
    "calendarYear": "2014",
    "period": "FY",
    "revenue": 2994169000,
    "costOfRevenue": 2406587000,
    "grossProfit": 587582000,
    "grossProfitRatio": 0.1962420959,
    "researchAndDevelopmentExpenses": 0,
    "generalAndAdministrativeExpenses": 0,
    "sellingAndMarketingExpenses": 0,
    "sellingGeneralAndAdministrativeExpenses": 272288000,
    "otherExpenses": -222844000,
    "operatingExpenses": 49444000,
    "costAndExpenses": 2456031000,
    "interestIncome": 960000,
    "interestExpense": 243367000,
    "depreciationAndAmortization": 267896000,
    "ebitda": 810101000,
    "ebitdaratio": 0.2705595442,
    "operatingIncome": 538138000,
    "operatingIncomeRatio": 0.179728666,
    "totalOtherIncomeExpensesNet": -239300000,
    "incomeBeforeTax": 298838000,
    "incomeBeforeTaxRatio": 0.0998066575,
    "incomeTaxExpense": 91692000,
    "netIncome": 204923000,
    "netIncomeRatio": 0.0684406926,
    "eps": 1.56,
    "epsdiluted": 1.54,
    "weightedAverageShsOut": 131461000,
    "weightedAverageShsOutDil": 132991000,
    "link": "https://www.sec.gov/Archives/edgar/data/1396009/000139600915000005/0001396009-15-000005-index.htm",
    "finalLink": "https://www.sec.gov/Archives/edgar/data/1396009/000139600915000005/vmc-20141231x10k.htm"
  },
  {
    "date": "2013-12-31",
    "symbol": "VMC",
    "reportedCurrency": "USD",
    "cik": "0001396009",
    "fillingDate": "2014-02-26",
    "acceptedDate": "2014-02-26 17:10:58",
    "calendarYear": "2013",
    "period": "FY",
    "revenue": 2770709000,
    "costOfRevenue": 2343829000,
    "grossProfit": 426880000,
    "grossProfitRatio": 0.1540688683,
    "researchAndDevelopmentExpenses": 0,
    "generalAndAdministrativeExpenses": 0,
    "sellingAndMarketingExpenses": 0,
    "sellingGeneralAndAdministrativeExpenses": 259427000,
    "otherExpenses": -22951000,
    "operatingExpenses": 236476000,
    "costAndExpenses": 2580305000,
    "interestIncome": 943000,
    "interestExpense": 202588000,
    "depreciationAndAmortization": 296423000,
    "ebitda": 495308000,
    "ebitdaratio": 0.178765796,
    "operatingIncome": 190404000,
    "operatingIncomeRatio": 0.0687203167,
    "totalOtherIncomeExpensesNet": -194107000,
    "incomeBeforeTax": -3703000,
    "incomeBeforeTaxRatio": -0.001336481,
    "incomeTaxExpense": -24459000,
    "netIncome": 24382000,
    "netIncomeRatio": 0.0087999137,
    "eps": 0.19,
    "epsdiluted": 0.19,
    "weightedAverageShsOut": 130272000,
    "weightedAverageShsOutDil": 131467000,
    "link": "https://www.sec.gov/Archives/edgar/data/1396009/000139600914000006/0001396009-14-000006-index.htm",
    "finalLink": "https://www.sec.gov/Archives/edgar/data/1396009/000139600914000006/vmc-20131231x10k.htm"
  },
  {
    "date": "2012-12-31",
    "symbol": "VMC",
    "reportedCurrency": "USD",
    "cik": "0001396009",
    "fillingDate": "2013-02-28",
    "acceptedDate": "2013-02-28 16:07:38",
    "calendarYear": "2012",
    "period": "FY",
    "revenue": 2567310000,
    "costOfRevenue": 2233284000,
    "grossProfit": 334026000,
    "grossProfitRatio": 0.1301073887,
    "researchAndDevelopmentExpenses": 0,
    "generalAndAdministrativeExpenses": 0,
    "sellingAndMarketingExpenses": 0,
    "sellingGeneralAndAdministrativeExpenses": 259140000,
    "otherExpenses": -9895000,
    "operatingExpenses": 249245000,
    "costAndExpenses": 2482529000,
    "interestIncome": 1141000,
    "interestExpense": 213067000,
    "depreciationAndAmortization": 324003000,
    "ebitda": 416652000,
    "ebitdaratio": 0.1622912699,
    "operatingIncome": 84781000,
    "operatingIncomeRatio": 0.0330232812,
    "totalOtherIncomeExpensesNet": -205199000,
    "incomeBeforeTax": -120418000,
    "incomeBeforeTaxRatio": -0.0469043474,
    "incomeTaxExpense": -66492000,
    "netIncome": -52593000,
    "netIncomeRatio": -0.0204856445,
    "eps": -0.41,
    "epsdiluted": -0.41,
    "weightedAverageShsOut": 128395238,
    "weightedAverageShsOutDil": 129745000,
    "link": "https://www.sec.gov/Archives/edgar/data/1396009/000119312513084128/0001193125-13-084128-index.htm",
    "finalLink": "https://www.sec.gov/Archives/edgar/data/1396009/000119312513084128/d451546d10k.htm"
  },
  {
    "date": "2011-12-31",
    "symbol": "VMC",
    "reportedCurrency": "USD",
    "cik": "0001396009",
    "fillingDate": "2012-02-29",
    "acceptedDate": "2012-02-29 16:58:37",
    "calendarYear": "2011",
    "period": "FY",
    "revenue": 2564550000,
    "costOfRevenue": 2280681000,
    "grossProfit": 283869000,
    "grossProfitRatio": 0.1106895947,
    "researchAndDevelopmentExpenses": 0,
    "generalAndAdministrativeExpenses": 0,
    "sellingAndMarketingExpenses": 0,
    "sellingGeneralAndAdministrativeExpenses": 289993000,
    "otherExpenses": -69568000,
    "operatingExpenses": 220425000,
    "costAndExpenses": 2501106000,
    "interestIncome": 3444000,
    "interestExpense": 220628000,
    "depreciationAndAmortization": 353524000,
    "ebitda": 420414000,
    "ebitdaratio": 0.1639328537,
    "operatingIncome": 63444000,
    "operatingIncomeRatio": 0.0247388431,
    "totalOtherIncomeExpensesNet": -217182000,
    "incomeBeforeTax": -153738000,
    "incomeBeforeTaxRatio": -0.0599473592,
    "incomeTaxExpense": -78483000,
    "netIncome": -70778000,
    "netIncomeRatio": -0.027598604,
    "eps": -0.55,
    "epsdiluted": -0.55,
    "weightedAverageShsOut": 129381000,
    "weightedAverageShsOutDil": 129381000,
    "link": "https://www.sec.gov/Archives/edgar/data/1396009/000119312512089430/0001193125-12-089430-index.htm",
    "finalLink": "https://www.sec.gov/Archives/edgar/data/1396009/000119312512089430/d257544d10k.htm"
  },
  {
    "date": "2010-12-31",
    "symbol": "VMC",
    "reportedCurrency": "USD",
    "cik": "0001396009",
    "fillingDate": "2011-02-28",
    "acceptedDate": "2011-02-28 15:32:28",
    "calendarYear": "2010",
    "period": "FY",
    "revenue": 2558862000,
    "costOfRevenue": 2258136000,
    "grossProfit": 300726000,
    "grossProfitRatio": 0.1175233365,
    "researchAndDevelopmentExpenses": 0,
    "generalAndAdministrativeExpenses": 367537000,
    "sellingAndMarketingExpenses": -40000000,
    "sellingGeneralAndAdministrativeExpenses": 327537000,
    "otherExpenses": -12271000,
    "operatingExpenses": 315266000,
    "costAndExpenses": 2573402000,
    "interestIncome": 863000,
    "interestExpense": 181603000,
    "depreciationAndAmortization": 373452000,
    "ebitda": 362849000,
    "ebitdaratio": 0.1418009256,
    "operatingIncome": -14540000,
    "operatingIncomeRatio": -0.0056822134,
    "totalOtherIncomeExpensesNet": -177666000,
    "incomeBeforeTax": -192206000,
    "incomeBeforeTaxRatio": -0.0751138592,
    "incomeTaxExpense": -89663000,
    "netIncome": -96490000,
    "netIncomeRatio": -0.0377081687,
    "eps": -0.75,
    "epsdiluted": -0.75,
    "weightedAverageShsOut": 128050000,
    "weightedAverageShsOutDil": 128050000,
    "link": "https://www.sec.gov/Archives/edgar/data/1396009/000095012311019699/0000950123-11-019699-index.htm",
    "finalLink": "https://www.sec.gov/Archives/edgar/data/1396009/000095012311019699/g24488e10vk.htm"
  },
  {
    "date": "2009-12-31",
    "symbol": "VMC",
    "reportedCurrency": "USD",
    "cik": "0001396009",
    "fillingDate": "2010-02-26",
    "acceptedDate": "2010-02-26 17:25:32",
    "calendarYear": "2009",
    "period": "FY",
    "revenue": 2690490000,
    "costOfRevenue": 2244528000,
    "grossProfit": 445962000,
    "grossProfitRatio": 0.1657549368,
    "researchAndDevelopmentExpenses": 0,
    "generalAndAdministrativeExpenses": 321608000,
    "sellingAndMarketingExpenses": 0,
    "sellingGeneralAndAdministrativeExpenses": 321608000,
    "otherExpenses": -24098000,
    "operatingExpenses": 297510000,
    "costAndExpenses": 2542038000,
    "interestIncome": 2282000,
    "interestExpense": 175262000,
    "depreciationAndAmortization": 394612000,
    "ebitda": 550653000,
    "ebitdaratio": 0.2046664362,
    "operatingIncome": 148452000,
    "operatingIncomeRatio": 0.0551765664,
    "totalOtherIncomeExpensesNet": -167673000,
    "incomeBeforeTax": -19221000,
    "incomeBeforeTaxRatio": -0.0071440518,
    "incomeTaxExpense": -37869000,
    "netIncome": 30314000,
    "netIncomeRatio": 0.0112670926,
    "eps": 0.25,
    "epsdiluted": 0.25,
    "weightedAverageShsOut": 118891000,
    "weightedAverageShsOutDil": 119430000,
    "link": "https://www.sec.gov/Archives/edgar/data/1396009/000095012310018400/0000950123-10-018400-index.htm",
    "finalLink": "https://www.sec.gov/Archives/edgar/data/1396009/000095012310018400/g21744e10vk.htm"
  },
  {
    "date": "2008-12-31",
    "symbol": "VMC",
    "reportedCurrency": "USD",
    "cik": "0001396009",
    "fillingDate": "2009-03-02",
    "acceptedDate": "2009-03-02 15:25:25",
    "calendarYear": "2008",
    "period": "FY",
    "revenue": 3651438000,
    "costOfRevenue": 2901726000,
    "grossProfit": 749712000,
    "grossProfitRatio": 0.2053196576,
    "researchAndDevelopmentExpenses": 0,
    "generalAndAdministrativeExpenses": 0,
    "sellingAndMarketingExpenses": 0,
    "sellingGeneralAndAdministrativeExpenses": 342584000,
    "otherExpenses": 158026000,
    "operatingExpenses": 500610000,
    "costAndExpenses": 3402336000,
    "interestIncome": 3126000,
    "interestExpense": 172813000,
    "depreciationAndAmortization": 389060000,
    "ebitda": 636931000,
    "ebitdaratio": 0.174432922,
    "operatingIncome": 249102000,
    "operatingIncomeRatio": 0.0682202464,
    "totalOtherIncomeExpensesNet": -332070000,
    "incomeBeforeTax": 75058000,
    "incomeBeforeTaxRatio": 0.0205557372,
    "incomeTaxExpense": 76724000,
    "netIncome": -4115000,
    "netIncomeRatio": -0.0011269533,
    "eps": -0.0375,
    "epsdiluted": -0.0371,
    "weightedAverageShsOut": 109774000,
    "weightedAverageShsOutDil": 110954000,
    "link": "https://www.sec.gov/Archives/edgar/data/1396009/000095014409001772/0000950144-09-001772-index.htm",
    "finalLink": "https://www.sec.gov/Archives/edgar/data/1396009/000095014409001772/g17356e10vk.htm"
  },
  {
    "date": "2007-12-31",
    "symbol": "VMC",
    "reportedCurrency": "USD",
    "cik": "0001396009",
    "fillingDate": "2008-02-29",
    "acceptedDate": "2008-02-29 12:50:40",
    "calendarYear": "2007",
    "period": "FY",
    "revenue": 3327787000,
    "costOfRevenue": 2376884000,
    "grossProfit": 950903000,
    "grossProfitRatio": 0.2857463534,
    "researchAndDevelopmentExpenses": 0,
    "generalAndAdministrativeExpenses": 0,
    "sellingAndMarketingExpenses": 0,
    "sellingGeneralAndAdministrativeExpenses": 289604000,
    "otherExpenses": -53118000,
    "operatingExpenses": 236486000,
    "costAndExpenses": 2613370000,
    "interestIncome": 0,
    "interestExpense": 0,
    "depreciationAndAmortization": 271475000,
    "ebitda": 985892000,
    "ebitdaratio": 0.2962605479,
    "operatingIncome": 714417000,
    "operatingIncomeRatio": 0.2146823099,
    "totalOtherIncomeExpensesNet": -46915000,
    "incomeBeforeTax": 667502000,
    "incomeBeforeTaxRatio": 0.2005843523,
    "incomeTaxExpense": 204416000,
    "netIncome": 450910000,
    "netIncomeRatio": 0.1354984559,
    "eps": 4.65,
    "epsdiluted": 4.54,
    "weightedAverageShsOut": 97036000,
    "weightedAverageShsOutDil": 99403000,
    "link": "https://www.sec.gov/Archives/edgar/data/1396009/000095014408001522/0000950144-08-001522-index.htm",
    "finalLink": "https://www.sec.gov/Archives/edgar/data/1396009/000095014408001522/g11999e10vk.htm"
  },
  {
    "date": "2006-12-31",
    "symbol": "VMC",
    "reportedCurrency": "USD",
    "cik": "0001396009",
    "fillingDate": "2006-12-31",
    "acceptedDate": "2006-12-30 19:00:00",
    "calendarYear": "2006",
    "period": "FY",
    "revenue": 3342475000,
    "costOfRevenue": 2410571000,
    "grossProfit": 931904000,
    "grossProfitRatio": 0.278806573,
    "researchAndDevelopmentExpenses": 0,
    "generalAndAdministrativeExpenses": 0,
    "sellingAndMarketingExpenses": 0,
    "sellingGeneralAndAdministrativeExpenses": 264276000,
    "otherExpenses": -27461000,
    "operatingExpenses": 236815000,
    "costAndExpenses": 2647386000,
    "interestIncome": 0,
    "interestExpense": 0,
    "depreciationAndAmortization": 226370000,
    "ebitda": 921459000,
    "ebitdaratio": 0.2756816431,
    "operatingIncome": 695089000,
    "operatingIncomeRatio": 0.2079563796,
    "totalOtherIncomeExpensesNet": 35863000,
    "incomeBeforeTax": 703461000,
    "incomeBeforeTaxRatio": 0.2104611104,
    "incomeTaxExpense": 225963000,
    "netIncome": 467534000,
    "netIncomeRatio": 0.1398765885,
    "eps": 4.82,
    "epsdiluted": 4.71,
    "weightedAverageShsOut": 97577000,
    "weightedAverageShsOutDil": 99777000,
    "link": "",
    "finalLink": ""
  },
  {
    "date": "2005-12-31",
    "symbol": "VMC",
    "reportedCurrency": "USD",
    "cik": "0001396009",
    "fillingDate": "2005-12-31",
    "acceptedDate": "2005-12-30 19:00:00",
    "calendarYear": "2005",
    "period": "FY",
    "revenue": 2895327000,
    "costOfRevenue": 2186513000,
    "grossProfit": 708814000,
    "grossProfitRatio": 0.2448131075,
    "researchAndDevelopmentExpenses": 0,
    "generalAndAdministrativeExpenses": 0,
    "sellingAndMarketingExpenses": 0,
    "sellingGeneralAndAdministrativeExpenses": 232411000,
    "otherExpenses": -433000,
    "operatingExpenses": 231978000,
    "costAndExpenses": 2418491000,
    "interestIncome": 0,
    "interestExpense": 0,
    "depreciationAndAmortization": 222868000,
    "ebitda": 699704000,
    "ebitdaratio": 0.241666658,
    "operatingIncome": 476836000,
    "operatingIncomeRatio": 0.1646915875,
    "totalOtherIncomeExpensesNet": 4292000,
    "incomeBeforeTax": 480237000,
    "incomeBeforeTaxRatio": 0.1658662389,
    "incomeTaxExpense": 136402000,
    "netIncome": 388757000,
    "netIncomeRatio": 0.1342704986,
    "eps": 3.81,
    "epsdiluted": 3.74,
    "weightedAverageShsOut": 102179000,
    "weightedAverageShsOutDil": 104085000,
    "link": "",
    "finalLink": ""
  },
  {
    "date": "2004-12-31",
    "symbol": "VMC",
    "reportedCurrency": "USD",
    "cik": "0001396009",
    "fillingDate": "2004-12-31",
    "acceptedDate": "2004-12-30 19:00:00",
    "calendarYear": "2004",
    "period": "FY",
    "revenue": 2454335000,
    "costOfRevenue": 1871662000,
    "grossProfit": 582673000,
    "grossProfitRatio": 0.2374056516,
    "researchAndDevelopmentExpenses": 0,
    "generalAndAdministrativeExpenses": 0,
    "sellingAndMarketingExpenses": 0,
    "sellingGeneralAndAdministrativeExpenses": 204541000,
    "otherExpenses": 0,
    "operatingExpenses": 204541000,
    "costAndExpenses": 2076203000,
    "interestIncome": 0,
    "interestExpense": 0,
    "depreciationAndAmortization": 245050000,
    "ebitda": 623182000,
    "ebitdaratio": 0.2539107335,
    "operatingIncome": 582673000,
    "operatingIncomeRatio": 0.2374056516,
    "totalOtherIncomeExpensesNet": -2566000,
    "incomeBeforeTax": 375566000,
    "incomeBeforeTaxRatio": 0.1530214905,
    "incomeTaxExpense": 114353000,
    "netIncome": 287385000,
    "netIncomeRatio": 0.1170928174,
    "eps": 2.81,
    "epsdiluted": 2.77,
    "weightedAverageShsOut": 102447000,
    "weightedAverageShsOutDil": 103664000,
    "link": "",
    "finalLink": ""
  },
  {
    "date": "2003-12-31",
    "symbol": "VMC",
    "reportedCurrency": "USD",
    "cik": "0001396009",
    "fillingDate": "2003-12-31",
    "acceptedDate": "2003-12-30 19:00:00",
    "calendarYear": "2003",
    "period": "FY",
    "revenue": 2309642000,
    "costOfRevenue": 1753895000,
    "grossProfit": 555747000,
    "grossProfitRatio": 0.2406204078,
    "researchAndDevelopmentExpenses": 0,
    "generalAndAdministrativeExpenses": 0,
    "sellingAndMarketingExpenses": 0,
    "sellingGeneralAndAdministrativeExpenses": 178784000,
    "otherExpenses": 0,
    "operatingExpenses": 178784000,
    "costAndExpenses": 1932679000,
    "interestIncome": 0,
    "interestExpense": 0,
    "depreciationAndAmortization": 277091000,
    "ebitda": 654054000,
    "ebitdaratio": 0.2831841472,
    "operatingIncome": 376963000,
    "operatingIncomeRatio": 0.1632127403,
    "totalOtherIncomeExpensesNet": -41883000,
    "incomeBeforeTax": 311425000,
    "incomeBeforeTaxRatio": 0.1348369141,
    "incomeTaxExpense": 87971000,
    "netIncome": 194952000,
    "netIncomeRatio": 0.0844078866,
    "eps": 1.91,
    "epsdiluted": 1.9,
    "weightedAverageShsOut": 101849000,
    "weightedAverageShsOutDil": 102710000,
    "link": "",
    "finalLink": ""
  },
  {
    "date": "2002-12-31",
    "symbol": "VMC",
    "reportedCurrency": "USD",
    "cik": "0001396009",
    "fillingDate": "2002-12-31",
    "acceptedDate": "2002-12-30 19:00:00",
    "calendarYear": "2002",
    "period": "FY",
    "revenue": 2648051000,
    "costOfRevenue": 2131580000,
    "grossProfit": 516471000,
    "grossProfitRatio": 0.195038162,
    "researchAndDevelopmentExpenses": 0,
    "generalAndAdministrativeExpenses": 0,
    "sellingAndMarketingExpenses": 0,
    "sellingGeneralAndAdministrativeExpenses": 196921000,
    "otherExpenses": 0,
    "operatingExpenses": 196921000,
    "costAndExpenses": 2328501000,
    "interestIncome": 0,
    "interestExpense": 0,
    "depreciationAndAmortization": 267676000,
    "ebitda": 587226000,
    "ebitdaratio": 0.2217578136,
    "operatingIncome": 319550000,
    "operatingIncomeRatio": 0.1206736577,
    "totalOtherIncomeExpensesNet": -24578000,
    "incomeBeforeTax": 257660000,
    "incomeBeforeTaxRatio": 0.0973017514,
    "incomeTaxExpense": 67247000,
    "netIncome": 169876000,
    "netIncomeRatio": 0.0641513324,
    "eps": 1.67,
    "epsdiluted": 1.66,
    "weightedAverageShsOut": 101709000,
    "weightedAverageShsOutDil": 102515000,
    "link": "",
    "finalLink": ""
  },
  {
    "date": "2001-12-31",
    "symbol": "VMC",
    "reportedCurrency": "USD",
    "cik": "0001396009",
    "fillingDate": "2001-12-31",
    "acceptedDate": "2001-12-31 00:00:00",
    "calendarYear": "2001",
    "period": "FY",
    "revenue": 2865632000,
    "costOfRevenue": 2241580000,
    "grossProfit": 624052000,
    "grossProfitRatio": 0.2177711583,
    "researchAndDevelopmentExpenses": 0,
    "generalAndAdministrativeExpenses": 0,
    "sellingAndMarketingExpenses": 0,
    "sellingGeneralAndAdministrativeExpenses": 197951000,
    "otherExpenses": -30000000,
    "operatingExpenses": 167951000,
    "costAndExpenses": 2409531000,
    "interestIncome": 0,
    "interestExpense": 0,
    "depreciationAndAmortization": 278209000,
    "ebitda": 704310000,
    "ebitdaratio": 0.2457782437,
    "operatingIncome": 456101000,
    "operatingIncomeRatio": 0.1591624465,
    "totalOtherIncomeExpensesNet": -16239000,
    "incomeBeforeTax": 324053000,
    "incomeBeforeTaxRatio": 0.1130825591,
    "incomeTaxExpense": 101373000,
    "netIncome": 222680000,
    "netIncomeRatio": 0.0777071166,
    "eps": 2.2,
    "epsdiluted": 2.17,
    "weightedAverageShsOut": 101218182,
    "weightedAverageShsOutDil": 102617512,
    "link": null,
    "finalLink": null
  },
  {
    "date": "2000-12-31",
    "symbol": "VMC",
    "reportedCurrency": "USD",
    "cik": "0001396009",
    "fillingDate": "2000-12-31",
    "acceptedDate": "2000-12-31 00:00:00",
    "calendarYear": "2000",
    "period": "FY",
    "revenue": 2491744000,
    "costOfRevenue": 1701912000,
    "grossProfit": 789832000,
    "grossProfitRatio": 0.3169795934,
    "researchAndDevelopmentExpenses": 0,
    "generalAndAdministrativeExpenses": 0,
    "sellingAndMarketingExpenses": 0,
    "sellingGeneralAndAdministrativeExpenses": 216978000,
    "otherExpenses": 232365000,
    "operatingExpenses": 449343000,
    "costAndExpenses": 2151255000,
    "interestIncome": 0,
    "interestExpense": 0,
    "depreciationAndAmortization": 232365000,
    "ebitda": 572854000,
    "ebitdaratio": 0.2299008245,
    "operatingIncome": 340489000,
    "operatingIncomeRatio": 0.1366468626,
    "totalOtherIncomeExpensesNet": -28251000,
    "incomeBeforeTax": 312238000,
    "incomeBeforeTaxRatio": 0.1253090205,
    "incomeTaxExpense": 92345000,
    "netIncome": 219893000,
    "netIncomeRatio": 0.0882486323,
    "eps": 2.18,
    "epsdiluted": 2.16,
    "weightedAverageShsOut": 101037000,
    "weightedAverageShsOutDil": 102012000,
    "link": null,
    "finalLink": null
  },
  {
    "date": "1999-12-31",
    "symbol": "VMC",
    "reportedCurrency": "USD",
    "cik": "0001396009",
    "fillingDate": "1999-12-31",
    "acceptedDate": "1999-12-31 00:00:00",
    "calendarYear": "1999",
    "period": "FY",
    "revenue": 2355800000,
    "costOfRevenue": 1584900000,
    "grossProfit": 770900000,
    "grossProfitRatio": 0.3272349096,
    "researchAndDevelopmentExpenses": 0,
    "generalAndAdministrativeExpenses": 0,
    "sellingAndMarketingExpenses": 0,
    "sellingGeneralAndAdministrativeExpenses": 205600000,
    "otherExpenses": 207100000,
    "operatingExpenses": 412700000,
    "costAndExpenses": 1997600000,
    "interestIncome": 0,
    "interestExpense": 0,
    "depreciationAndAmortization": 207100000,
    "ebitda": 565300000,
    "ebitdaratio": 0.2399609474,
    "operatingIncome": 358200000,
    "operatingIncomeRatio": 0.1520502589,
    "totalOtherIncomeExpensesNet": -6600000,
    "incomeBeforeTax": 351600000,
    "incomeBeforeTaxRatio": 0.1492486629,
    "incomeTaxExpense": 111900000,
    "netIncome": 239700000,
    "netIncomeRatio": 0.1017488751,
    "eps": 2.38,
    "epsdiluted": 2.35,
    "weightedAverageShsOut": 100895000,
    "weightedAverageShsOutDil": 102190000,
    "link": null,
    "finalLink": null
  },
  {
    "date": "1998-12-31",
    "symbol": "VMC",
    "reportedCurrency": "USD",
    "cik": "0001396009",
    "fillingDate": "1998-12-31",
    "acceptedDate": "1998-12-31 00:00:00",
    "calendarYear": "1998",
    "period": "FY",
    "revenue": 1776400000,
    "costOfRevenue": 1096400000,
    "grossProfit": 680000000,
    "grossProfitRatio": 0.3827966674,
    "researchAndDevelopmentExpenses": 0,
    "generalAndAdministrativeExpenses": 0,
    "sellingAndMarketingExpenses": 0,
    "sellingGeneralAndAdministrativeExpenses": 199000000,
    "otherExpenses": 137800000,
    "operatingExpenses": 336800000,
    "costAndExpenses": 1433200000,
    "interestIncome": 0,
    "interestExpense": 0,
    "depreciationAndAmortization": 137800000,
    "ebitda": 481000000,
    "ebitdaratio": 0.2707723486,
    "operatingIncome": 343200000,
    "operatingIncomeRatio": 0.1931997298,
    "totalOtherIncomeExpensesNet": 32100000,
    "incomeBeforeTax": 374800000,
    "incomeBeforeTaxRatio": 0.2109885161,
    "incomeTaxExpense": 118900000,
    "netIncome": 255900000,
    "netIncomeRatio": 0.1440553929,
    "eps": 2.54,
    "epsdiluted": 2.5,
    "weightedAverageShsOut": 100854000,
    "weightedAverageShsOutDil": 102177000,
    "link": null,
    "finalLink": null
  },
  {
    "date": "1997-12-31",
    "symbol": "VMC",
    "reportedCurrency": "USD",
    "cik": "0001396009",
    "fillingDate": "1997-12-31",
    "acceptedDate": "1997-12-31 00:00:00",
    "calendarYear": "1997",
    "period": "FY",
    "revenue": 1678600000,
    "costOfRevenue": 1075300000,
    "grossProfit": 603300000,
    "grossProfitRatio": 0.3594066484,
    "researchAndDevelopmentExpenses": 0,
    "generalAndAdministrativeExpenses": 0,
    "sellingAndMarketingExpenses": 0,
    "sellingGeneralAndAdministrativeExpenses": 190400000,
    "otherExpenses": 129200000,
    "operatingExpenses": 319600000,
    "costAndExpenses": 1394900000,
    "interestIncome": 0,
    "interestExpense": 0,
    "depreciationAndAmortization": 129200000,
    "ebitda": 412900000,
    "ebitdaratio": 0.2459787919,
    "operatingIncome": 283700000,
    "operatingIncomeRatio": 0.1690098892,
    "totalOtherIncomeExpensesNet": 16900000,
    "incomeBeforeTax": 300500000,
    "incomeBeforeTaxRatio": 0.1790182295,
    "incomeTaxExpense": 91400000,
    "netIncome": 209100000,
    "netIncomeRatio": 0.1245680925,
    "eps": 2.06,
    "epsdiluted": 2.03,
    "weightedAverageShsOut": 101504854,
    "weightedAverageShsOutDil": 103004926,
    "link": null,
    "finalLink": null
  },
  {
    "date": "1996-12-31",
    "symbol": "VMC",
    "reportedCurrency": "USD",
    "cik": "0001396009",
    "fillingDate": "1996-12-31",
    "acceptedDate": "1996-12-31 00:00:00",
    "calendarYear": "1996",
    "period": "FY",
    "revenue": 1568900000,
    "costOfRevenue": 1006700000,
    "grossProfit": 562200000,
    "grossProfitRatio": 0.3583402384,
    "researchAndDevelopmentExpenses": 0,
    "generalAndAdministrativeExpenses": 0,
    "sellingAndMarketingExpenses": 0,
    "sellingGeneralAndAdministrativeExpenses": 175100000,
    "otherExpenses": 112600000,
    "operatingExpenses": 287700000,
    "costAndExpenses": 1294400000,
    "interestIncome": 0,
    "interestExpense": 0,
    "depreciationAndAmortization": 112600000,
    "ebitda": 387100000,
    "ebitdaratio": 0.2467333801,
    "operatingIncome": 274500000,
    "operatingIncomeRatio": 0.1749633501,
    "totalOtherIncomeExpensesNet": 11100000,
    "incomeBeforeTax": 285600000,
    "incomeBeforeTaxRatio": 0.1820383708,
    "incomeTaxExpense": 97000000,
    "netIncome": 188600000,
    "netIncomeRatio": 0.1202116132,
    "eps": 1.79,
    "epsdiluted": 1.79,
    "weightedAverageShsOut": 105519000,
    "weightedAverageShsOutDil": 105864662,
    "link": null,
    "finalLink": null
  },
  {
    "date": "1995-12-31",
    "symbol": "VMC",
    "reportedCurrency": "USD",
    "cik": "0001396009",
    "fillingDate": "1995-12-31",
    "acceptedDate": "1995-12-31 00:00:00",
    "calendarYear": "1995",
    "period": "FY",
    "revenue": 1461000000,
    "costOfRevenue": 934000000,
    "grossProfit": 527000000,
    "grossProfitRatio": 0.3607118412,
    "researchAndDevelopmentExpenses": 0,
    "generalAndAdministrativeExpenses": 0,
    "sellingAndMarketingExpenses": 0,
    "sellingGeneralAndAdministrativeExpenses": 159800000,
    "otherExpenses": 110700000,
    "operatingExpenses": 270500000,
    "costAndExpenses": 1204500000,
    "interestIncome": 0,
    "interestExpense": 0,
    "depreciationAndAmortization": 110700000,
    "ebitda": 367200000,
    "ebitdaratio": 0.2513347023,
    "operatingIncome": 256500000,
    "operatingIncomeRatio": 0.1755646817,
    "totalOtherIncomeExpensesNet": 1900000,
    "incomeBeforeTax": 258400000,
    "incomeBeforeTaxRatio": 0.1768651608,
    "incomeTaxExpense": 92200000,
    "netIncome": 166200000,
    "netIncomeRatio": 0.1137577002,
    "eps": 1.54,
    "epsdiluted": 1.54,
    "weightedAverageShsOut": 107799000,
    "weightedAverageShsOutDil": 108672566,
    "link": null,
    "finalLink": null
  },
  {
    "date": "1994-12-31",
    "symbol": "VMC",
    "reportedCurrency": "USD",
    "cik": "0001396009",
    "fillingDate": "1994-12-31",
    "acceptedDate": "1994-12-31 00:00:00",
    "calendarYear": "1994",
    "period": "FY",
    "revenue": 1253400000,
    "costOfRevenue": 878500000,
    "grossProfit": 374900000,
    "grossProfitRatio": 0.2991064305,
    "researchAndDevelopmentExpenses": 0,
    "generalAndAdministrativeExpenses": 0,
    "sellingAndMarketingExpenses": 0,
    "sellingGeneralAndAdministrativeExpenses": 125000000,
    "otherExpenses": 106600000,
    "operatingExpenses": 231600000,
    "costAndExpenses": 1110100000,
    "interestIncome": 0,
    "interestExpense": 0,
    "depreciationAndAmortization": 106600000,
    "ebitda": 249900000,
    "ebitdaratio": 0.1993776927,
    "operatingIncome": 143300000,
    "operatingIncomeRatio": 0.1143290251,
    "totalOtherIncomeExpensesNet": 2600000,
    "incomeBeforeTax": 145900000,
    "incomeBeforeTaxRatio": 0.1164033828,
    "incomeTaxExpense": 47900000,
    "netIncome": 98000000,
    "netIncomeRatio": 0.0781873305,
    "eps": 0.89,
    "epsdiluted": 0.89,
    "weightedAverageShsOut": 110049000,
    "weightedAverageShsOutDil": 110166667,
    "link": null,
    "finalLink": null
  },
  {
    "date": "1993-12-31",
    "symbol": "VMC",
    "reportedCurrency": "USD",
    "cik": "0001396009",
    "fillingDate": "1993-12-31",
    "acceptedDate": "1993-12-31 00:00:00",
    "calendarYear": "1993",
    "period": "FY",
    "revenue": 1133500000,
    "costOfRevenue": 784000000,
    "grossProfit": 349500000,
    "grossProfitRatio": 0.3083370093,
    "researchAndDevelopmentExpenses": 0,
    "generalAndAdministrativeExpenses": 0,
    "sellingAndMarketingExpenses": 0,
    "sellingGeneralAndAdministrativeExpenses": 111100000,
    "otherExpenses": 102800000,
    "operatingExpenses": 213900000,
    "costAndExpenses": 997900000,
    "interestIncome": 0,
    "interestExpense": 0,
    "depreciationAndAmortization": 102800000,
    "ebitda": 238400000,
    "ebitdaratio": 0.2103220115,
    "operatingIncome": 135600000,
    "operatingIncomeRatio": 0.1196294663,
    "totalOtherIncomeExpensesNet": -10400000,
    "incomeBeforeTax": 125200000,
    "incomeBeforeTaxRatio": 0.1104543449,
    "incomeTaxExpense": 37000000,
    "netIncome": 88200000,
    "netIncomeRatio": 0.0778120865,
    "eps": 0.8,
    "epsdiluted": 0.8,
    "weightedAverageShsOut": 110250000,
    "weightedAverageShsOutDil": 110250000,
    "link": null,
    "finalLink": null
  },
  {
    "date": "1992-12-31",
    "symbol": "VMC",
    "reportedCurrency": "USD",
    "cik": "0001396009",
    "fillingDate": "1992-12-31",
    "acceptedDate": "1992-12-31 00:00:00",
    "calendarYear": "1992",
    "period": "FY",
    "revenue": 1078000000,
    "costOfRevenue": 725600000,
    "grossProfit": 352400000,
    "grossProfitRatio": 0.3269016698,
    "researchAndDevelopmentExpenses": 0,
    "generalAndAdministrativeExpenses": 0,
    "sellingAndMarketingExpenses": 0,
    "sellingGeneralAndAdministrativeExpenses": 105700000,
    "otherExpenses": 103300000,
    "operatingExpenses": 209000000,
    "costAndExpenses": 934600000,
    "interestIncome": 0,
    "interestExpense": 0,
    "depreciationAndAmortization": 103300000,
    "ebitda": 246700000,
    "ebitdaratio": 0.2288497217,
    "operatingIncome": 143400000,
    "operatingIncomeRatio": 0.1330241187,
    "totalOtherIncomeExpensesNet": -12700000,
    "incomeBeforeTax": 130700000,
    "incomeBeforeTaxRatio": 0.1212430427,
    "incomeTaxExpense": 39700000,
    "netIncome": 94000000,
    "netIncomeRatio": 0.0871985158,
    "eps": 0.86,
    "epsdiluted": 0.86,
    "weightedAverageShsOut": 109302326,
    "weightedAverageShsOutDil": 109302326,
    "link": null,
    "finalLink": null
  },
  {
    "date": "1991-12-31",
    "symbol": "VMC",
    "reportedCurrency": "USD",
    "cik": "0001396009",
    "fillingDate": "1991-12-31",
    "acceptedDate": "1991-12-31 00:00:00",
    "calendarYear": "1991",
    "period": "FY",
    "revenue": 1007500000,
    "costOfRevenue": 685600000,
    "grossProfit": 321900000,
    "grossProfitRatio": 0.3195037221,
    "researchAndDevelopmentExpenses": 0,
    "generalAndAdministrativeExpenses": 0,
    "sellingAndMarketingExpenses": 0,
    "sellingGeneralAndAdministrativeExpenses": 127000000,
    "otherExpenses": 109700000,
    "operatingExpenses": 236700000,
    "costAndExpenses": 922300000,
    "interestIncome": 0,
    "interestExpense": 0,
    "depreciationAndAmortization": 109700000,
    "ebitda": 194900000,
    "ebitdaratio": 0.1934491315,
    "operatingIncome": 85200000,
    "operatingIncomeRatio": 0.0845657568,
    "totalOtherIncomeExpensesNet": -11700000,
    "incomeBeforeTax": 73500000,
    "incomeBeforeTaxRatio": 0.0729528536,
    "incomeTaxExpense": 20900000,
    "netIncome": 52600000,
    "netIncomeRatio": 0.0522084367,
    "eps": 0.46,
    "epsdiluted": 0.46,
    "weightedAverageShsOut": 114347826,
    "weightedAverageShsOutDil": 114347826,
    "link": null,
    "finalLink": null
  },
  {
    "date": "1990-12-31",
    "symbol": "VMC",
    "reportedCurrency": "USD",
    "cik": "0001396009",
    "fillingDate": "1990-12-31",
    "acceptedDate": "1990-12-31 00:00:00",
    "calendarYear": "1990",
    "period": "FY",
    "revenue": 1105300000,
    "costOfRevenue": 711200000,
    "grossProfit": 394100000,
    "grossProfitRatio": 0.3565547815,
    "researchAndDevelopmentExpenses": 0,
    "generalAndAdministrativeExpenses": 0,
    "sellingAndMarketingExpenses": 0,
    "sellingGeneralAndAdministrativeExpenses": 107500000,
    "otherExpenses": 102700000,
    "operatingExpenses": 210200000,
    "costAndExpenses": 921400000,
    "interestIncome": 0,
    "interestExpense": 0,
    "depreciationAndAmortization": 102700000,
    "ebitda": 286600000,
    "ebitdaratio": 0.2592961187,
    "operatingIncome": 183900000,
    "operatingIncomeRatio": 0.1663801683,
    "totalOtherIncomeExpensesNet": -4600000,
    "incomeBeforeTax": 179300000,
    "incomeBeforeTaxRatio": 0.1622184022,
    "incomeTaxExpense": 59000000,
    "netIncome": 120300000,
    "netIncomeRatio": 0.1088392292,
    "eps": 1.04,
    "epsdiluted": 1.03,
    "weightedAverageShsOut": 115673077,
    "weightedAverageShsOutDil": 116796117,
    "link": null,
    "finalLink": null
  },
  {
    "date": "1989-12-31",
    "symbol": "VMC",
    "reportedCurrency": "USD",
    "cik": "0001396009",
    "fillingDate": "1989-12-31",
    "acceptedDate": "1989-12-31 00:00:00",
    "calendarYear": "1989",
    "period": "FY",
    "revenue": 1076200000,
    "costOfRevenue": 682100000,
    "grossProfit": 394100000,
    "grossProfitRatio": 0.3661958744,
    "researchAndDevelopmentExpenses": 0,
    "generalAndAdministrativeExpenses": 0,
    "sellingAndMarketingExpenses": 0,
    "sellingGeneralAndAdministrativeExpenses": 99000000,
    "otherExpenses": 94100000,
    "operatingExpenses": 193100000,
    "costAndExpenses": 875200000,
    "interestIncome": 0,
    "interestExpense": 0,
    "depreciationAndAmortization": 94100000,
    "ebitda": 295100000,
    "ebitdaratio": 0.274205538,
    "operatingIncome": 201000000,
    "operatingIncomeRatio": 0.1867682587,
    "totalOtherIncomeExpensesNet": 300000,
    "incomeBeforeTax": 201300000,
    "incomeBeforeTaxRatio": 0.1870470173,
    "incomeTaxExpense": 67900000,
    "netIncome": 129300000,
    "netIncomeRatio": 0.1201449545,
    "eps": 1.05,
    "epsdiluted": 1.05,
    "weightedAverageShsOut": 123142857,
    "weightedAverageShsOutDil": 123142857,
    "link": null,
    "finalLink": null
  },
  {
    "date": "1988-12-31",
    "symbol": "VMC",
    "reportedCurrency": "USD",
    "cik": "0001396009",
    "fillingDate": "1988-12-31",
    "acceptedDate": "1988-12-30 19:00:00",
    "calendarYear": "1988",
    "period": "FY",
    "revenue": 1053200000,
    "costOfRevenue": 663300000,
    "grossProfit": 389900000,
    "grossProfitRatio": 0.3702050893,
    "researchAndDevelopmentExpenses": 0,
    "generalAndAdministrativeExpenses": 0,
    "sellingAndMarketingExpenses": 0,
    "sellingGeneralAndAdministrativeExpenses": 95600000,
    "otherExpenses": 85900000,
    "operatingExpenses": 181500000,
    "costAndExpenses": 844800000,
    "interestIncome": 0,
    "interestExpense": 0,
    "depreciationAndAmortization": 85900000,
    "ebitda": 294300000,
    "ebitdaratio": 0.2794341056,
    "operatingIncome": 208400000,
    "operatingIncomeRatio": 0.1978731485,
    "totalOtherIncomeExpensesNet": -2200000,
    "incomeBeforeTax": 206200000,
    "incomeBeforeTaxRatio": 0.1957842765,
    "incomeTaxExpense": 70200000,
    "netIncome": 136000000,
    "netIncomeRatio": 0.1291302697,
    "eps": 1.1,
    "epsdiluted": 1.1,
    "weightedAverageShsOut": 123636364,
    "weightedAverageShsOutDil": 123636364,
    "link": "",
    "finalLink": ""
  },
  {
    "date": "1987-12-31",
    "symbol": "VMC",
    "reportedCurrency": "USD",
    "cik": "0001396009",
    "fillingDate": "1987-12-31",
    "acceptedDate": "1987-12-30 19:00:00",
    "calendarYear": "1987",
    "period": "FY",
    "revenue": 923300000,
    "costOfRevenue": 573400000,
    "grossProfit": 349900000,
    "grossProfitRatio": 0.3789667497,
    "researchAndDevelopmentExpenses": 0,
    "generalAndAdministrativeExpenses": 0,
    "sellingAndMarketingExpenses": 0,
    "sellingGeneralAndAdministrativeExpenses": 81800000,
    "otherExpenses": 77700000,
    "operatingExpenses": 159500000,
    "costAndExpenses": 732900000,
    "interestIncome": 0,
    "interestExpense": 0,
    "depreciationAndAmortization": 77700000,
    "ebitda": 268100000,
    "ebitdaratio": 0.2903714936,
    "operatingIncome": 190400000,
    "operatingIncomeRatio": 0.2062168309,
    "totalOtherIncomeExpensesNet": -10800000,
    "incomeBeforeTax": 179600000,
    "incomeBeforeTaxRatio": 0.1945196577,
    "incomeTaxExpense": 65100000,
    "netIncome": 116300000,
    "netIncomeRatio": 0.125961226,
    "eps": 0.91,
    "epsdiluted": 0.91,
    "weightedAverageShsOut": 127802198,
    "weightedAverageShsOutDil": 127802198,
    "link": "",
    "finalLink": ""
  },
  {
    "date": "1986-12-31",
    "symbol": "VMC",
    "reportedCurrency": "USD",
    "cik": "0001396009",
    "fillingDate": "1986-12-31",
    "acceptedDate": "1986-12-30 19:00:00",
    "calendarYear": "1986",
    "period": "FY",
    "revenue": 957800000,
    "costOfRevenue": 640700000,
    "grossProfit": 317100000,
    "grossProfitRatio": 0.3310712048,
    "researchAndDevelopmentExpenses": 0,
    "generalAndAdministrativeExpenses": 0,
    "sellingAndMarketingExpenses": 0,
    "sellingGeneralAndAdministrativeExpenses": 84300000,
    "otherExpenses": 77100000,
    "operatingExpenses": 161400000,
    "costAndExpenses": 802100000,
    "interestIncome": 0,
    "interestExpense": 0,
    "depreciationAndAmortization": 77100000,
    "ebitda": 232800000,
    "ebitdaratio": 0.2430570056,
    "operatingIncome": 155700000,
    "operatingIncomeRatio": 0.1625600334,
    "totalOtherIncomeExpensesNet": 1700000,
    "incomeBeforeTax": 157400000,
    "incomeBeforeTaxRatio": 0.1643349342,
    "incomeTaxExpense": 64200000,
    "netIncome": 93200000,
    "netIncomeRatio": 0.097306327,
    "eps": 0.7,
    "epsdiluted": 0.7,
    "weightedAverageShsOut": 133142857,
    "weightedAverageShsOutDil": 133142857,
    "link": "",
    "finalLink": ""
  },
  {
    "date": "1985-12-31",
    "symbol": "VMC",
    "reportedCurrency": "USD",
    "cik": "0001396009",
    "fillingDate": "1985-12-31",
    "acceptedDate": "1985-12-30 19:00:00",
    "calendarYear": "1985",
    "period": "FY",
    "revenue": 971800000,
    "costOfRevenue": 699100000,
    "grossProfit": 272700000,
    "grossProfitRatio": 0.2806132949,
    "researchAndDevelopmentExpenses": 0,
    "generalAndAdministrativeExpenses": 0,
    "sellingAndMarketingExpenses": 0,
    "sellingGeneralAndAdministrativeExpenses": 78200000,
    "otherExpenses": 68600000,
    "operatingExpenses": 146800000,
    "costAndExpenses": 845900000,
    "interestIncome": 0,
    "interestExpense": 0,
    "depreciationAndAmortization": 68600000,
    "ebitda": 194500000,
    "ebitdaratio": 0.2001440626,
    "operatingIncome": 125900000,
    "operatingIncomeRatio": 0.1295534061,
    "totalOtherIncomeExpensesNet": -2500000,
    "incomeBeforeTax": 123400000,
    "incomeBeforeTaxRatio": 0.1269808603,
    "incomeTaxExpense": 43800000,
    "netIncome": 71300000,
    "netIncomeRatio": 0.073369006,
    "eps": 0.51,
    "epsdiluted": 0.51,
    "weightedAverageShsOut": 139803922,
    "weightedAverageShsOutDil": 139803922,
    "link": "",
    "finalLink": ""
  }
]