[
  {
    "date": "2025-06-30",
    "symbol": "VRSK",
    "reportedCurrency": "USD",
    "cik": "0001442145",
    "fillingDate": "2025-07-30",
    "acceptedDate": "2025-07-30 07:19:32",
    "calendarYear": "2025",
    "period": "Q2",
    "revenue": 772600000,
    "costOfRevenue": 229500000,
    "grossProfit": 543100000,
    "grossProfitRatio": 0.7029510743,
    "researchAndDevelopmentExpenses": 0,
    "generalAndAdministrativeExpenses": 0,
    "sellingAndMarketingExpenses": 0,
    "sellingGeneralAndAdministrativeExpenses": 106500000,
    "otherExpenses": 82300000,
    "operatingExpenses": 188800000,
    "costAndExpenses": 418300000,
    "interestIncome": 0,
    "interestExpense": 35500000,
    "depreciationAndAmortization": 82300000,
    "ebitda": 445700000,
    "ebitdaratio": 0.5768832514,
    "operatingIncome": 354300000,
    "operatingIncomeRatio": 0.4585814134,
    "totalOtherIncomeExpensesNet": -26400000,
    "incomeBeforeTax": 327900000,
    "incomeBeforeTaxRatio": 0.4244110795,
    "incomeTaxExpense": 74600000,
    "netIncome": 253300000,
    "netIncomeRatio": 0.3278539995,
    "eps": 1.81,
    "epsdiluted": 1.81,
    "weightedAverageShsOut": 139818324,
    "weightedAverageShsOutDil": 140339539,
    "link": "https://www.sec.gov/Archives/edgar/data/1442145/000143774925023862/0001437749-25-023862-index.htm",
    "finalLink": "https://www.sec.gov/Archives/edgar/data/1442145/000143774925023862/vrsk20250630_10q.htm"
  },
  {
    "date": "2025-03-31",
    "symbol": "VRSK",
    "reportedCurrency": "USD",
    "cik": "0001442145",
    "fillingDate": "2025-05-07",
    "acceptedDate": "2025-05-07 07:20:05",
    "calendarYear": "2025",
    "period": "Q1",
    "revenue": 753000000,
    "costOfRevenue": 230800000,
    "grossProfit": 522200000,
    "grossProfitRatio": 0.6934926959,
    "researchAndDevelopmentExpenses": 0,
    "generalAndAdministrativeExpenses": 0,
    "sellingAndMarketingExpenses": 0,
    "sellingGeneralAndAdministrativeExpenses": 108900000,
    "otherExpenses": 83200000,
    "operatingExpenses": 192100000,
    "costAndExpenses": 422900000,
    "interestIncome": 0,
    "interestExpense": 36300000,
    "depreciationAndAmortization": 83200000,
    "ebitda": 415900000,
    "ebitdaratio": 0.5523240372,
    "operatingIncome": 330100000,
    "operatingIncomeRatio": 0.4383798141,
    "totalOtherIncomeExpensesNet": -33700000,
    "incomeBeforeTax": 296400000,
    "incomeBeforeTaxRatio": 0.393625498,
    "incomeTaxExpense": 64100000,
    "netIncome": 232300000,
    "netIncomeRatio": 0.308499336,
    "eps": 1.66,
    "epsdiluted": 1.65,
    "weightedAverageShsOut": 140294000,
    "weightedAverageShsOutDil": 140940000,
    "link": "https://www.sec.gov/Archives/edgar/data/1442145/000143774925014907/0001437749-25-014907-index.htm",
    "finalLink": "https://www.sec.gov/Archives/edgar/data/1442145/000143774925014907/vrsk20250331_10q.htm"
  },
  {
    "date": "2024-12-31",
    "symbol": "VRSK",
    "reportedCurrency": "USD",
    "cik": "0001442145",
    "fillingDate": "2025-02-26",
    "acceptedDate": "2025-02-26 07:23:11",
    "calendarYear": "2024",
    "period": "Q4",
    "revenue": 735600000,
    "costOfRevenue": 230500000,
    "grossProfit": 505100000,
    "grossProfitRatio": 0.6866503535,
    "researchAndDevelopmentExpenses": 0,
    "generalAndAdministrativeExpenses": 0,
    "sellingAndMarketingExpenses": 0,
    "sellingGeneralAndAdministrativeExpenses": 100300000,
    "otherExpenses": 88500000,
    "operatingExpenses": 188800000,
    "costAndExpenses": 419300000,
    "interestIncome": 0,
    "interestExpense": 34500000,
    "depreciationAndAmortization": 76400000,
    "ebitda": 386000000,
    "ebitdaratio": 0.5247417074,
    "operatingIncome": 316300000,
    "operatingIncomeRatio": 0.4299891245,
    "totalOtherIncomeExpensesNet": -41200000,
    "incomeBeforeTax": 275100000,
    "incomeBeforeTaxRatio": 0.3739804241,
    "incomeTaxExpense": 71600000,
    "netIncome": 210300000,
    "netIncomeRatio": 0.2858890701,
    "eps": 1.5,
    "epsdiluted": 1.49,
    "weightedAverageShsOut": 140836000,
    "weightedAverageShsOutDil": 141591000,
    "link": "https://www.sec.gov/Archives/edgar/data/1442145/000143774925005160/0001437749-25-005160-index.htm",
    "finalLink": "https://www.sec.gov/Archives/edgar/data/1442145/000143774925005160/vrsk20241231_10k.htm"
  },
  {
    "date": "2024-09-30",
    "symbol": "VRSK",
    "reportedCurrency": "USD",
    "cik": "0001442145",
    "fillingDate": "2024-10-30",
    "acceptedDate": "2024-10-30 07:18:53",
    "calendarYear": "2024",
    "period": "Q3",
    "revenue": 725300000,
    "costOfRevenue": 223400000,
    "grossProfit": 501900000,
    "grossProfitRatio": 0.6919895216,
    "researchAndDevelopmentExpenses": 0,
    "generalAndAdministrativeExpenses": 0,
    "sellingAndMarketingExpenses": 0,
    "sellingGeneralAndAdministrativeExpenses": 114000000,
    "otherExpenses": 76400000,
    "operatingExpenses": 190400000,
    "costAndExpenses": 413800000,
    "interestIncome": 0,
    "interestExpense": 32100000,
    "depreciationAndAmortization": 76400000,
    "ebitda": 393800000,
    "ebitdaratio": 0.5429477458,
    "operatingIncome": 311500000,
    "operatingIncomeRatio": 0.4294774576,
    "totalOtherIncomeExpensesNet": -26200000,
    "incomeBeforeTax": 285300000,
    "incomeBeforeTaxRatio": 0.393354474,
    "incomeTaxExpense": 65300000,
    "netIncome": 220000000,
    "netIncomeRatio": 0.303322763,
    "eps": 1.55,
    "epsdiluted": 1.54,
    "weightedAverageShsOut": 141779000,
    "weightedAverageShsOutDil": 142511000,
    "link": "https://www.sec.gov/Archives/edgar/data/1442145/000143774924032536/0001437749-24-032536-index.htm",
    "finalLink": "https://www.sec.gov/Archives/edgar/data/1442145/000143774924032536/vrsk20240930_10q.htm"
  },
  {
    "date": "2024-06-30",
    "symbol": "VRSK",
    "reportedCurrency": "USD",
    "cik": "0001442145",
    "fillingDate": "2024-07-31",
    "acceptedDate": "2024-07-31 07:19:11",
    "calendarYear": "2024",
    "period": "Q2",
    "revenue": 716800000,
    "costOfRevenue": 219400000,
    "grossProfit": 497400000,
    "grossProfitRatio": 0.6939174107,
    "researchAndDevelopmentExpenses": 0,
    "generalAndAdministrativeExpenses": 0,
    "sellingAndMarketingExpenses": 0,
    "sellingGeneralAndAdministrativeExpenses": 101500000,
    "otherExpenses": 77200000,
    "operatingExpenses": 178700000,
    "costAndExpenses": 398100000,
    "interestIncome": 0,
    "interestExpense": 29100000,
    "depreciationAndAmortization": 77200000,
    "ebitda": 499300000,
    "ebitdaratio": 0.6965680804,
    "operatingIncome": 318700000,
    "operatingIncomeRatio": 0.4446149554,
    "totalOtherIncomeExpensesNet": 74300000,
    "incomeBeforeTax": 393000000,
    "incomeBeforeTaxRatio": 0.5482700893,
    "incomeTaxExpense": 85200000,
    "netIncome": 307800000,
    "netIncomeRatio": 0.4294084821,
    "eps": 2.16,
    "epsdiluted": 2.15,
    "weightedAverageShsOut": 142705508,
    "weightedAverageShsOutDil": 143293222,
    "link": "https://www.sec.gov/Archives/edgar/data/1442145/000143774924023985/0001437749-24-023985-index.htm",
    "finalLink": "https://www.sec.gov/Archives/edgar/data/1442145/000143774924023985/vrsk20240630_10q.htm"
  },
  {
    "date": "2024-03-31",
    "symbol": "VRSK",
    "reportedCurrency": "USD",
    "cik": "0001442145",
    "fillingDate": "2024-05-01",
    "acceptedDate": "2024-05-01 07:18:52",
    "calendarYear": "2024",
    "period": "Q1",
    "revenue": 704000000,
    "costOfRevenue": 227800000,
    "grossProfit": 476200000,
    "grossProfitRatio": 0.6764204545,
    "researchAndDevelopmentExpenses": 0,
    "generalAndAdministrativeExpenses": 0,
    "sellingAndMarketingExpenses": 0,
    "sellingGeneralAndAdministrativeExpenses": 92900000,
    "otherExpenses": 75900000,
    "operatingExpenses": 168800000,
    "costAndExpenses": 396600000,
    "interestIncome": 0,
    "interestExpense": 28900000,
    "depreciationAndAmortization": 75900000,
    "ebitda": 380000000,
    "ebitdaratio": 0.5397727273,
    "operatingIncome": 307400000,
    "operatingIncomeRatio": 0.4366477273,
    "totalOtherIncomeExpensesNet": -32200000,
    "incomeBeforeTax": 275200000,
    "incomeBeforeTaxRatio": 0.3909090909,
    "incomeTaxExpense": 55800000,
    "netIncome": 219600000,
    "netIncomeRatio": 0.3119318182,
    "eps": 1.53,
    "epsdiluted": 1.52,
    "weightedAverageShsOut": 143298163,
    "weightedAverageShsOutDil": 143973534,
    "link": "https://www.sec.gov/Archives/edgar/data/1442145/000143774924014064/0001437749-24-014064-index.htm",
    "finalLink": "https://www.sec.gov/Archives/edgar/data/1442145/000143774924014064/vrsk20240331_10q.htm"
  },
  {
    "date": "2023-12-31",
    "symbol": "VRSK",
    "reportedCurrency": "USD",
    "cik": "0001442145",
    "fillingDate": "2024-02-21",
    "acceptedDate": "2024-02-21 07:19:22",
    "calendarYear": "2023",
    "period": "Q4",
    "revenue": 677200000,
    "costOfRevenue": 226200000,
    "grossProfit": 451000000,
    "grossProfitRatio": 0.6659775546,
    "researchAndDevelopmentExpenses": 0,
    "generalAndAdministrativeExpenses": 0,
    "sellingAndMarketingExpenses": 0,
    "sellingGeneralAndAdministrativeExpenses": 114400000,
    "otherExpenses": 86100000,
    "operatingExpenses": 200500000,
    "costAndExpenses": 426700000,
    "interestIncome": 0,
    "interestExpense": 28100000,
    "depreciationAndAmortization": 86100000,
    "ebitda": 356900000,
    "ebitdaratio": 0.527023036,
    "operatingIncome": 250500000,
    "operatingIncomeRatio": 0.3699054932,
    "totalOtherIncomeExpensesNet": -7800000,
    "incomeBeforeTax": 242700000,
    "incomeBeforeTaxRatio": 0.3583874778,
    "incomeTaxExpense": 60400000,
    "netIncome": 173800000,
    "netIncomeRatio": 0.2566450089,
    "eps": 0,
    "epsdiluted": 0,
    "weightedAverageShsOut": 144618187,
    "weightedAverageShsOutDil": 145392678,
    "link": "https://www.sec.gov/Archives/edgar/data/1442145/000143774924004939/0001437749-24-004939-index.htm",
    "finalLink": "https://www.sec.gov/Archives/edgar/data/1442145/000143774924004939/vrsk20231231c_10k.htm"
  },
  {
    "date": "2023-09-30",
    "symbol": "VRSK",
    "reportedCurrency": "USD",
    "cik": "0001442145",
    "fillingDate": "2023-11-01",
    "acceptedDate": "2023-11-01 06:50:07",
    "calendarYear": "2023",
    "period": "Q3",
    "revenue": 677600000,
    "costOfRevenue": 217200000,
    "grossProfit": 460400000,
    "grossProfitRatio": 0.6794569067,
    "researchAndDevelopmentExpenses": 0,
    "generalAndAdministrativeExpenses": 0,
    "sellingAndMarketingExpenses": 0,
    "sellingGeneralAndAdministrativeExpenses": 111600000,
    "otherExpenses": 67700000,
    "operatingExpenses": 179300000,
    "costAndExpenses": 396500000,
    "interestIncome": 0,
    "interestExpense": 29400000,
    "depreciationAndAmortization": 67700000,
    "ebitda": 346800000,
    "ebitdaratio": 0.5118063754,
    "operatingIncome": 281100000,
    "operatingIncomeRatio": 0.4148465171,
    "totalOtherIncomeExpensesNet": -31400000,
    "incomeBeforeTax": 249700000,
    "incomeBeforeTaxRatio": 0.3685064935,
    "incomeTaxExpense": 62300000,
    "netIncome": 187400000,
    "netIncomeRatio": 0.2765643447,
    "eps": 1.29,
    "epsdiluted": 1.29,
    "weightedAverageShsOut": 145011020,
    "weightedAverageShsOutDil": 145742519,
    "link": "https://www.sec.gov/Archives/edgar/data/1442145/000143774923029653/0001437749-23-029653-index.htm",
    "finalLink": "https://www.sec.gov/Archives/edgar/data/1442145/000143774923029653/vrsk20230930_10q.htm"
  },
  {
    "date": "2023-06-30",
    "symbol": "VRSK",
    "reportedCurrency": "USD",
    "cik": "0001442145",
    "fillingDate": "2023-08-02",
    "acceptedDate": "2023-08-02 07:18:48",
    "calendarYear": "2023",
    "period": "Q2",
    "revenue": 675000000,
    "costOfRevenue": 216900000,
    "grossProfit": 458100000,
    "grossProfitRatio": 0.6786666667,
    "researchAndDevelopmentExpenses": 0,
    "generalAndAdministrativeExpenses": 0,
    "sellingAndMarketingExpenses": 0,
    "sellingGeneralAndAdministrativeExpenses": 86800000,
    "otherExpenses": 65300000,
    "operatingExpenses": 152100000,
    "costAndExpenses": 369000000,
    "interestIncome": 0,
    "interestExpense": 31600000,
    "depreciationAndAmortization": 65300000,
    "ebitda": 365100000,
    "ebitdaratio": 0.5408888889,
    "operatingIncome": 306000000,
    "operatingIncomeRatio": 0.4533333333,
    "totalOtherIncomeExpensesNet": -37800000,
    "incomeBeforeTax": 268200000,
    "incomeBeforeTaxRatio": 0.3973333333,
    "incomeTaxExpense": 63900000,
    "netIncome": 196900000,
    "netIncomeRatio": 0.2917037037,
    "eps": 1.36,
    "epsdiluted": 1.35,
    "weightedAverageShsOut": 144834494,
    "weightedAverageShsOutDil": 145500121,
    "link": "https://www.sec.gov/Archives/edgar/data/1442145/000143774923021529/0001437749-23-021529-index.htm",
    "finalLink": "https://www.sec.gov/Archives/edgar/data/1442145/000143774923021529/vrsk20230630_10q.htm"
  },
  {
    "date": "2023-03-31",
    "symbol": "VRSK",
    "reportedCurrency": "USD",
    "cik": "0001442145",
    "fillingDate": "2023-05-03",
    "acceptedDate": "2023-05-03 07:20:28",
    "calendarYear": "2023",
    "period": "Q1",
    "revenue": 651600000,
    "costOfRevenue": 216200000,
    "grossProfit": 435400000,
    "grossProfitRatio": 0.6682013505,
    "researchAndDevelopmentExpenses": 0,
    "generalAndAdministrativeExpenses": 0,
    "sellingAndMarketingExpenses": 0,
    "sellingGeneralAndAdministrativeExpenses": 79000000,
    "otherExpenses": 62300000,
    "operatingExpenses": 141300000,
    "costAndExpenses": 357500000,
    "interestIncome": 0,
    "interestExpense": 26400000,
    "depreciationAndAmortization": 62300000,
    "ebitda": 355300000,
    "ebitdaratio": 0.5452731737,
    "operatingIncome": 294100000,
    "operatingIncomeRatio": 0.4513505218,
    "totalOtherIncomeExpensesNet": -27500000,
    "incomeBeforeTax": 266600000,
    "incomeBeforeTaxRatio": 0.4091467158,
    "incomeTaxExpense": 72200000,
    "netIncome": 56300000,
    "netIncomeRatio": 0.086402701,
    "eps": 0.37,
    "epsdiluted": 0.37,
    "weightedAverageShsOut": 152032255,
    "weightedAverageShsOutDil": 152709319,
    "link": "https://www.sec.gov/Archives/edgar/data/1442145/000143774923012195/0001437749-23-012195-index.htm",
    "finalLink": "https://www.sec.gov/Archives/edgar/data/1442145/000143774923012195/vrsk20230331_10q.htm"
  },
  {
    "date": "2022-12-31",
    "symbol": "VRSK",
    "reportedCurrency": "USD",
    "cik": "0001442145",
    "fillingDate": "2023-02-28",
    "acceptedDate": "2023-02-28 17:14:35",
    "calendarYear": "2022",
    "period": "Q4",
    "revenue": 229900000,
    "costOfRevenue": 51300000,
    "grossProfit": 178600000,
    "grossProfitRatio": 0.7768595041,
    "researchAndDevelopmentExpenses": 0,
    "generalAndAdministrativeExpenses": 0,
    "sellingAndMarketingExpenses": 0,
    "sellingGeneralAndAdministrativeExpenses": -5600000,
    "otherExpenses": -34000000,
    "operatingExpenses": -39600000,
    "costAndExpenses": 11700000,
    "interestIncome": 0,
    "interestExpense": 41200000,
    "depreciationAndAmortization": 67900000,
    "ebitda": 273400000,
    "ebitdaratio": 1.1892127012,
    "operatingIncome": 218200000,
    "operatingIncomeRatio": 0.949108308,
    "totalOtherIncomeExpensesNet": -53900000,
    "incomeBeforeTax": 164300000,
    "incomeBeforeTaxRatio": 0.7146585472,
    "incomeTaxExpense": 15300000,
    "netIncome": 61100000,
    "netIncomeRatio": 0.2657677251,
    "eps": 0.39,
    "epsdiluted": 0.39,
    "weightedAverageShsOut": 156028555,
    "weightedAverageShsOutDil": 156974983,
    "link": "https://www.sec.gov/Archives/edgar/data/1442145/000143774923004945/0001437749-23-004945-index.htm",
    "finalLink": "https://www.sec.gov/Archives/edgar/data/1442145/000143774923004945/vrsk20221231_10k.htm"
  },
  {
    "date": "2022-09-30",
    "symbol": "VRSK",
    "reportedCurrency": "USD",
    "cik": "0001442145",
    "fillingDate": "2022-11-01",
    "acceptedDate": "2022-11-01 16:16:27",
    "calendarYear": "2022",
    "period": "Q3",
    "revenue": 610100000,
    "costOfRevenue": 195200000,
    "grossProfit": 414900000,
    "grossProfitRatio": 0.6800524504,
    "researchAndDevelopmentExpenses": 0,
    "generalAndAdministrativeExpenses": 0,
    "sellingAndMarketingExpenses": 0,
    "sellingGeneralAndAdministrativeExpenses": 96500000,
    "otherExpenses": 64800000,
    "operatingExpenses": 161300000,
    "costAndExpenses": 356500000,
    "interestIncome": 0,
    "interestExpense": 34400000,
    "depreciationAndAmortization": 88300000,
    "ebitda": 341300000,
    "ebitdaratio": 0.5594164891,
    "operatingIncome": 253600000,
    "operatingIncomeRatio": 0.4156695624,
    "totalOtherIncomeExpensesNet": -35000000,
    "incomeBeforeTax": 218600000,
    "incomeBeforeTaxRatio": 0.3583019177,
    "incomeTaxExpense": 52800000,
    "netIncome": 189500000,
    "netIncomeRatio": 0.3106048189,
    "eps": 1.21,
    "epsdiluted": 1.2,
    "weightedAverageShsOut": 156940608,
    "weightedAverageShsOutDil": 157978609,
    "link": "https://www.sec.gov/Archives/edgar/data/1442145/000143774922025374/0001437749-22-025374-index.htm",
    "finalLink": "https://www.sec.gov/Archives/edgar/data/1442145/000143774922025374/vrsk20220930_10q.htm"
  },
  {
    "date": "2022-06-30",
    "symbol": "VRSK",
    "reportedCurrency": "USD",
    "cik": "0001442145",
    "fillingDate": "2022-08-02",
    "acceptedDate": "2022-08-02 16:16:27",
    "calendarYear": "2022",
    "period": "Q2",
    "revenue": 612800000,
    "costOfRevenue": 195500000,
    "grossProfit": 417300000,
    "grossProfitRatio": 0.6809725849,
    "researchAndDevelopmentExpenses": 0,
    "generalAndAdministrativeExpenses": 0,
    "sellingAndMarketingExpenses": 0,
    "sellingGeneralAndAdministrativeExpenses": 96300000,
    "otherExpenses": 73400000,
    "operatingExpenses": 169700000,
    "costAndExpenses": 365200000,
    "interestIncome": 0,
    "interestExpense": 31900000,
    "depreciationAndAmortization": 89600000,
    "ebitda": 336300000,
    "ebitdaratio": 0.5487924282,
    "operatingIncome": 247600000,
    "operatingIncomeRatio": 0.4040469974,
    "totalOtherIncomeExpensesNet": -32800000,
    "incomeBeforeTax": 214800000,
    "incomeBeforeTaxRatio": 0.3505221932,
    "incomeTaxExpense": 41200000,
    "netIncome": 197700000,
    "netIncomeRatio": 0.3226174935,
    "eps": 1.25,
    "epsdiluted": 1.24,
    "weightedAverageShsOut": 157972755,
    "weightedAverageShsOutDil": 159123563,
    "link": "https://www.sec.gov/Archives/edgar/data/1442145/000143774922018437/0001437749-22-018437-index.htm",
    "finalLink": "https://www.sec.gov/Archives/edgar/data/1442145/000143774922018437/vrsk20220630_10q.htm"
  },
  {
    "date": "2022-03-31",
    "symbol": "VRSK",
    "reportedCurrency": "USD",
    "cik": "0001442145",
    "fillingDate": "2022-05-03",
    "acceptedDate": "2022-05-03 16:18:50",
    "calendarYear": "2022",
    "period": "Q1",
    "revenue": 643600000,
    "costOfRevenue": 228700000,
    "grossProfit": 414900000,
    "grossProfitRatio": 0.6446550653,
    "researchAndDevelopmentExpenses": 0,
    "generalAndAdministrativeExpenses": 0,
    "sellingAndMarketingExpenses": 0,
    "sellingGeneralAndAdministrativeExpenses": 107900000,
    "otherExpenses": -315800000,
    "operatingExpenses": -207900000,
    "costAndExpenses": 20800000,
    "interestIncome": 0,
    "interestExpense": 31300000,
    "depreciationAndAmortization": 94200000,
    "ebitda": 715100000,
    "ebitdaratio": 1.1110938471,
    "operatingIncome": 622800000,
    "operatingIncomeRatio": 0.9676817899,
    "totalOtherIncomeExpensesNet": -33200000,
    "incomeBeforeTax": 589600000,
    "incomeBeforeTaxRatio": 0.9160969546,
    "incomeTaxExpense": 102600000,
    "netIncome": 505800000,
    "netIncomeRatio": 0.7858918583,
    "eps": 3.15,
    "epsdiluted": 3.13,
    "weightedAverageShsOut": 160680955,
    "weightedAverageShsOutDil": 161638620,
    "link": "https://www.sec.gov/Archives/edgar/data/1442145/000143774922010671/0001437749-22-010671-index.htm",
    "finalLink": "https://www.sec.gov/Archives/edgar/data/1442145/000143774922010671/vrsk20220331_10q.htm"
  },
  {
    "date": "2021-12-31",
    "symbol": "VRSK",
    "reportedCurrency": "USD",
    "cik": "0001442145",
    "fillingDate": "2022-02-22",
    "acceptedDate": "2022-02-22 16:56:55",
    "calendarYear": "2021",
    "period": "Q4",
    "revenue": 766000000,
    "costOfRevenue": 265200000,
    "grossProfit": 500800000,
    "grossProfitRatio": 0.6537859008,
    "researchAndDevelopmentExpenses": 0,
    "generalAndAdministrativeExpenses": 0,
    "sellingAndMarketingExpenses": 0,
    "sellingGeneralAndAdministrativeExpenses": 76400000,
    "otherExpenses": 230600000,
    "operatingExpenses": 307000000,
    "costAndExpenses": 572200000,
    "interestIncome": 0,
    "interestExpense": 30200000,
    "depreciationAndAmortization": 96600000,
    "ebitda": 291000000,
    "ebitdaratio": 0.3798955614,
    "operatingIncome": 193800000,
    "operatingIncomeRatio": 0.253002611,
    "totalOtherIncomeExpensesNet": -29600000,
    "incomeBeforeTax": 164200000,
    "incomeBeforeTaxRatio": 0.2143603133,
    "incomeTaxExpense": 22400000,
    "netIncome": 142000000,
    "netIncomeRatio": 0.1853785901,
    "eps": 0.88,
    "epsdiluted": 0.87,
    "weightedAverageShsOut": 161349622,
    "weightedAverageShsOutDil": 163079594,
    "link": "https://www.sec.gov/Archives/edgar/data/1442145/000143774922004083/0001437749-22-004083-index.htm",
    "finalLink": "https://www.sec.gov/Archives/edgar/data/1442145/000143774922004083/vrsk20211231_10k.htm"
  },
  {
    "date": "2021-09-30",
    "symbol": "VRSK",
    "reportedCurrency": "USD",
    "cik": "0001442145",
    "fillingDate": "2021-11-02",
    "acceptedDate": "2021-11-02 16:19:20",
    "calendarYear": "2021",
    "period": "Q3",
    "revenue": 759000000,
    "costOfRevenue": 265300000,
    "grossProfit": 493700000,
    "grossProfitRatio": 0.6504611331,
    "researchAndDevelopmentExpenses": 0,
    "generalAndAdministrativeExpenses": 0,
    "sellingAndMarketingExpenses": 0,
    "sellingGeneralAndAdministrativeExpenses": 115100000,
    "otherExpenses": 89700000,
    "operatingExpenses": 204800000,
    "costAndExpenses": 470100000,
    "interestIncome": 0,
    "interestExpense": 29900000,
    "depreciationAndAmortization": 89700000,
    "ebitda": 378700000,
    "ebitdaratio": 0.4989459816,
    "operatingIncome": 288900000,
    "operatingIncomeRatio": 0.3806324111,
    "totalOtherIncomeExpensesNet": -29800000,
    "incomeBeforeTax": 259100000,
    "incomeBeforeTaxRatio": 0.341370224,
    "incomeTaxExpense": 54200000,
    "netIncome": 201700000,
    "netIncomeRatio": 0.2657444005,
    "eps": 1.25,
    "epsdiluted": 1.24,
    "weightedAverageShsOut": 161366547,
    "weightedAverageShsOutDil": 162792794,
    "link": "https://www.sec.gov/Archives/edgar/data/1442145/000143774921024931/0001437749-21-024931-index.htm",
    "finalLink": "https://www.sec.gov/Archives/edgar/data/1442145/000143774921024931/vrsk20210930_10q.htm"
  },
  {
    "date": "2021-06-30",
    "symbol": "VRSK",
    "reportedCurrency": "USD",
    "cik": "0001442145",
    "fillingDate": "2021-08-03",
    "acceptedDate": "2021-08-03 16:22:58",
    "calendarYear": "2021",
    "period": "Q2",
    "revenue": 747500000,
    "costOfRevenue": 264900000,
    "grossProfit": 482600000,
    "grossProfitRatio": 0.6456187291,
    "researchAndDevelopmentExpenses": 0,
    "generalAndAdministrativeExpenses": 0,
    "sellingAndMarketingExpenses": 0,
    "sellingGeneralAndAdministrativeExpenses": 111400000,
    "otherExpenses": 103800000,
    "operatingExpenses": 215200000,
    "costAndExpenses": 480100000,
    "interestIncome": 0,
    "interestExpense": 31500000,
    "depreciationAndAmortization": 103800000,
    "ebitda": 370700000,
    "ebitdaratio": 0.4959197324,
    "operatingIncome": 267400000,
    "operatingIncomeRatio": 0.3577257525,
    "totalOtherIncomeExpensesNet": -32000000,
    "incomeBeforeTax": 235400000,
    "incomeBeforeTaxRatio": 0.314916388,
    "incomeTaxExpense": 83800000,
    "netIncome": 154000000,
    "netIncomeRatio": 0.2060200669,
    "eps": 0.95,
    "epsdiluted": 0.94,
    "weightedAverageShsOut": 162007787,
    "weightedAverageShsOutDil": 163046541,
    "link": "https://www.sec.gov/Archives/edgar/data/1442145/000143774921018343/0001437749-21-018343-index.htm",
    "finalLink": "https://www.sec.gov/Archives/edgar/data/1442145/000143774921018343/vrsk20210630_10q.htm"
  },
  {
    "date": "2021-03-31",
    "symbol": "VRSK",
    "reportedCurrency": "USD",
    "cik": "0001442145",
    "fillingDate": "2021-05-04",
    "acceptedDate": "2021-05-04 16:21:35",
    "calendarYear": "2021",
    "period": "Q1",
    "revenue": 726100000,
    "costOfRevenue": 262400000,
    "grossProfit": 463700000,
    "grossProfitRatio": 0.6386172703,
    "researchAndDevelopmentExpenses": 0,
    "generalAndAdministrativeExpenses": 0,
    "sellingAndMarketingExpenses": 0,
    "sellingGeneralAndAdministrativeExpenses": 119800000,
    "otherExpenses": 93500000,
    "operatingExpenses": 213300000,
    "costAndExpenses": 475700000,
    "interestIncome": 0,
    "interestExpense": 35400000,
    "depreciationAndAmortization": 93500000,
    "ebitda": 345600000,
    "ebitdaratio": 0.4759674976,
    "operatingIncome": 250400000,
    "operatingIncomeRatio": 0.3448560804,
    "totalOtherIncomeExpensesNet": -33700000,
    "incomeBeforeTax": 216700000,
    "incomeBeforeTaxRatio": 0.2984437405,
    "incomeTaxExpense": 48700000,
    "netIncome": 168600000,
    "netIncomeRatio": 0.2321994216,
    "eps": 1.04,
    "epsdiluted": 1.03,
    "weightedAverageShsOut": 162641822,
    "weightedAverageShsOutDil": 164436720,
    "link": "https://www.sec.gov/Archives/edgar/data/1442145/000143774921010755/0001437749-21-010755-index.htm",
    "finalLink": "https://www.sec.gov/Archives/edgar/data/1442145/000143774921010755/vrsk20210331_10q.htm"
  },
  {
    "date": "2020-12-31",
    "symbol": "VRSK",
    "reportedCurrency": "USD",
    "cik": "0001442145",
    "fillingDate": "2021-02-23",
    "acceptedDate": "2021-02-23 16:20:20",
    "calendarYear": "2020",
    "period": "Q4",
    "revenue": 713400000,
    "costOfRevenue": 260500000,
    "grossProfit": 452900000,
    "grossProfitRatio": 0.6348472105,
    "researchAndDevelopmentExpenses": 0,
    "generalAndAdministrativeExpenses": 0,
    "sellingAndMarketingExpenses": 0,
    "sellingGeneralAndAdministrativeExpenses": 109100000,
    "otherExpenses": 93200000,
    "operatingExpenses": 202300000,
    "costAndExpenses": 462800000,
    "interestIncome": 0,
    "interestExpense": 35300000,
    "depreciationAndAmortization": 93200000,
    "ebitda": 344500000,
    "ebitdaratio": 0.4828987945,
    "operatingIncome": 250600000,
    "operatingIncomeRatio": 0.3512755817,
    "totalOtherIncomeExpensesNet": -34600000,
    "incomeBeforeTax": 216000000,
    "incomeBeforeTaxRatio": 0.3027754415,
    "incomeTaxExpense": 39800000,
    "netIncome": 176200000,
    "netIncomeRatio": 0.246986263,
    "eps": 0,
    "epsdiluted": 0,
    "weightedAverageShsOut": 162641819,
    "weightedAverageShsOutDil": 164436717,
    "link": "https://www.sec.gov/Archives/edgar/data/1442145/000143774921003789/0001437749-21-003789-index.htm",
    "finalLink": "https://www.sec.gov/Archives/edgar/data/1442145/000143774921003789/vrsk20201120_10k.htm"
  },
  {
    "date": "2020-09-30",
    "symbol": "VRSK",
    "reportedCurrency": "USD",
    "cik": "0001442145",
    "fillingDate": "2020-11-04",
    "acceptedDate": "2020-11-04 16:17:57",
    "calendarYear": "2020",
    "period": "Q3",
    "revenue": 702700000,
    "costOfRevenue": 240000000,
    "grossProfit": 462700000,
    "grossProfitRatio": 0.6584602248,
    "researchAndDevelopmentExpenses": 0,
    "generalAndAdministrativeExpenses": 0,
    "sellingAndMarketingExpenses": 0,
    "sellingGeneralAndAdministrativeExpenses": 96400000,
    "otherExpenses": 90900000,
    "operatingExpenses": 187300000,
    "costAndExpenses": 427300000,
    "interestIncome": 0,
    "interestExpense": 35300000,
    "depreciationAndAmortization": 90900000,
    "ebitda": 366200000,
    "ebitdaratio": 0.5211327736,
    "operatingIncome": 275400000,
    "operatingIncomeRatio": 0.391916892,
    "totalOtherIncomeExpensesNet": -35400000,
    "incomeBeforeTax": 240000000,
    "incomeBeforeTaxRatio": 0.3415397752,
    "incomeTaxExpense": 54200000,
    "netIncome": 185800000,
    "netIncomeRatio": 0.2644087093,
    "eps": 1.14,
    "epsdiluted": 1.12,
    "weightedAverageShsOut": 162502194,
    "weightedAverageShsOutDil": 165731229,
    "link": "https://www.sec.gov/Archives/edgar/data/1442145/000143774920022527/0001437749-20-022527-index.htm",
    "finalLink": "https://www.sec.gov/Archives/edgar/data/1442145/000143774920022527/vrsk20200930_10q.htm"
  },
  {
    "date": "2020-06-30",
    "symbol": "VRSK",
    "reportedCurrency": "USD",
    "cik": "0001442145",
    "fillingDate": "2020-08-04",
    "acceptedDate": "2020-08-04 16:14:53",
    "calendarYear": "2020",
    "period": "Q2",
    "revenue": 678800000,
    "costOfRevenue": 235800000,
    "grossProfit": 443000000,
    "grossProfitRatio": 0.6526222746,
    "researchAndDevelopmentExpenses": 0,
    "generalAndAdministrativeExpenses": 0,
    "sellingAndMarketingExpenses": 0,
    "sellingGeneralAndAdministrativeExpenses": 96400000,
    "otherExpenses": 86900000,
    "operatingExpenses": 183300000,
    "costAndExpenses": 419100000,
    "interestIncome": 0,
    "interestExpense": 34200000,
    "depreciationAndAmortization": 86900000,
    "ebitda": 345900000,
    "ebitdaratio": 0.5095757219,
    "operatingIncome": 259700000,
    "operatingIncomeRatio": 0.3825869181,
    "totalOtherIncomeExpensesNet": -34900000,
    "incomeBeforeTax": 224800000,
    "incomeBeforeTaxRatio": 0.3311726576,
    "incomeTaxExpense": 45800000,
    "netIncome": 179000000,
    "netIncomeRatio": 0.2637006482,
    "eps": 1.1,
    "epsdiluted": 1.08,
    "weightedAverageShsOut": 162371923,
    "weightedAverageShsOutDil": 165103091,
    "link": "https://www.sec.gov/Archives/edgar/data/1442145/000143774920016475/0001437749-20-016475-index.htm",
    "finalLink": "https://www.sec.gov/Archives/edgar/data/1442145/000143774920016475/vrsk20200630b_10q.htm"
  },
  {
    "date": "2020-03-31",
    "symbol": "VRSK",
    "reportedCurrency": "USD",
    "cik": "0001442145",
    "fillingDate": "2020-05-05",
    "acceptedDate": "2020-05-05 16:19:46",
    "calendarYear": "2020",
    "period": "Q1",
    "revenue": 689800000,
    "costOfRevenue": 257700000,
    "grossProfit": 432100000,
    "grossProfitRatio": 0.6264134532,
    "researchAndDevelopmentExpenses": 0,
    "generalAndAdministrativeExpenses": 0,
    "sellingAndMarketingExpenses": 0,
    "sellingGeneralAndAdministrativeExpenses": 112100000,
    "otherExpenses": 67700000,
    "operatingExpenses": 179800000,
    "costAndExpenses": 437500000,
    "interestIncome": 0,
    "interestExpense": 33500000,
    "depreciationAndAmortization": 87100000,
    "ebitda": 337300000,
    "ebitdaratio": 0.4889823137,
    "operatingIncome": 252300000,
    "operatingIncomeRatio": 0.3657581908,
    "totalOtherIncomeExpensesNet": -35600000,
    "incomeBeforeTax": 216700000,
    "incomeBeforeTaxRatio": 0.3141490287,
    "incomeTaxExpense": 45000000,
    "netIncome": 171700000,
    "netIncomeRatio": 0.2489127283,
    "eps": 1.05,
    "epsdiluted": 1.04,
    "weightedAverageShsOut": 162894309,
    "weightedAverageShsOutDil": 165724123,
    "link": "https://www.sec.gov/Archives/edgar/data/1442145/000144214520000022/0001442145-20-000022-index.htm",
    "finalLink": "https://www.sec.gov/Archives/edgar/data/1442145/000144214520000022/vrsk-2020033110q.htm"
  },
  {
    "date": "2019-12-31",
    "symbol": "VRSK",
    "reportedCurrency": "USD",
    "cik": "0001442145",
    "fillingDate": "2020-02-18",
    "acceptedDate": "2020-02-18 16:37:32",
    "calendarYear": "2019",
    "period": "Q4",
    "revenue": 676800000,
    "costOfRevenue": 259800000,
    "grossProfit": 417000000,
    "grossProfitRatio": 0.6161347518,
    "researchAndDevelopmentExpenses": 0,
    "generalAndAdministrativeExpenses": 0,
    "sellingAndMarketingExpenses": 0,
    "sellingGeneralAndAdministrativeExpenses": 124800000,
    "otherExpenses": 91800000,
    "operatingExpenses": 216600000,
    "costAndExpenses": 476400000,
    "interestIncome": 0,
    "interestExpense": 33100000,
    "depreciationAndAmortization": 85600000,
    "ebitda": 290800000,
    "ebitdaratio": 0.4296690307,
    "operatingIncome": 200400000,
    "operatingIncomeRatio": 0.2960992908,
    "totalOtherIncomeExpensesNet": -28300000,
    "incomeBeforeTax": 172100000,
    "incomeBeforeTaxRatio": 0.25428487,
    "incomeTaxExpense": 39900000,
    "netIncome": 132200000,
    "netIncomeRatio": 0.1953309693,
    "eps": 0.81,
    "epsdiluted": 0.8,
    "weightedAverageShsOut": 163289016,
    "weightedAverageShsOutDil": 166218624,
    "link": "https://www.sec.gov/Archives/edgar/data/1442145/000144214520000012/0001442145-20-000012-index.htm",
    "finalLink": "https://www.sec.gov/Archives/edgar/data/1442145/000144214520000012/vrsk10k12312019.htm"
  },
  {
    "date": "2019-09-30",
    "symbol": "VRSK",
    "reportedCurrency": "USD",
    "cik": "0001442145",
    "fillingDate": "2019-10-30",
    "acceptedDate": "2019-10-29 20:22:27",
    "calendarYear": "2019",
    "period": "Q3",
    "revenue": 652700000,
    "costOfRevenue": 242900000,
    "grossProfit": 409800000,
    "grossProfitRatio": 0.6278535315,
    "researchAndDevelopmentExpenses": 0,
    "generalAndAdministrativeExpenses": 0,
    "sellingAndMarketingExpenses": 0,
    "sellingGeneralAndAdministrativeExpenses": 255000000,
    "otherExpenses": 85300000,
    "operatingExpenses": 340300000,
    "costAndExpenses": 583200000,
    "interestIncome": 0,
    "interestExpense": 31300000,
    "depreciationAndAmortization": 79100000,
    "ebitda": 149300000,
    "ebitdaratio": 0.228742148,
    "operatingIncome": 69500000,
    "operatingIncomeRatio": 0.1064807722,
    "totalOtherIncomeExpensesNet": -30600000,
    "incomeBeforeTax": 38900000,
    "incomeBeforeTaxRatio": 0.0595985905,
    "incomeTaxExpense": 6000000,
    "netIncome": 32900000,
    "netIncomeRatio": 0.0504060058,
    "eps": 0.2,
    "epsdiluted": 0.2,
    "weightedAverageShsOut": 163580566,
    "weightedAverageShsOutDil": 166779621,
    "link": "https://www.sec.gov/Archives/edgar/data/1442145/000144214519000048/0001442145-19-000048-index.htm",
    "finalLink": "https://www.sec.gov/Archives/edgar/data/1442145/000144214519000048/vrsk-2019093010q.htm"
  },
  {
    "date": "2019-06-30",
    "symbol": "VRSK",
    "reportedCurrency": "USD",
    "cik": "0001442145",
    "fillingDate": "2019-07-30",
    "acceptedDate": "2019-07-30 16:17:17",
    "calendarYear": "2019",
    "period": "Q2",
    "revenue": 652600000,
    "costOfRevenue": 242700000,
    "grossProfit": 409900000,
    "grossProfitRatio": 0.6281029727,
    "researchAndDevelopmentExpenses": 0,
    "generalAndAdministrativeExpenses": 0,
    "sellingAndMarketingExpenses": 0,
    "sellingGeneralAndAdministrativeExpenses": 112300000,
    "otherExpenses": 79300000,
    "operatingExpenses": 191600000,
    "costAndExpenses": 434300000,
    "interestIncome": 0,
    "interestExpense": 30500000,
    "depreciationAndAmortization": 79300000,
    "ebitda": 297100000,
    "ebitdaratio": 0.4552558995,
    "operatingIncome": 218300000,
    "operatingIncomeRatio": 0.3345081214,
    "totalOtherIncomeExpensesNet": -31000000,
    "incomeBeforeTax": 187300000,
    "incomeBeforeTaxRatio": 0.2870058229,
    "incomeTaxExpense": 36900000,
    "netIncome": 150400000,
    "netIncomeRatio": 0.2304627643,
    "eps": 0.92,
    "epsdiluted": 0.9,
    "weightedAverageShsOut": 163743838,
    "weightedAverageShsOutDil": 166697279,
    "link": "https://www.sec.gov/Archives/edgar/data/1442145/000144214519000036/0001442145-19-000036-index.htm",
    "finalLink": "https://www.sec.gov/Archives/edgar/data/1442145/000144214519000036/vrsk-2019063010q.htm"
  },
  {
    "date": "2019-03-31",
    "symbol": "VRSK",
    "reportedCurrency": "USD",
    "cik": "0001442145",
    "fillingDate": "2019-04-30",
    "acceptedDate": "2019-04-30 16:21:58",
    "calendarYear": "2019",
    "period": "Q1",
    "revenue": 625000000,
    "costOfRevenue": 231400000,
    "grossProfit": 393600000,
    "grossProfitRatio": 0.62976,
    "researchAndDevelopmentExpenses": 0,
    "generalAndAdministrativeExpenses": 0,
    "sellingAndMarketingExpenses": 0,
    "sellingGeneralAndAdministrativeExpenses": 111400000,
    "otherExpenses": 79800000,
    "operatingExpenses": 191200000,
    "costAndExpenses": 422600000,
    "interestIncome": 0,
    "interestExpense": 31900000,
    "depreciationAndAmortization": 79800000,
    "ebitda": 281800000,
    "ebitdaratio": 0.45088,
    "operatingIncome": 202400000,
    "operatingIncomeRatio": 0.32384,
    "totalOtherIncomeExpensesNet": -32300000,
    "incomeBeforeTax": 170100000,
    "incomeBeforeTaxRatio": 0.27216,
    "incomeTaxExpense": 35700000,
    "netIncome": 134400000,
    "netIncomeRatio": 0.21504,
    "eps": 0.82,
    "epsdiluted": 0.81,
    "weightedAverageShsOut": 163528346,
    "weightedAverageShsOutDil": 166544948,
    "link": "https://www.sec.gov/Archives/edgar/data/1442145/000144214519000022/0001442145-19-000022-index.htm",
    "finalLink": "https://www.sec.gov/Archives/edgar/data/1442145/000144214519000022/vrsk-2019033110q.htm"
  },
  {
    "date": "2018-12-31",
    "symbol": "VRSK",
    "reportedCurrency": "USD",
    "cik": "0001442145",
    "fillingDate": "2019-02-19",
    "acceptedDate": "2019-02-19 16:36:10",
    "calendarYear": "2018",
    "period": "Q4",
    "revenue": 613900000,
    "costOfRevenue": 224000000,
    "grossProfit": 389900000,
    "grossProfitRatio": 0.6351197263,
    "researchAndDevelopmentExpenses": 0,
    "generalAndAdministrativeExpenses": 0,
    "sellingAndMarketingExpenses": 0,
    "sellingGeneralAndAdministrativeExpenses": 97700000,
    "otherExpenses": 76000000,
    "operatingExpenses": 173700000,
    "costAndExpenses": 397700000,
    "interestIncome": 0,
    "interestExpense": 32600000,
    "depreciationAndAmortization": 76000000,
    "ebitda": 288200000,
    "ebitdaratio": 0.4694575664,
    "operatingIncome": 216200000,
    "operatingIncomeRatio": 0.3521746213,
    "totalOtherIncomeExpensesNet": -36600000,
    "incomeBeforeTax": 179600000,
    "incomeBeforeTaxRatio": 0.2925557908,
    "incomeTaxExpense": 33400000,
    "netIncome": 146200000,
    "netIncomeRatio": 0.2381495358,
    "eps": 0.89,
    "epsdiluted": 0.87,
    "weightedAverageShsOut": 164344505,
    "weightedAverageShsOutDil": 167346844,
    "link": "https://www.sec.gov/Archives/edgar/data/1442145/000144214519000012/0001442145-19-000012-index.htm",
    "finalLink": "https://www.sec.gov/Archives/edgar/data/1442145/000144214519000012/vrsk10k12312018.htm"
  },
  {
    "date": "2018-09-30",
    "symbol": "VRSK",
    "reportedCurrency": "USD",
    "cik": "0001442145",
    "fillingDate": "2018-10-30",
    "acceptedDate": "2018-10-30 16:18:23",
    "calendarYear": "2018",
    "period": "Q3",
    "revenue": 598700000,
    "costOfRevenue": 219200000,
    "grossProfit": 379500000,
    "grossProfitRatio": 0.6338733924,
    "researchAndDevelopmentExpenses": 0,
    "generalAndAdministrativeExpenses": 0,
    "sellingAndMarketingExpenses": 0,
    "sellingGeneralAndAdministrativeExpenses": 95700000,
    "otherExpenses": 72700000,
    "operatingExpenses": 168400000,
    "costAndExpenses": 387600000,
    "interestIncome": 0,
    "interestExpense": 32400000,
    "depreciationAndAmortization": 72700000,
    "ebitda": 297900000,
    "ebitdaratio": 0.4975780859,
    "operatingIncome": 211100000,
    "operatingIncomeRatio": 0.3525972941,
    "totalOtherIncomeExpensesNet": -18300000,
    "incomeBeforeTax": 192800000,
    "incomeBeforeTaxRatio": 0.3220310673,
    "incomeTaxExpense": 26800000,
    "netIncome": 166000000,
    "netIncomeRatio": 0.2772674127,
    "eps": 1.01,
    "epsdiluted": 0.99,
    "weightedAverageShsOut": 164829253,
    "weightedAverageShsOutDil": 168200769,
    "link": "https://www.sec.gov/Archives/edgar/data/1442145/000144214518000055/0001442145-18-000055-index.htm",
    "finalLink": "https://www.sec.gov/Archives/edgar/data/1442145/000144214518000055/vrsk-201893010q.htm"
  },
  {
    "date": "2018-06-30",
    "symbol": "VRSK",
    "reportedCurrency": "USD",
    "cik": "0001442145",
    "fillingDate": "2018-07-31",
    "acceptedDate": "2018-07-31 16:20:31",
    "calendarYear": "2018",
    "period": "Q2",
    "revenue": 601300000,
    "costOfRevenue": 222400000,
    "grossProfit": 378900000,
    "grossProfitRatio": 0.6301347081,
    "researchAndDevelopmentExpenses": 0,
    "generalAndAdministrativeExpenses": 0,
    "sellingAndMarketingExpenses": 0,
    "sellingGeneralAndAdministrativeExpenses": 93000000,
    "otherExpenses": 73600000,
    "operatingExpenses": 166600000,
    "costAndExpenses": 389000000,
    "interestIncome": 0,
    "interestExpense": 31900000,
    "depreciationAndAmortization": 73600000,
    "ebitda": 290500000,
    "ebitdaratio": 0.4831199069,
    "operatingIncome": 212300000,
    "operatingIncomeRatio": 0.3530683519,
    "totalOtherIncomeExpensesNet": -27300000,
    "incomeBeforeTax": 185000000,
    "incomeBeforeTaxRatio": 0.3076667221,
    "incomeTaxExpense": 31500000,
    "netIncome": 153500000,
    "netIncomeRatio": 0.2552802262,
    "eps": 0.93,
    "epsdiluted": 0.91,
    "weightedAverageShsOut": 165015645,
    "weightedAverageShsOutDil": 168651205,
    "link": "https://www.sec.gov/Archives/edgar/data/1442145/000144214518000036/0001442145-18-000036-index.htm",
    "finalLink": "https://www.sec.gov/Archives/edgar/data/1442145/000144214518000036/vrsk-201863010q.htm"
  },
  {
    "date": "2018-03-31",
    "symbol": "VRSK",
    "reportedCurrency": "USD",
    "cik": "0001442145",
    "fillingDate": "2018-05-01",
    "acceptedDate": "2018-05-01 16:19:00",
    "calendarYear": "2018",
    "period": "Q1",
    "revenue": 581200000,
    "costOfRevenue": 221200000,
    "grossProfit": 360000000,
    "grossProfitRatio": 0.6194081211,
    "researchAndDevelopmentExpenses": 0,
    "generalAndAdministrativeExpenses": 0,
    "sellingAndMarketingExpenses": 0,
    "sellingGeneralAndAdministrativeExpenses": 91800000,
    "otherExpenses": 73700000,
    "operatingExpenses": 165500000,
    "costAndExpenses": 386700000,
    "interestIncome": 0,
    "interestExpense": 32800000,
    "depreciationAndAmortization": 73700000,
    "ebitda": 268800000,
    "ebitdaratio": 0.4624913971,
    "operatingIncome": 194500000,
    "operatingIncomeRatio": 0.3346524432,
    "totalOtherIncomeExpensesNet": -32200000,
    "incomeBeforeTax": 162300000,
    "incomeBeforeTaxRatio": 0.2792498279,
    "incomeTaxExpense": 29300000,
    "netIncome": 133000000,
    "netIncomeRatio": 0.2288368892,
    "eps": 0.81,
    "epsdiluted": 0.79,
    "weightedAverageShsOut": 165043050,
    "weightedAverageShsOutDil": 168992538,
    "link": "https://www.sec.gov/Archives/edgar/data/1442145/000144214518000024/0001442145-18-000024-index.htm",
    "finalLink": "https://www.sec.gov/Archives/edgar/data/1442145/000144214518000024/vrsk-201833110q.htm"
  },
  {
    "date": "2017-12-31",
    "symbol": "VRSK",
    "reportedCurrency": "USD",
    "cik": "0001442145",
    "fillingDate": "2018-02-20",
    "acceptedDate": "2018-02-20 16:21:59",
    "calendarYear": "2017",
    "period": "Q4",
    "revenue": 570300000,
    "costOfRevenue": 208700000,
    "grossProfit": 361600000,
    "grossProfitRatio": 0.6340522532,
    "researchAndDevelopmentExpenses": 0,
    "generalAndAdministrativeExpenses": 0,
    "sellingAndMarketingExpenses": 0,
    "sellingGeneralAndAdministrativeExpenses": 87200000,
    "otherExpenses": 64400000,
    "operatingExpenses": 151600000,
    "costAndExpenses": 360300000,
    "interestIncome": 0,
    "interestExpense": 32100000,
    "depreciationAndAmortization": 64400000,
    "ebitda": 275700000,
    "ebitdaratio": 0.4834297738,
    "operatingIncome": 210000000,
    "operatingIncomeRatio": 0.3682272488,
    "totalOtherIncomeExpensesNet": -30800000,
    "incomeBeforeTax": 179200000,
    "incomeBeforeTaxRatio": 0.3142205857,
    "incomeTaxExpense": -25400000,
    "netIncome": 204600000,
    "netIncomeRatio": 0.3587585481,
    "eps": 1.24,
    "epsdiluted": 1.22,
    "weightedAverageShsOut": 164730096,
    "weightedAverageShsOutDil": 168333259,
    "link": "https://www.sec.gov/Archives/edgar/data/1442145/000144214518000008/0001442145-18-000008-index.htm",
    "finalLink": "https://www.sec.gov/Archives/edgar/data/1442145/000144214518000008/vrsk10k12312017.htm"
  },
  {
    "date": "2017-09-30",
    "symbol": "VRSK",
    "reportedCurrency": "USD",
    "cik": "0001442145",
    "fillingDate": "2017-10-31",
    "acceptedDate": "2017-10-31 16:15:36",
    "calendarYear": "2017",
    "period": "Q3",
    "revenue": 549100000,
    "costOfRevenue": 198500000,
    "grossProfit": 350600000,
    "grossProfitRatio": 0.6384993626,
    "researchAndDevelopmentExpenses": 0,
    "generalAndAdministrativeExpenses": 0,
    "sellingAndMarketingExpenses": 0,
    "sellingGeneralAndAdministrativeExpenses": 80900000,
    "otherExpenses": 61300000,
    "operatingExpenses": 142200000,
    "costAndExpenses": 340700000,
    "interestIncome": 0,
    "interestExpense": 30300000,
    "depreciationAndAmortization": 61200000,
    "ebitda": 272300000,
    "ebitdaratio": 0.4959023857,
    "operatingIncome": 208400000,
    "operatingIncomeRatio": 0.3795301402,
    "totalOtherIncomeExpensesNet": -27700000,
    "incomeBeforeTax": 180700000,
    "incomeBeforeTaxRatio": 0.3290839556,
    "incomeTaxExpense": 60000000,
    "netIncome": 120700000,
    "netIncomeRatio": 0.2198142415,
    "eps": 0.73,
    "epsdiluted": 0.72,
    "weightedAverageShsOut": 164577578,
    "weightedAverageShsOutDil": 167957061,
    "link": "https://www.sec.gov/Archives/edgar/data/1442145/000144214517000045/0001442145-17-000045-index.htm",
    "finalLink": "https://www.sec.gov/Archives/edgar/data/1442145/000144214517000045/vrsk-201793010q.htm"
  },
  {
    "date": "2017-06-30",
    "symbol": "VRSK",
    "reportedCurrency": "USD",
    "cik": "0001442145",
    "fillingDate": "2017-08-01",
    "acceptedDate": "2017-08-01 16:26:36",
    "calendarYear": "2017",
    "period": "Q2",
    "revenue": 523200000,
    "costOfRevenue": 193700000,
    "grossProfit": 329500000,
    "grossProfitRatio": 0.6297782875,
    "researchAndDevelopmentExpenses": 0,
    "generalAndAdministrativeExpenses": 0,
    "sellingAndMarketingExpenses": 0,
    "sellingGeneralAndAdministrativeExpenses": 78800000,
    "otherExpenses": 55700000,
    "operatingExpenses": 134500000,
    "costAndExpenses": 328200000,
    "interestIncome": 0,
    "interestExpense": 28500000,
    "depreciationAndAmortization": 55700000,
    "ebitda": 254100000,
    "ebitdaratio": 0.4856651376,
    "operatingIncome": 195000000,
    "operatingIncomeRatio": 0.372706422,
    "totalOtherIncomeExpensesNet": -25100000,
    "incomeBeforeTax": 169900000,
    "incomeBeforeTaxRatio": 0.3247324159,
    "incomeTaxExpense": 48900000,
    "netIncome": 121000000,
    "netIncomeRatio": 0.2312691131,
    "eps": 0.73,
    "epsdiluted": 0.72,
    "weightedAverageShsOut": 164922240,
    "weightedAverageShsOutDil": 168314299,
    "link": "https://www.sec.gov/Archives/edgar/data/1442145/000144214517000035/0001442145-17-000035-index.htm",
    "finalLink": "https://www.sec.gov/Archives/edgar/data/1442145/000144214517000035/vrsk-201763010q.htm"
  },
  {
    "date": "2017-03-31",
    "symbol": "VRSK",
    "reportedCurrency": "USD",
    "cik": "0001442145",
    "fillingDate": "2017-05-02",
    "acceptedDate": "2017-05-02 16:19:10",
    "calendarYear": "2017",
    "period": "Q1",
    "revenue": 502600000,
    "costOfRevenue": 182900000,
    "grossProfit": 319700000,
    "grossProfitRatio": 0.6360923199,
    "researchAndDevelopmentExpenses": 0,
    "generalAndAdministrativeExpenses": 0,
    "sellingAndMarketingExpenses": 0,
    "sellingGeneralAndAdministrativeExpenses": 75900000,
    "otherExpenses": 56100000,
    "operatingExpenses": 132000000,
    "costAndExpenses": 314900000,
    "interestIncome": 0,
    "interestExpense": 28400000,
    "depreciationAndAmortization": 56100000,
    "ebitda": 245700000,
    "ebitdaratio": 0.4888579387,
    "operatingIncome": 187700000,
    "operatingIncomeRatio": 0.3734580183,
    "totalOtherIncomeExpensesNet": -26500000,
    "incomeBeforeTax": 161200000,
    "incomeBeforeTaxRatio": 0.3207321926,
    "incomeTaxExpense": 52400000,
    "netIncome": 108800000,
    "netIncomeRatio": 0.2164743335,
    "eps": 0.65,
    "epsdiluted": 0.64,
    "weightedAverageShsOut": 166442994,
    "weightedAverageShsOutDil": 170150865,
    "link": "https://www.sec.gov/Archives/edgar/data/1442145/000144214517000025/0001442145-17-000025-index.htm",
    "finalLink": "https://www.sec.gov/Archives/edgar/data/1442145/000144214517000025/vrsk-2017331.htm"
  },
  {
    "date": "2016-12-31",
    "symbol": "VRSK",
    "reportedCurrency": "USD",
    "cik": "0001442145",
    "fillingDate": "2017-02-21",
    "acceptedDate": "2017-02-21 16:58:15",
    "calendarYear": "2016",
    "period": "Q4",
    "revenue": 506123000,
    "costOfRevenue": 192992000,
    "grossProfit": 313131000,
    "grossProfitRatio": 0.6186855764,
    "researchAndDevelopmentExpenses": 0,
    "generalAndAdministrativeExpenses": 0,
    "sellingAndMarketingExpenses": 0,
    "sellingGeneralAndAdministrativeExpenses": 77192000,
    "otherExpenses": 50469000,
    "operatingExpenses": 127661000,
    "costAndExpenses": 320653000,
    "interestIncome": 0,
    "interestExpense": 28383000,
    "depreciationAndAmortization": 50509000,
    "ebitda": 239065000,
    "ebitdaratio": 0.4723456551,
    "operatingIncome": 185470000,
    "operatingIncomeRatio": 0.3664524236,
    "totalOtherIncomeExpensesNet": -25297000,
    "incomeBeforeTax": 160173000,
    "incomeBeforeTaxRatio": 0.3164705022,
    "incomeTaxExpense": 52716000,
    "netIncome": 109248000,
    "netIncomeRatio": 0.2158526682,
    "eps": 0.65,
    "epsdiluted": 0.64,
    "weightedAverageShsOut": 167369023,
    "weightedAverageShsOutDil": 170200724,
    "link": "https://www.sec.gov/Archives/edgar/data/1442145/000144214517000010/0001442145-17-000010-index.htm",
    "finalLink": "https://www.sec.gov/Archives/edgar/data/1442145/000144214517000010/vrsk10k12312016.htm"
  },
  {
    "date": "2016-09-30",
    "symbol": "VRSK",
    "reportedCurrency": "USD",
    "cik": "0001442145",
    "fillingDate": "2016-11-01",
    "acceptedDate": "2016-11-01 16:18:18",
    "calendarYear": "2016",
    "period": "Q3",
    "revenue": 498100000,
    "costOfRevenue": 169700000,
    "grossProfit": 328400000,
    "grossProfitRatio": 0.6593053604,
    "researchAndDevelopmentExpenses": 0,
    "generalAndAdministrativeExpenses": 0,
    "sellingAndMarketingExpenses": 0,
    "sellingGeneralAndAdministrativeExpenses": 77800000,
    "otherExpenses": 52200000,
    "operatingExpenses": 130000000,
    "costAndExpenses": 299700000,
    "interestIncome": 0,
    "interestExpense": 28150000,
    "depreciationAndAmortization": 52100000,
    "ebitda": 252700000,
    "ebitdaratio": 0.5073278458,
    "operatingIncome": 198400000,
    "operatingIncomeRatio": 0.3983135916,
    "totalOtherIncomeExpensesNet": -26000000,
    "incomeBeforeTax": 172400000,
    "incomeBeforeTaxRatio": 0.3461152379,
    "incomeTaxExpense": 44800000,
    "netIncome": 127600000,
    "netIncomeRatio": 0.2561734591,
    "eps": 0.76,
    "epsdiluted": 0.74,
    "weightedAverageShsOut": 168874132,
    "weightedAverageShsOutDil": 171785903,
    "link": "https://www.sec.gov/Archives/edgar/data/1442145/000144214516000089/0001442145-16-000089-index.htm",
    "finalLink": "https://www.sec.gov/Archives/edgar/data/1442145/000144214516000089/vrsk-2016930.htm"
  },
  {
    "date": "2016-06-30",
    "symbol": "VRSK",
    "reportedCurrency": "USD",
    "cik": "0001442145",
    "fillingDate": "2016-08-02",
    "acceptedDate": "2016-08-02 16:24:36",
    "calendarYear": "2016",
    "period": "Q2",
    "revenue": 498300000,
    "costOfRevenue": 178400000,
    "grossProfit": 319900000,
    "grossProfitRatio": 0.6419827413,
    "researchAndDevelopmentExpenses": 0,
    "generalAndAdministrativeExpenses": 0,
    "sellingAndMarketingExpenses": 0,
    "sellingGeneralAndAdministrativeExpenses": 75600000,
    "otherExpenses": 53100000,
    "operatingExpenses": 128700000,
    "costAndExpenses": 307100000,
    "interestIncome": 0,
    "interestExpense": 31435000,
    "depreciationAndAmortization": 53200000,
    "ebitda": 245300000,
    "ebitdaratio": 0.4922737307,
    "operatingIncome": 191200000,
    "operatingIncomeRatio": 0.3837045956,
    "totalOtherIncomeExpensesNet": -30600000,
    "incomeBeforeTax": 160600000,
    "incomeBeforeTaxRatio": 0.3222958057,
    "incomeTaxExpense": 53800000,
    "netIncome": 261800000,
    "netIncomeRatio": 0.5253863135,
    "eps": 1.56,
    "epsdiluted": 1.53,
    "weightedAverageShsOut": 168296321,
    "weightedAverageShsOutDil": 171218785,
    "link": "https://www.sec.gov/Archives/edgar/data/1442145/000144214516000081/0001442145-16-000081-index.htm",
    "finalLink": "https://www.sec.gov/Archives/edgar/data/1442145/000144214516000081/vrsk-2016630.htm"
  },
  {
    "date": "2016-03-31",
    "symbol": "VRSK",
    "reportedCurrency": "USD",
    "cik": "0001442145",
    "fillingDate": "2016-05-03",
    "acceptedDate": "2016-05-03 16:17:32",
    "calendarYear": "2016",
    "period": "Q1",
    "revenue": 492700000,
    "costOfRevenue": 173300000,
    "grossProfit": 319400000,
    "grossProfitRatio": 0.6482646641,
    "researchAndDevelopmentExpenses": 0,
    "generalAndAdministrativeExpenses": 0,
    "sellingAndMarketingExpenses": 0,
    "sellingGeneralAndAdministrativeExpenses": 71000000,
    "otherExpenses": 55800000,
    "operatingExpenses": 126800000,
    "costAndExpenses": 300100000,
    "interestIncome": 0,
    "interestExpense": 32032000,
    "depreciationAndAmortization": 68700000,
    "ebitda": 261300000,
    "ebitdaratio": 0.5303430079,
    "operatingIncome": 192600000,
    "operatingIncomeRatio": 0.3909072458,
    "totalOtherIncomeExpensesNet": -32000000,
    "incomeBeforeTax": 160600000,
    "incomeBeforeTaxRatio": 0.3259590014,
    "incomeTaxExpense": 50900000,
    "netIncome": 92600000,
    "netIncomeRatio": 0.1879439821,
    "eps": 0.55,
    "epsdiluted": 0.54,
    "weightedAverageShsOut": 168453753,
    "weightedAverageShsOutDil": 171480887,
    "link": "https://www.sec.gov/Archives/edgar/data/1442145/000144214516000069/0001442145-16-000069-index.htm",
    "finalLink": "https://www.sec.gov/Archives/edgar/data/1442145/000144214516000069/vrsk-2016331.htm"
  },
  {
    "date": "2015-12-31",
    "symbol": "VRSK",
    "reportedCurrency": "USD",
    "cik": "0001442145",
    "fillingDate": "2016-02-24",
    "acceptedDate": "2016-02-23 18:18:35",
    "calendarYear": "2015",
    "period": "Q4",
    "revenue": 560562000,
    "costOfRevenue": 213695000,
    "grossProfit": 346867000,
    "grossProfitRatio": 0.6187843628,
    "researchAndDevelopmentExpenses": 0,
    "generalAndAdministrativeExpenses": 0,
    "sellingAndMarketingExpenses": 0,
    "sellingGeneralAndAdministrativeExpenses": 83782000,
    "otherExpenses": 67417000,
    "operatingExpenses": 151199000,
    "costAndExpenses": 364894000,
    "interestIncome": 0,
    "interestExpense": 32389000,
    "depreciationAndAmortization": 67417000,
    "ebitda": 262935000,
    "ebitdaratio": 0.4690560545,
    "operatingIncome": 195668000,
    "operatingIncomeRatio": 0.3490568394,
    "totalOtherIncomeExpensesNet": -32539000,
    "incomeBeforeTax": 163129000,
    "incomeBeforeTaxRatio": 0.2910097367,
    "incomeTaxExpense": 49372000,
    "netIncome": 113757000,
    "netIncomeRatio": 0.2029338414,
    "eps": 0.67,
    "epsdiluted": 0.66,
    "weightedAverageShsOut": 169392362,
    "weightedAverageShsOutDil": 172566725,
    "link": "https://www.sec.gov/Archives/edgar/data/1442145/000144214516000057/0001442145-16-000057-index.htm",
    "finalLink": "https://www.sec.gov/Archives/edgar/data/1442145/000144214516000057/vrsk10k12312015.htm"
  },
  {
    "date": "2015-09-30",
    "symbol": "VRSK",
    "reportedCurrency": "USD",
    "cik": "0001442145",
    "fillingDate": "2015-10-27",
    "acceptedDate": "2015-10-27 16:20:24",
    "calendarYear": "2015",
    "period": "Q3",
    "revenue": 470408000,
    "costOfRevenue": 162874000,
    "grossProfit": 307534000,
    "grossProfitRatio": 0.6537601401,
    "researchAndDevelopmentExpenses": 0,
    "generalAndAdministrativeExpenses": 0,
    "sellingAndMarketingExpenses": 0,
    "sellingGeneralAndAdministrativeExpenses": 70642000,
    "otherExpenses": 39744000,
    "operatingExpenses": 110386000,
    "costAndExpenses": 273260000,
    "interestIncome": 0,
    "interestExpense": 33003000,
    "depreciationAndAmortization": 52044000,
    "ebitda": 267086000,
    "ebitdaratio": 0.5677752079,
    "operatingIncome": 197148000,
    "operatingIncomeRatio": 0.4191000153,
    "totalOtherIncomeExpensesNet": -15109000,
    "incomeBeforeTax": 182039000,
    "incomeBeforeTaxRatio": 0.3869810888,
    "incomeTaxExpense": 57858000,
    "netIncome": 131814000,
    "netIncomeRatio": 0.2802120712,
    "eps": 0.78,
    "epsdiluted": 0.77,
    "weightedAverageShsOut": 168739440,
    "weightedAverageShsOutDil": 172171340,
    "link": "https://www.sec.gov/Archives/edgar/data/1442145/000144214515000046/0001442145-15-000046-index.htm",
    "finalLink": "https://www.sec.gov/Archives/edgar/data/1442145/000144214515000046/vrsk-201593010q.htm"
  },
  {
    "date": "2015-06-30",
    "symbol": "VRSK",
    "reportedCurrency": "USD",
    "cik": "0001442145",
    "fillingDate": "2015-07-28",
    "acceptedDate": "2015-07-28 16:26:34",
    "calendarYear": "2015",
    "period": "Q2",
    "revenue": 428599000,
    "costOfRevenue": 154639000,
    "grossProfit": 273960000,
    "grossProfitRatio": 0.6391988782,
    "researchAndDevelopmentExpenses": 0,
    "generalAndAdministrativeExpenses": 0,
    "sellingAndMarketingExpenses": 0,
    "sellingGeneralAndAdministrativeExpenses": 82336000,
    "otherExpenses": 45581000,
    "operatingExpenses": 127917000,
    "costAndExpenses": 282556000,
    "interestIncome": 0,
    "interestExpense": 37662000,
    "depreciationAndAmortization": 57440000,
    "ebitda": 288411000,
    "ebitdaratio": 0.6729157091,
    "operatingIncome": 146043000,
    "operatingIncomeRatio": 0.3407450787,
    "totalOtherIncomeExpensesNet": 47266000,
    "incomeBeforeTax": 193309000,
    "incomeBeforeTaxRatio": 0.4510253174,
    "incomeTaxExpense": 34392000,
    "netIncome": 163320000,
    "netIncomeRatio": 0.3810554854,
    "eps": 0.99,
    "epsdiluted": 0.97,
    "weightedAverageShsOut": 164141807,
    "weightedAverageShsOutDil": 167586103,
    "link": "https://www.sec.gov/Archives/edgar/data/1442145/000144214515000034/0001442145-15-000034-index.htm",
    "finalLink": "https://www.sec.gov/Archives/edgar/data/1442145/000144214515000034/vrsk-201563010q.htm"
  },
  {
    "date": "2015-03-31",
    "symbol": "VRSK",
    "reportedCurrency": "USD",
    "cik": "0001442145",
    "fillingDate": "2015-04-28",
    "acceptedDate": "2015-04-28 16:20:59",
    "calendarYear": "2015",
    "period": "Q1",
    "revenue": 384293000,
    "costOfRevenue": 133784000,
    "grossProfit": 250509000,
    "grossProfitRatio": 0.6518697973,
    "researchAndDevelopmentExpenses": 0,
    "generalAndAdministrativeExpenses": 0,
    "sellingAndMarketingExpenses": 0,
    "sellingGeneralAndAdministrativeExpenses": 49714000,
    "otherExpenses": 26843000,
    "operatingExpenses": 76557000,
    "costAndExpenses": 210341000,
    "interestIncome": 0,
    "interestExpense": 18262000,
    "depreciationAndAmortization": 38583000,
    "ebitda": 212033000,
    "ebitdaratio": 0.5517482754,
    "operatingIncome": 173952000,
    "operatingIncomeRatio": 0.4526546151,
    "totalOtherIncomeExpensesNet": -18764000,
    "incomeBeforeTax": 155188000,
    "incomeBeforeTaxRatio": 0.403827288,
    "incomeTaxExpense": 58815000,
    "netIncome": 98686000,
    "netIncomeRatio": 0.2567988488,
    "eps": 0.62,
    "epsdiluted": 0.61,
    "weightedAverageShsOut": 158087922,
    "weightedAverageShsOutDil": 161481216,
    "link": "https://www.sec.gov/Archives/edgar/data/1442145/000144214515000022/0001442145-15-000022-index.htm",
    "finalLink": "https://www.sec.gov/Archives/edgar/data/1442145/000144214515000022/vrsk-201533110q.htm"
  },
  {
    "date": "2014-12-31",
    "symbol": "VRSK",
    "reportedCurrency": "USD",
    "cik": "0001442145",
    "fillingDate": "2015-02-24",
    "acceptedDate": "2015-02-24 16:18:00",
    "calendarYear": "2014",
    "period": "Q4",
    "revenue": 464864000,
    "costOfRevenue": 193582000,
    "grossProfit": 271282000,
    "grossProfitRatio": 0.5835728299,
    "researchAndDevelopmentExpenses": 0,
    "generalAndAdministrativeExpenses": 0,
    "sellingAndMarketingExpenses": 0,
    "sellingGeneralAndAdministrativeExpenses": 56934000,
    "otherExpenses": 37301000,
    "operatingExpenses": 94235000,
    "costAndExpenses": 287817000,
    "interestIncome": 0,
    "interestExpense": 17588000,
    "depreciationAndAmortization": 37302000,
    "ebitda": 214583000,
    "ebitdaratio": 0.4616038239,
    "operatingIncome": 177047000,
    "operatingIncomeRatio": 0.3808576272,
    "totalOtherIncomeExpensesNet": -17354000,
    "incomeBeforeTax": 159693000,
    "incomeBeforeTaxRatio": 0.3435262787,
    "incomeTaxExpense": 60383000,
    "netIncome": 97370000,
    "netIncomeRatio": 0.2094591106,
    "eps": 0,
    "epsdiluted": 0,
    "weightedAverageShsOut": 158087919,
    "weightedAverageShsOutDil": 161481213,
    "link": "https://www.sec.gov/Archives/edgar/data/1442145/000144214515000011/0001442145-15-000011-index.htm",
    "finalLink": "https://www.sec.gov/Archives/edgar/data/1442145/000144214515000011/vrsk10k12312014.htm"
  },
  {
    "date": "2014-09-30",
    "symbol": "VRSK",
    "reportedCurrency": "USD",
    "cik": "0001442145",
    "fillingDate": "2014-10-28",
    "acceptedDate": "2014-10-28 16:17:21",
    "calendarYear": "2014",
    "period": "Q3",
    "revenue": 448665000,
    "costOfRevenue": 180873000,
    "grossProfit": 267792000,
    "grossProfitRatio": 0.59686403,
    "researchAndDevelopmentExpenses": 0,
    "generalAndAdministrativeExpenses": 0,
    "sellingAndMarketingExpenses": 0,
    "sellingGeneralAndAdministrativeExpenses": 56164000,
    "otherExpenses": 36138000,
    "operatingExpenses": 92302000,
    "costAndExpenses": 273175000,
    "interestIncome": 0,
    "interestExpense": 17498000,
    "depreciationAndAmortization": 36138000,
    "ebitda": 211343000,
    "ebitdaratio": 0.4710485552,
    "operatingIncome": 175490000,
    "operatingIncomeRatio": 0.3911381543,
    "totalOtherIncomeExpensesNet": -17783000,
    "incomeBeforeTax": 157707000,
    "incomeBeforeTaxRatio": 0.3515027916,
    "incomeTaxExpense": 58692000,
    "netIncome": 99015000,
    "netIncomeRatio": 0.2206880412,
    "eps": 0.6,
    "epsdiluted": 0.58,
    "weightedAverageShsOut": 166187543,
    "weightedAverageShsOutDil": 169522451,
    "link": "https://www.sec.gov/Archives/edgar/data/1442145/000144214514000039/0001442145-14-000039-index.htm",
    "finalLink": "https://www.sec.gov/Archives/edgar/data/1442145/000144214514000039/vrsk-2014093010q.htm"
  },
  {
    "date": "2014-06-30",
    "symbol": "VRSK",
    "reportedCurrency": "USD",
    "cik": "0001442145",
    "fillingDate": "2014-07-29",
    "acceptedDate": "2014-07-29 16:16:56",
    "calendarYear": "2014",
    "period": "Q2",
    "revenue": 423554000,
    "costOfRevenue": 172470000,
    "grossProfit": 251084000,
    "grossProfitRatio": 0.5928028067,
    "researchAndDevelopmentExpenses": 0,
    "generalAndAdministrativeExpenses": 0,
    "sellingAndMarketingExpenses": 0,
    "sellingGeneralAndAdministrativeExpenses": 57074000,
    "otherExpenses": 34944000,
    "operatingExpenses": 92018000,
    "costAndExpenses": 264488000,
    "interestIncome": 0,
    "interestExpense": 17459000,
    "depreciationAndAmortization": 34944000,
    "ebitda": 194210000,
    "ebitdaratio": 0.458524769,
    "operatingIncome": 159066000,
    "operatingIncomeRatio": 0.3755506972,
    "totalOtherIncomeExpensesNet": -17259000,
    "incomeBeforeTax": 141807000,
    "incomeBeforeTaxRatio": 0.3348026462,
    "incomeTaxExpense": 53708000,
    "netIncome": 88099000,
    "netIncomeRatio": 0.2079994523,
    "eps": 0.53,
    "epsdiluted": 0.52,
    "weightedAverageShsOut": 166343633,
    "weightedAverageShsOutDil": 169503667,
    "link": "https://www.sec.gov/Archives/edgar/data/1442145/000144214514000031/0001442145-14-000031-index.htm",
    "finalLink": "https://www.sec.gov/Archives/edgar/data/1442145/000144214514000031/vrsk-2014063010q.htm"
  },
  {
    "date": "2014-03-31",
    "symbol": "VRSK",
    "reportedCurrency": "USD",
    "cik": "0001442145",
    "fillingDate": "2014-04-29",
    "acceptedDate": "2014-04-29 16:20:35",
    "calendarYear": "2014",
    "period": "Q1",
    "revenue": 409643000,
    "costOfRevenue": 169673000,
    "grossProfit": 239970000,
    "grossProfitRatio": 0.58580276,
    "researchAndDevelopmentExpenses": 0,
    "generalAndAdministrativeExpenses": 0,
    "sellingAndMarketingExpenses": 0,
    "sellingGeneralAndAdministrativeExpenses": 57134000,
    "otherExpenses": 33993000,
    "operatingExpenses": 91127000,
    "costAndExpenses": 260800000,
    "interestIncome": 0,
    "interestExpense": 17439000,
    "depreciationAndAmortization": 35099000,
    "ebitda": 183951000,
    "ebitdaratio": 0.4490519794,
    "operatingIncome": 148843000,
    "operatingIncomeRatio": 0.363348086,
    "totalOtherIncomeExpensesNet": -17430000,
    "incomeBeforeTax": 131413000,
    "incomeBeforeTaxRatio": 0.3207988419,
    "incomeTaxExpense": 46972000,
    "netIncome": 115558000,
    "netIncomeRatio": 0.282094409,
    "eps": 0.69,
    "epsdiluted": 0.68,
    "weightedAverageShsOut": 166981985,
    "weightedAverageShsOutDil": 170421492,
    "link": "https://www.sec.gov/Archives/edgar/data/1442145/000144214514000017/0001442145-14-000017-index.htm",
    "finalLink": "https://www.sec.gov/Archives/edgar/data/1442145/000144214514000017/vrsk-2014033110q.htm"
  },
  {
    "date": "2013-12-31",
    "symbol": "VRSK",
    "reportedCurrency": "USD",
    "cik": "0001442145",
    "fillingDate": "2014-02-25",
    "acceptedDate": "2014-02-25 16:16:32",
    "calendarYear": "2013",
    "period": "Q4",
    "revenue": 332463000,
    "costOfRevenue": 106831000,
    "grossProfit": 225632000,
    "grossProfitRatio": 0.6786680022,
    "researchAndDevelopmentExpenses": 0,
    "generalAndAdministrativeExpenses": 0,
    "sellingAndMarketingExpenses": 0,
    "sellingGeneralAndAdministrativeExpenses": 49472000,
    "otherExpenses": 30406000,
    "operatingExpenses": 79878000,
    "costAndExpenses": 186709000,
    "interestIncome": 0,
    "interestExpense": 17650000,
    "depreciationAndAmortization": 35053000,
    "ebitda": 181200000,
    "ebitdaratio": 0.5450230552,
    "operatingIncome": 145754000,
    "operatingIncomeRatio": 0.4384066798,
    "totalOtherIncomeExpensesNet": -17257000,
    "incomeBeforeTax": 128497000,
    "incomeBeforeTaxRatio": 0.3865001519,
    "incomeTaxExpense": 47340000,
    "netIncome": 87223000,
    "netIncomeRatio": 0.2623540063,
    "eps": 0,
    "epsdiluted": 0,
    "weightedAverageShsOut": 166981982,
    "weightedAverageShsOutDil": 170421489,
    "link": "https://www.sec.gov/Archives/edgar/data/1442145/000144214514000008/0001442145-14-000008-index.htm",
    "finalLink": "https://www.sec.gov/Archives/edgar/data/1442145/000144214514000008/vrsk10k12312013.htm"
  },
  {
    "date": "2013-09-30",
    "symbol": "VRSK",
    "reportedCurrency": "USD",
    "cik": "0001442145",
    "fillingDate": "2013-11-05",
    "acceptedDate": "2013-11-05 16:17:42",
    "calendarYear": "2013",
    "period": "Q3",
    "revenue": 411927000,
    "costOfRevenue": 156306000,
    "grossProfit": 255621000,
    "grossProfitRatio": 0.6205492721,
    "researchAndDevelopmentExpenses": 0,
    "generalAndAdministrativeExpenses": 0,
    "sellingAndMarketingExpenses": 0,
    "sellingGeneralAndAdministrativeExpenses": 56783000,
    "otherExpenses": 32003000,
    "operatingExpenses": 88786000,
    "costAndExpenses": 245092000,
    "interestIncome": 0,
    "interestExpense": 18692000,
    "depreciationAndAmortization": 33097000,
    "ebitda": 200157000,
    "ebitdaratio": 0.4859040558,
    "operatingIncome": 166835000,
    "operatingIncomeRatio": 0.4050110821,
    "totalOtherIncomeExpensesNet": -18467000,
    "incomeBeforeTax": 148368000,
    "incomeBeforeTaxRatio": 0.3601803232,
    "incomeTaxExpense": 53474000,
    "netIncome": 96441000,
    "netIncomeRatio": 0.2341215798,
    "eps": 0.57,
    "epsdiluted": 0.56,
    "weightedAverageShsOut": 168044103,
    "weightedAverageShsOutDil": 172154556,
    "link": "https://www.sec.gov/Archives/edgar/data/1442145/000144214513000010/0001442145-13-000010-index.htm",
    "finalLink": "https://www.sec.gov/Archives/edgar/data/1442145/000144214513000010/vrsk-20130930x10q.htm"
  },
  {
    "date": "2013-06-30",
    "symbol": "VRSK",
    "reportedCurrency": "USD",
    "cik": "0001442145",
    "fillingDate": "2013-07-30",
    "acceptedDate": "2013-07-30 16:22:03",
    "calendarYear": "2013",
    "period": "Q2",
    "revenue": 390356000,
    "costOfRevenue": 152429000,
    "grossProfit": 237927000,
    "grossProfitRatio": 0.6095128549,
    "researchAndDevelopmentExpenses": 0,
    "generalAndAdministrativeExpenses": 0,
    "sellingAndMarketingExpenses": 0,
    "sellingGeneralAndAdministrativeExpenses": 58198000,
    "otherExpenses": 32872000,
    "operatingExpenses": 91070000,
    "costAndExpenses": 243499000,
    "interestIncome": 0,
    "interestExpense": 19704000,
    "depreciationAndAmortization": 34007000,
    "ebitda": 180991000,
    "ebitdaratio": 0.4636562522,
    "operatingIncome": 146857000,
    "operatingIncomeRatio": 0.3762129953,
    "totalOtherIncomeExpensesNet": -19577000,
    "incomeBeforeTax": 127280000,
    "incomeBeforeTaxRatio": 0.3260613389,
    "incomeTaxExpense": 45680000,
    "netIncome": 84205000,
    "netIncomeRatio": 0.2157133488,
    "eps": 0.5,
    "epsdiluted": 0.49,
    "weightedAverageShsOut": 168147072,
    "weightedAverageShsOutDil": 172467691,
    "link": "https://www.sec.gov/Archives/edgar/data/1442145/000119312513310236/0001193125-13-310236-index.htm",
    "finalLink": "https://www.sec.gov/Archives/edgar/data/1442145/000119312513310236/d541058d10q.htm"
  },
  {
    "date": "2013-03-31",
    "symbol": "VRSK",
    "reportedCurrency": "USD",
    "cik": "0001442145",
    "fillingDate": "2013-04-30",
    "acceptedDate": "2013-04-30 16:21:02",
    "calendarYear": "2013",
    "period": "Q1",
    "revenue": 376697000,
    "costOfRevenue": 143632000,
    "grossProfit": 233065000,
    "grossProfitRatio": 0.6187068121,
    "researchAndDevelopmentExpenses": 0,
    "generalAndAdministrativeExpenses": 0,
    "sellingAndMarketingExpenses": 0,
    "sellingGeneralAndAdministrativeExpenses": 56322000,
    "otherExpenses": 31215000,
    "operatingExpenses": 87537000,
    "costAndExpenses": 231169000,
    "interestIncome": 0,
    "interestExpense": 20090000,
    "depreciationAndAmortization": 32421000,
    "ebitda": 177800000,
    "ebitdaratio": 0.4719973878,
    "operatingIncome": 145528000,
    "operatingIncomeRatio": 0.3863264109,
    "totalOtherIncomeExpensesNet": -20239000,
    "incomeBeforeTax": 125289000,
    "incomeBeforeTaxRatio": 0.3325988792,
    "incomeTaxExpense": 45844000,
    "netIncome": 80511000,
    "netIncomeRatio": 0.2137288059,
    "eps": 0.48,
    "epsdiluted": 0.47,
    "weightedAverageShsOut": 168078592,
    "weightedAverageShsOutDil": 172760644,
    "link": "https://www.sec.gov/Archives/edgar/data/1442145/000119312513187336/0001193125-13-187336-index.htm",
    "finalLink": "https://www.sec.gov/Archives/edgar/data/1442145/000119312513187336/d496990d10q.htm"
  },
  {
    "date": "2012-12-31",
    "symbol": "VRSK",
    "reportedCurrency": "USD",
    "cik": "0001442145",
    "fillingDate": "2013-02-26",
    "acceptedDate": "2013-02-26 16:22:16",
    "calendarYear": "2012",
    "period": "Q4",
    "revenue": 415730000,
    "costOfRevenue": 170021000,
    "grossProfit": 245709000,
    "grossProfitRatio": 0.591030236,
    "researchAndDevelopmentExpenses": 0,
    "generalAndAdministrativeExpenses": 0,
    "sellingAndMarketingExpenses": 0,
    "sellingGeneralAndAdministrativeExpenses": 56200000,
    "otherExpenses": 30535000,
    "operatingExpenses": 86735000,
    "costAndExpenses": 256756000,
    "interestIncome": 20572000,
    "interestExpense": 0,
    "depreciationAndAmortization": 30535000,
    "ebitda": 189578000,
    "ebitdaratio": 0.4560123157,
    "operatingIncome": 158974000,
    "operatingIncomeRatio": 0.382397229,
    "totalOtherIncomeExpensesNet": -20544000,
    "incomeBeforeTax": 138430000,
    "incomeBeforeTaxRatio": 0.3329805403,
    "incomeTaxExpense": 40131000,
    "netIncome": 98299000,
    "netIncomeRatio": 0.2364491377,
    "eps": 0,
    "epsdiluted": 0,
    "weightedAverageShsOut": 168078589,
    "weightedAverageShsOutDil": 172760641,
    "link": "https://www.sec.gov/Archives/edgar/data/1442145/000119312513076934/0001193125-13-076934-index.htm",
    "finalLink": "https://www.sec.gov/Archives/edgar/data/1442145/000119312513076934/d448659d10k.htm"
  },
  {
    "date": "2012-09-30",
    "symbol": "VRSK",
    "reportedCurrency": "USD",
    "cik": "0001442145",
    "fillingDate": "2012-10-30",
    "acceptedDate": "2012-10-30 16:26:09",
    "calendarYear": "2012",
    "period": "Q3",
    "revenue": 398863000,
    "costOfRevenue": 156749000,
    "grossProfit": 242114000,
    "grossProfitRatio": 0.6070104271,
    "researchAndDevelopmentExpenses": 0,
    "generalAndAdministrativeExpenses": 0,
    "sellingAndMarketingExpenses": 0,
    "sellingGeneralAndAdministrativeExpenses": 58707000,
    "otherExpenses": 28156000,
    "operatingExpenses": 86863000,
    "costAndExpenses": 243612000,
    "interestIncome": 136000,
    "interestExpense": 18133000,
    "depreciationAndAmortization": 28156000,
    "ebitda": 182905000,
    "ebitdaratio": 0.4585659738,
    "operatingIncome": 155251000,
    "operatingIncomeRatio": 0.3892338974,
    "totalOtherIncomeExpensesNet": -18635000,
    "incomeBeforeTax": 136616000,
    "incomeBeforeTaxRatio": 0.3425135949,
    "incomeTaxExpense": 53705000,
    "netIncome": 82911000,
    "netIncomeRatio": 0.2078683658,
    "eps": 0.5,
    "epsdiluted": 0.48,
    "weightedAverageShsOut": 165978083,
    "weightedAverageShsOutDil": 171660546,
    "link": "https://www.sec.gov/Archives/edgar/data/1442145/000119312512441544/0001193125-12-441544-index.htm",
    "finalLink": "https://www.sec.gov/Archives/edgar/data/1442145/000119312512441544/d402682d10q.htm"
  },
  {
    "date": "2012-06-30",
    "symbol": "VRSK",
    "reportedCurrency": "USD",
    "cik": "0001442145",
    "fillingDate": "2012-07-31",
    "acceptedDate": "2012-07-31 16:47:21",
    "calendarYear": "2012",
    "period": "Q2",
    "revenue": 373226000,
    "costOfRevenue": 147074000,
    "grossProfit": 226152000,
    "grossProfitRatio": 0.605938493,
    "researchAndDevelopmentExpenses": 0,
    "generalAndAdministrativeExpenses": 0,
    "sellingAndMarketingExpenses": 0,
    "sellingGeneralAndAdministrativeExpenses": 62473000,
    "otherExpenses": 25277000,
    "operatingExpenses": 87750000,
    "costAndExpenses": 234824000,
    "interestIncome": 156000,
    "interestExpense": 17377000,
    "depreciationAndAmortization": 25277000,
    "ebitda": 163805000,
    "ebitdaratio": 0.4388895736,
    "operatingIncome": 138402000,
    "operatingIncomeRatio": 0.3708262554,
    "totalOtherIncomeExpensesNet": -17251000,
    "incomeBeforeTax": 121151000,
    "incomeBeforeTaxRatio": 0.3246049311,
    "incomeTaxExpense": 47820000,
    "netIncome": 73331000,
    "netIncomeRatio": 0.1964788091,
    "eps": 0.44,
    "epsdiluted": 0.43,
    "weightedAverageShsOut": 165946012,
    "weightedAverageShsOutDil": 171901352,
    "link": "https://www.sec.gov/Archives/edgar/data/1442145/000119312512326026/0001193125-12-326026-index.htm",
    "finalLink": "https://www.sec.gov/Archives/edgar/data/1442145/000119312512326026/d362457d10q.htm"
  },
  {
    "date": "2012-03-31",
    "symbol": "VRSK",
    "reportedCurrency": "USD",
    "cik": "0001442145",
    "fillingDate": "2012-05-01",
    "acceptedDate": "2012-05-01 16:21:08",
    "calendarYear": "2012",
    "period": "Q1",
    "revenue": 346501000,
    "costOfRevenue": 133330000,
    "grossProfit": 213171000,
    "grossProfitRatio": 0.6152103457,
    "researchAndDevelopmentExpenses": 0,
    "generalAndAdministrativeExpenses": 0,
    "sellingAndMarketingExpenses": 0,
    "sellingGeneralAndAdministrativeExpenses": 53979000,
    "otherExpenses": 20231000,
    "operatingExpenses": 74210000,
    "costAndExpenses": 207540000,
    "interestIncome": 105000,
    "interestExpense": 16385000,
    "depreciationAndAmortization": 20231000,
    "ebitda": 159627000,
    "ebitdaratio": 0.4606826532,
    "operatingIncome": 138961000,
    "operatingIncomeRatio": 0.4010406896,
    "totalOtherIncomeExpensesNet": -15950000,
    "incomeBeforeTax": 123011000,
    "incomeBeforeTaxRatio": 0.3550090765,
    "incomeTaxExpense": 48410000,
    "netIncome": 74601000,
    "netIncomeRatio": 0.2152980799,
    "eps": 0.45,
    "epsdiluted": 0.44,
    "weightedAverageShsOut": 164836995,
    "weightedAverageShsOutDil": 171350823,
    "link": "https://www.sec.gov/Archives/edgar/data/1442145/000119312512200848/0001193125-12-200848-index.htm",
    "finalLink": "https://www.sec.gov/Archives/edgar/data/1442145/000119312512200848/d313698d10q.htm"
  },
  {
    "date": "2011-12-31",
    "symbol": "VRSK",
    "reportedCurrency": "USD",
    "cik": "0001442145",
    "fillingDate": "2012-02-28",
    "acceptedDate": "2012-02-28 16:21:57",
    "calendarYear": "2011",
    "period": "Q4",
    "revenue": 351593000,
    "costOfRevenue": 140375000,
    "grossProfit": 211218000,
    "grossProfitRatio": 0.6007457486,
    "researchAndDevelopmentExpenses": 0,
    "generalAndAdministrativeExpenses": 0,
    "sellingAndMarketingExpenses": 0,
    "sellingGeneralAndAdministrativeExpenses": 52829000,
    "otherExpenses": 19532000,
    "operatingExpenses": 72361000,
    "costAndExpenses": 212736000,
    "interestIncome": 102000,
    "interestExpense": 14754000,
    "depreciationAndAmortization": 19532000,
    "ebitda": 158776000,
    "ebitdaratio": 0.4515903331,
    "operatingIncome": 138857000,
    "operatingIncomeRatio": 0.3949367593,
    "totalOtherIncomeExpensesNet": -14367000,
    "incomeBeforeTax": 124490000,
    "incomeBeforeTaxRatio": 0.354074171,
    "incomeTaxExpense": 44172000,
    "netIncome": 80318000,
    "netIncomeRatio": 0.2284402704,
    "eps": 0,
    "epsdiluted": 0,
    "weightedAverageShsOut": 164836992,
    "weightedAverageShsOutDil": 171350820,
    "link": "https://www.sec.gov/Archives/edgar/data/1442145/000119312512085286/0001193125-12-085286-index.htm",
    "finalLink": "https://www.sec.gov/Archives/edgar/data/1442145/000119312512085286/d282185d10k.htm"
  },
  {
    "date": "2011-09-30",
    "symbol": "VRSK",
    "reportedCurrency": "USD",
    "cik": "0001442145",
    "fillingDate": "2011-11-01",
    "acceptedDate": "2011-11-01 16:16:15",
    "calendarYear": "2011",
    "period": "Q3",
    "revenue": 340098000,
    "costOfRevenue": 137619000,
    "grossProfit": 202479000,
    "grossProfitRatio": 0.5953548683,
    "researchAndDevelopmentExpenses": 0,
    "generalAndAdministrativeExpenses": 0,
    "sellingAndMarketingExpenses": 0,
    "sellingGeneralAndAdministrativeExpenses": 51475000,
    "otherExpenses": 19595000,
    "operatingExpenses": 71070000,
    "costAndExpenses": 208689000,
    "interestIncome": 99000,
    "interestExpense": 14593000,
    "depreciationAndAmortization": 19595000,
    "ebitda": 151017000,
    "ebitdaratio": 0.4440396592,
    "operatingIncome": 131409000,
    "operatingIncomeRatio": 0.3863856888,
    "totalOtherIncomeExpensesNet": -14580000,
    "incomeBeforeTax": 116829000,
    "incomeBeforeTaxRatio": 0.3435156925,
    "incomeTaxExpense": 45842000,
    "netIncome": 70987000,
    "netIncomeRatio": 0.2087251322,
    "eps": 0.43,
    "epsdiluted": 0.41,
    "weightedAverageShsOut": 164195328,
    "weightedAverageShsOutDil": 171169661,
    "link": "https://www.sec.gov/Archives/edgar/data/1442145/000095012311093958/0000950123-11-093958-index.htm",
    "finalLink": "https://www.sec.gov/Archives/edgar/data/1442145/000095012311093958/c22496e10vq.htm"
  },
  {
    "date": "2011-06-30",
    "symbol": "VRSK",
    "reportedCurrency": "USD",
    "cik": "0001442145",
    "fillingDate": "2011-08-02",
    "acceptedDate": "2011-08-02 16:16:33",
    "calendarYear": "2011",
    "period": "Q2",
    "revenue": 327280000,
    "costOfRevenue": 131185000,
    "grossProfit": 196095000,
    "grossProfitRatio": 0.5991658519,
    "researchAndDevelopmentExpenses": 0,
    "generalAndAdministrativeExpenses": 0,
    "sellingAndMarketingExpenses": 0,
    "sellingGeneralAndAdministrativeExpenses": 55909000,
    "otherExpenses": 16368000,
    "operatingExpenses": 72277000,
    "costAndExpenses": 203462000,
    "interestIncome": 0,
    "interestExpense": 14895000,
    "depreciationAndAmortization": 19732000,
    "ebitda": 143675000,
    "ebitdaratio": 0.438997189,
    "operatingIncome": 123818000,
    "operatingIncomeRatio": 0.3783243706,
    "totalOtherIncomeExpensesNet": -14770000,
    "incomeBeforeTax": 109048000,
    "incomeBeforeTaxRatio": 0.3331948179,
    "incomeTaxExpense": 43471000,
    "netIncome": 65577000,
    "netIncomeRatio": 0.200369714,
    "eps": 0.39,
    "epsdiluted": 0.38,
    "weightedAverageShsOut": 166960809,
    "weightedAverageShsOutDil": 174634049,
    "link": "https://www.sec.gov/Archives/edgar/data/1442145/000095012311071625/0000950123-11-071625-index.htm",
    "finalLink": "https://www.sec.gov/Archives/edgar/data/1442145/000095012311071625/c18159e10vq.htm"
  },
  {
    "date": "2011-03-31",
    "symbol": "VRSK",
    "reportedCurrency": "USD",
    "cik": "0001442145",
    "fillingDate": "2011-05-03",
    "acceptedDate": "2011-05-03 16:31:46",
    "calendarYear": "2011",
    "period": "Q1",
    "revenue": 312869000,
    "costOfRevenue": 124556000,
    "grossProfit": 188313000,
    "grossProfitRatio": 0.6018908872,
    "researchAndDevelopmentExpenses": 0,
    "generalAndAdministrativeExpenses": 0,
    "sellingAndMarketingExpenses": 0,
    "sellingGeneralAndAdministrativeExpenses": 49256000,
    "otherExpenses": 19760000,
    "operatingExpenses": 69016000,
    "costAndExpenses": 193572000,
    "interestIncome": 10000,
    "interestExpense": 9615000,
    "depreciationAndAmortization": 19760000,
    "ebitda": 139429000,
    "ebitdaratio": 0.4456465805,
    "operatingIncome": 119297000,
    "operatingIncomeRatio": 0.3813001608,
    "totalOtherIncomeExpensesNet": -9243000,
    "incomeBeforeTax": 110054000,
    "incomeBeforeTaxRatio": 0.3517574448,
    "incomeTaxExpense": 44178000,
    "netIncome": 65876000,
    "netIncomeRatio": 0.2105545772,
    "eps": 0.39,
    "epsdiluted": 0.37,
    "weightedAverageShsOut": 169030230,
    "weightedAverageShsOutDil": 176964195,
    "link": "https://www.sec.gov/Archives/edgar/data/1442145/000095012311043876/0000950123-11-043876-index.htm",
    "finalLink": "https://www.sec.gov/Archives/edgar/data/1442145/000095012311043876/c14720e10vq.htm"
  },
  {
    "date": "2010-12-31",
    "symbol": "VRSK",
    "reportedCurrency": "USD",
    "cik": "0001442145",
    "fillingDate": "2011-02-28",
    "acceptedDate": "2011-02-28 16:39:38",
    "calendarYear": "2010",
    "period": "Q4",
    "revenue": 293158000,
    "costOfRevenue": 116475000,
    "grossProfit": 176683000,
    "grossProfitRatio": 0.6026886525,
    "researchAndDevelopmentExpenses": 0,
    "generalAndAdministrativeExpenses": 0,
    "sellingAndMarketingExpenses": 0,
    "sellingGeneralAndAdministrativeExpenses": 45240000,
    "otherExpenses": 17736000,
    "operatingExpenses": 62976000,
    "costAndExpenses": 179451000,
    "interestIncome": 305000,
    "interestExpense": 9269000,
    "depreciationAndAmortization": 17736000,
    "ebitda": 131590000,
    "ebitdaratio": 0.4488705749,
    "operatingIncome": 113707000,
    "operatingIncomeRatio": 0.3878693401,
    "totalOtherIncomeExpensesNet": -9122000,
    "incomeBeforeTax": 104585000,
    "incomeBeforeTaxRatio": 0.3567530137,
    "incomeTaxExpense": 38692000,
    "netIncome": 65893000,
    "netIncomeRatio": 0.2247695782,
    "eps": 0,
    "epsdiluted": 0,
    "weightedAverageShsOut": 169030227,
    "weightedAverageShsOutDil": 176964192,
    "link": "https://www.sec.gov/Archives/edgar/data/1442145/000095012311019814/0000950123-11-019814-index.htm",
    "finalLink": "https://www.sec.gov/Archives/edgar/data/1442145/000095012311019814/y89886e10vk.htm"
  },
  {
    "date": "2010-09-30",
    "symbol": "VRSK",
    "reportedCurrency": "USD",
    "cik": "0001442145",
    "fillingDate": "2010-11-03",
    "acceptedDate": "2010-11-03 17:25:37",
    "calendarYear": "2010",
    "period": "Q3",
    "revenue": 287354000,
    "costOfRevenue": 117005000,
    "grossProfit": 170349000,
    "grossProfitRatio": 0.59281931,
    "researchAndDevelopmentExpenses": 0,
    "generalAndAdministrativeExpenses": 0,
    "sellingAndMarketingExpenses": 0,
    "sellingGeneralAndAdministrativeExpenses": 40982000,
    "otherExpenses": 15649000,
    "operatingExpenses": 56631000,
    "costAndExpenses": 173636000,
    "interestIncome": 59000,
    "interestExpense": 8484000,
    "depreciationAndAmortization": 16193000,
    "ebitda": 129979000,
    "ebitdaratio": 0.4523305748,
    "operatingIncome": 113718000,
    "operatingIncomeRatio": 0.3957418376,
    "totalOtherIncomeExpensesNet": -8416000,
    "incomeBeforeTax": 105302000,
    "incomeBeforeTaxRatio": 0.3664539209,
    "incomeTaxExpense": 42422000,
    "netIncome": 62880000,
    "netIncomeRatio": 0.2188241681,
    "eps": 0.35,
    "epsdiluted": 0.34,
    "weightedAverageShsOut": 178687239,
    "weightedAverageShsOutDil": 187188670,
    "link": "https://www.sec.gov/Archives/edgar/data/1442145/000095012310100219/0000950123-10-100219-index.htm",
    "finalLink": "https://www.sec.gov/Archives/edgar/data/1442145/000095012310100219/c07450e10vq.htm"
  },
  {
    "date": "2010-06-30",
    "symbol": "VRSK",
    "reportedCurrency": "USD",
    "cik": "0001442145",
    "fillingDate": "2010-08-04",
    "acceptedDate": "2010-08-04 16:40:47",
    "calendarYear": "2010",
    "period": "Q2",
    "revenue": 281677000,
    "costOfRevenue": 115000000,
    "grossProfit": 166677000,
    "grossProfitRatio": 0.5917309542,
    "researchAndDevelopmentExpenses": 0,
    "generalAndAdministrativeExpenses": 0,
    "sellingAndMarketingExpenses": 0,
    "sellingGeneralAndAdministrativeExpenses": 42638000,
    "otherExpenses": 16964000,
    "operatingExpenses": 59602000,
    "costAndExpenses": 174602000,
    "interestIncome": 92000,
    "interestExpense": 8445000,
    "depreciationAndAmortization": 16964000,
    "ebitda": 124160000,
    "ebitdaratio": 0.4407885628,
    "operatingIncome": 107075000,
    "operatingIncomeRatio": 0.3801339833,
    "totalOtherIncomeExpensesNet": -8324000,
    "incomeBeforeTax": 98751000,
    "incomeBeforeTaxRatio": 0.3505824047,
    "incomeTaxExpense": 40347000,
    "netIncome": 58404000,
    "netIncomeRatio": 0.2073438726,
    "eps": 0.32,
    "epsdiluted": 0.31,
    "weightedAverageShsOut": 180492109,
    "weightedAverageShsOutDil": 189541896,
    "link": "https://www.sec.gov/Archives/edgar/data/1442145/000095012310072531/0000950123-10-072531-index.htm",
    "finalLink": "https://www.sec.gov/Archives/edgar/data/1442145/000095012310072531/c03781e10vq.htm"
  },
  {
    "date": "2010-03-31",
    "symbol": "VRSK",
    "reportedCurrency": "USD",
    "cik": "0001442145",
    "fillingDate": "2010-05-06",
    "acceptedDate": "2010-05-06 17:14:42",
    "calendarYear": "2010",
    "period": "Q1",
    "revenue": 276154000,
    "costOfRevenue": 114993000,
    "grossProfit": 161161000,
    "grossProfitRatio": 0.5835910398,
    "researchAndDevelopmentExpenses": 0,
    "generalAndAdministrativeExpenses": 0,
    "sellingAndMarketingExpenses": 0,
    "sellingGeneralAndAdministrativeExpenses": 37514000,
    "otherExpenses": 17233000,
    "operatingExpenses": 54747000,
    "costAndExpenses": 169740000,
    "interestIncome": 32000,
    "interestExpense": 8466000,
    "depreciationAndAmortization": 17233000,
    "ebitda": 123711000,
    "ebitdaratio": 0.447978302,
    "operatingIncome": 106414000,
    "operatingIncomeRatio": 0.3853429608,
    "totalOtherIncomeExpensesNet": -8402000,
    "incomeBeforeTax": 98012000,
    "incomeBeforeTaxRatio": 0.3549179081,
    "incomeTaxExpense": 42637000,
    "netIncome": 55375000,
    "netIncomeRatio": 0.2005221724,
    "eps": 0.31,
    "epsdiluted": 0.29,
    "weightedAverageShsOut": 180053553,
    "weightedAverageShsOutDil": 189454759,
    "link": "https://www.sec.gov/Archives/edgar/data/1442145/000095012310045644/0000950123-10-045644-index.htm",
    "finalLink": "https://www.sec.gov/Archives/edgar/data/1442145/000095012310045644/c99696e10vq.htm"
  },
  {
    "date": "2009-12-31",
    "symbol": "VRSK",
    "reportedCurrency": "USD",
    "cik": "0001442145",
    "fillingDate": "2010-03-09",
    "acceptedDate": "2010-03-09 16:52:10",
    "calendarYear": "2009",
    "period": "Q4",
    "revenue": 265126000,
    "costOfRevenue": 153410000,
    "grossProfit": 111716000,
    "grossProfitRatio": 0.4213694621,
    "researchAndDevelopmentExpenses": 0,
    "generalAndAdministrativeExpenses": 0,
    "sellingAndMarketingExpenses": 0,
    "sellingGeneralAndAdministrativeExpenses": 51879000,
    "otherExpenses": 17679000,
    "operatingExpenses": 69558000,
    "costAndExpenses": 222968000,
    "interestIncome": 127000,
    "interestExpense": 9139000,
    "depreciationAndAmortization": 17679000,
    "ebitda": 57920000,
    "ebitdaratio": 0.2184621652,
    "operatingIncome": 42158000,
    "operatingIncomeRatio": 0.1590111871,
    "totalOtherIncomeExpensesNet": -11056000,
    "incomeBeforeTax": 31102000,
    "incomeBeforeTaxRatio": 0.11731026,
    "incomeTaxExpense": 37547000,
    "netIncome": -6445000,
    "netIncomeRatio": -0.0243091964,
    "eps": 0,
    "epsdiluted": 0,
    "weightedAverageShsOut": 180053550,
    "weightedAverageShsOutDil": 189454756,
    "link": "https://www.sec.gov/Archives/edgar/data/1442145/000095012310022607/0000950123-10-022607-index.htm",
    "finalLink": "https://www.sec.gov/Archives/edgar/data/1442145/000095012310022607/c96162e10vk.htm"
  },
  {
    "date": "2009-09-30",
    "symbol": "VRSK",
    "reportedCurrency": "USD",
    "cik": "0001442145",
    "fillingDate": "2009-11-16",
    "acceptedDate": "2009-11-16 17:29:49",
    "calendarYear": "2009",
    "period": "Q3",
    "revenue": 258311000,
    "costOfRevenue": 117383000,
    "grossProfit": 140928000,
    "grossProfitRatio": 0.5455749078,
    "researchAndDevelopmentExpenses": 0,
    "generalAndAdministrativeExpenses": 0,
    "sellingAndMarketingExpenses": 0,
    "sellingGeneralAndAdministrativeExpenses": 38500000,
    "otherExpenses": 17633000,
    "operatingExpenses": 56133000,
    "costAndExpenses": 173516000,
    "interestIncome": 0,
    "interestExpense": 9449000,
    "depreciationAndAmortization": 17633000,
    "ebitda": 102481000,
    "ebitdaratio": 0.3967349435,
    "operatingIncome": 84795000,
    "operatingIncomeRatio": 0.3282670889,
    "totalOtherIncomeExpensesNet": -9396000,
    "incomeBeforeTax": 75399000,
    "incomeBeforeTaxRatio": 0.2918923313,
    "incomeTaxExpense": 33194000,
    "netIncome": 42205000,
    "netIncomeRatio": 0.1633883187,
    "eps": 0.24,
    "epsdiluted": 0.23,
    "weightedAverageShsOut": 172796403,
    "weightedAverageShsOutDil": 179850853,
    "link": "https://www.sec.gov/Archives/edgar/data/1442145/000095012309063204/0000950123-09-063204-index.htm",
    "finalLink": "https://www.sec.gov/Archives/edgar/data/1442145/000095012309063204/c91946e10vq.htm"
  },
  {
    "date": "2009-06-30",
    "symbol": "VRSK",
    "reportedCurrency": "USD",
    "cik": "0001442145",
    "fillingDate": "2009-06-30",
    "acceptedDate": "2009-06-29 20:00:00",
    "calendarYear": "2009",
    "period": "Q2",
    "revenue": 257916000,
    "costOfRevenue": 112978000,
    "grossProfit": 144938000,
    "grossProfitRatio": 0.5619581569,
    "researchAndDevelopmentExpenses": 0,
    "generalAndAdministrativeExpenses": 0,
    "sellingAndMarketingExpenses": 0,
    "sellingGeneralAndAdministrativeExpenses": 38905000,
    "otherExpenses": 18182000,
    "operatingExpenses": 57087000,
    "costAndExpenses": 170065000,
    "interestIncome": 0,
    "interestExpense": 8523000,
    "depreciationAndAmortization": 18182000,
    "ebitda": 106115000,
    "ebitdaratio": 0.4114324043,
    "operatingIncome": 87851000,
    "operatingIncomeRatio": 0.340618651,
    "totalOtherIncomeExpensesNet": -8441000,
    "incomeBeforeTax": 79410000,
    "incomeBeforeTaxRatio": 0.3078909412,
    "incomeTaxExpense": 33471000,
    "netIncome": 45939000,
    "netIncomeRatio": 0.1781161308,
    "eps": 0.27,
    "epsdiluted": 0.26,
    "weightedAverageShsOut": 172887334,
    "weightedAverageShsOutDil": 179824482,
    "link": "",
    "finalLink": ""
  },
  {
    "date": "2009-03-31",
    "symbol": "VRSK",
    "reportedCurrency": "USD",
    "cik": "0001442145",
    "fillingDate": "2009-03-31",
    "acceptedDate": "2009-03-30 20:00:00",
    "calendarYear": "2009",
    "period": "Q1",
    "revenue": 245751000,
    "costOfRevenue": 107523000,
    "grossProfit": 138228000,
    "grossProfitRatio": 0.5624717702,
    "researchAndDevelopmentExpenses": 0,
    "generalAndAdministrativeExpenses": 0,
    "sellingAndMarketingExpenses": 0,
    "sellingGeneralAndAdministrativeExpenses": 33320000,
    "otherExpenses": 17705000,
    "operatingExpenses": 51025000,
    "costAndExpenses": 158548000,
    "interestIncome": 0,
    "interestExpense": 8154000,
    "depreciationAndAmortization": 17705000,
    "ebitda": 104553000,
    "ebitdaratio": 0.4254428263,
    "operatingIncome": 87203000,
    "operatingIncomeRatio": 0.3548429101,
    "totalOtherIncomeExpensesNet": -8509000,
    "incomeBeforeTax": 78694000,
    "incomeBeforeTaxRatio": 0.3202184325,
    "incomeTaxExpense": 33779000,
    "netIncome": 44915000,
    "netIncomeRatio": 0.182766296,
    "eps": 0.26,
    "epsdiluted": 0.25,
    "weightedAverageShsOut": 173938003,
    "weightedAverageShsOutDil": 180604453,
    "link": "",
    "finalLink": ""
  },
  {
    "date": "2008-12-31",
    "symbol": "VRSK",
    "reportedCurrency": "USD",
    "cik": "0001442145",
    "fillingDate": "2008-12-31",
    "acceptedDate": "2008-12-30 19:00:00",
    "calendarYear": "2008",
    "period": "Q4",
    "revenue": 231469000,
    "costOfRevenue": 97912000,
    "grossProfit": 133557000,
    "grossProfitRatio": 0.5769973517,
    "researchAndDevelopmentExpenses": 0,
    "generalAndAdministrativeExpenses": 0,
    "sellingAndMarketingExpenses": 0,
    "sellingGeneralAndAdministrativeExpenses": 39946000,
    "otherExpenses": 17416000,
    "operatingExpenses": 57362000,
    "costAndExpenses": 155274000,
    "interestIncome": 0,
    "interestExpense": 8750000,
    "depreciationAndAmortization": 17416000,
    "ebitda": 92965000,
    "ebitdaratio": 0.4016304559,
    "operatingIncome": 76195000,
    "operatingIncomeRatio": 0.3291801494,
    "totalOtherIncomeExpensesNet": -9396000,
    "incomeBeforeTax": 66799000,
    "incomeBeforeTaxRatio": 0.2885872406,
    "incomeTaxExpense": 30360000,
    "netIncome": 36439000,
    "netIncomeRatio": 0.1574249684,
    "eps": 0,
    "epsdiluted": 0,
    "weightedAverageShsOut": 172796400,
    "weightedAverageShsOutDil": 179850850,
    "link": "",
    "finalLink": ""
  },
  {
    "date": "2008-09-30",
    "symbol": "VRSK",
    "reportedCurrency": "USD",
    "cik": "0001442145",
    "fillingDate": "2008-09-30",
    "acceptedDate": "2008-09-29 20:00:00",
    "calendarYear": "2008",
    "period": "Q3",
    "revenue": 224391000,
    "costOfRevenue": 98307000,
    "grossProfit": 126084000,
    "grossProfitRatio": 0.5618941936,
    "researchAndDevelopmentExpenses": 0,
    "generalAndAdministrativeExpenses": 0,
    "sellingAndMarketingExpenses": 0,
    "sellingGeneralAndAdministrativeExpenses": 32265000,
    "otherExpenses": 16095000,
    "operatingExpenses": 48360000,
    "costAndExpenses": 146667000,
    "interestIncome": 0,
    "interestExpense": 8393000,
    "depreciationAndAmortization": 16095000,
    "ebitda": 93821000,
    "ebitdaratio": 0.4181139172,
    "operatingIncome": 77724000,
    "operatingIncomeRatio": 0.3463775285,
    "totalOtherIncomeExpensesNet": -8391000,
    "incomeBeforeTax": 69333000,
    "incomeBeforeTaxRatio": 0.3089829806,
    "incomeTaxExpense": 28493000,
    "netIncome": 40840000,
    "netIncomeRatio": 0.1820037346,
    "eps": 0.22,
    "epsdiluted": 0.22,
    "weightedAverageShsOut": 182267670,
    "weightedAverageShsOutDil": 189667517,
    "link": "",
    "finalLink": ""
  },
  {
    "date": "2008-06-30",
    "symbol": "VRSK",
    "reportedCurrency": "USD",
    "cik": "0001442145",
    "fillingDate": "2008-06-30",
    "acceptedDate": "2008-06-29 20:00:00",
    "calendarYear": "2008",
    "period": "Q2",
    "revenue": 222072000,
    "costOfRevenue": 97368000,
    "grossProfit": 124704000,
    "grossProfitRatio": 0.5615476062,
    "researchAndDevelopmentExpenses": 0,
    "generalAndAdministrativeExpenses": 0,
    "sellingAndMarketingExpenses": 0,
    "sellingGeneralAndAdministrativeExpenses": 30354000,
    "otherExpenses": 15413000,
    "operatingExpenses": 45767000,
    "costAndExpenses": 143135000,
    "interestIncome": 0,
    "interestExpense": 7847000,
    "depreciationAndAmortization": 15413000,
    "ebitda": 95125000,
    "ebitdaratio": 0.428352066,
    "operatingIncome": 78937000,
    "operatingIncomeRatio": 0.3554567888,
    "totalOtherIncomeExpensesNet": -7072000,
    "incomeBeforeTax": 71865000,
    "incomeBeforeTaxRatio": 0.3236112612,
    "incomeTaxExpense": 31942000,
    "netIncome": 39923000,
    "netIncomeRatio": 0.1797750279,
    "eps": 0,
    "epsdiluted": 0,
    "weightedAverageShsOut": 182267667,
    "weightedAverageShsOutDil": 189667514,
    "link": "",
    "finalLink": ""
  },
  {
    "date": "2008-03-31",
    "symbol": "VRSK",
    "reportedCurrency": "USD",
    "cik": "0001442145",
    "fillingDate": "2008-03-31",
    "acceptedDate": "2008-03-30 20:00:00",
    "calendarYear": "2008",
    "period": "Q1",
    "revenue": 215618000,
    "costOfRevenue": 93310000,
    "grossProfit": 122308000,
    "grossProfitRatio": 0.5672439221,
    "researchAndDevelopmentExpenses": 0,
    "generalAndAdministrativeExpenses": 0,
    "sellingAndMarketingExpenses": 0,
    "sellingGeneralAndAdministrativeExpenses": 28674000,
    "otherExpenses": 15948000,
    "operatingExpenses": 44622000,
    "costAndExpenses": 137932000,
    "interestIncome": 0,
    "interestExpense": 6326000,
    "depreciationAndAmortization": 15948000,
    "ebitda": 93176000,
    "ebitdaratio": 0.4321346084,
    "operatingIncome": 77686000,
    "operatingIncomeRatio": 0.3602945951,
    "totalOtherIncomeExpensesNet": -6784000,
    "incomeBeforeTax": 70902000,
    "incomeBeforeTaxRatio": 0.3288315447,
    "incomeTaxExpense": 29876000,
    "netIncome": 41026000,
    "netIncomeRatio": 0.1902716842,
    "eps": 0.25,
    "epsdiluted": 0.25,
    "weightedAverageShsOut": 163289015,
    "weightedAverageShsOutDil": 166218625,
    "link": "",
    "finalLink": ""
  }
]