[
  {
    "date": "2025-06-30",
    "symbol": "VRSN",
    "reportedCurrency": "USD",
    "cik": "0001014473",
    "fillingDate": "2025-07-24",
    "acceptedDate": "2025-07-24 16:43:09",
    "calendarYear": "2025",
    "period": "Q2",
    "revenue": 409900000,
    "costOfRevenue": 49100000,
    "grossProfit": 360800000,
    "grossProfitRatio": 0.8802146865,
    "researchAndDevelopmentExpenses": 25700000,
    "generalAndAdministrativeExpenses": 0,
    "sellingAndMarketingExpenses": 0,
    "sellingGeneralAndAdministrativeExpenses": 54400000,
    "otherExpenses": 0,
    "operatingExpenses": 80100000,
    "costAndExpenses": 129200000,
    "interestIncome": 6000000,
    "interestExpense": 18900000,
    "depreciationAndAmortization": 8300000,
    "ebitda": 294500000,
    "ebitdaratio": 0.718467919,
    "operatingIncome": 280700000,
    "operatingIncomeRatio": 0.684801171,
    "totalOtherIncomeExpensesNet": -13400000,
    "incomeBeforeTax": 267300000,
    "incomeBeforeTaxRatio": 0.6521102708,
    "incomeTaxExpense": 59900000,
    "netIncome": 207400000,
    "netIncomeRatio": 0.5059770676,
    "eps": 2.21,
    "epsdiluted": 2.21,
    "weightedAverageShsOut": 93800000,
    "weightedAverageShsOutDil": 94000000,
    "link": "https://www.sec.gov/Archives/edgar/data/1014473/000101447325000036/0001014473-25-000036-index.htm",
    "finalLink": "https://www.sec.gov/Archives/edgar/data/1014473/000101447325000036/vrsn-20250630.htm"
  },
  {
    "date": "2025-03-31",
    "symbol": "VRSN",
    "reportedCurrency": "USD",
    "cik": "0001014473",
    "fillingDate": "2025-04-24",
    "acceptedDate": "2025-04-24 16:39:13",
    "calendarYear": "2025",
    "period": "Q1",
    "revenue": 402300000,
    "costOfRevenue": 49400000,
    "grossProfit": 352900000,
    "grossProfitRatio": 0.8772060651,
    "researchAndDevelopmentExpenses": 26000000,
    "generalAndAdministrativeExpenses": 0,
    "sellingAndMarketingExpenses": 0,
    "sellingGeneralAndAdministrativeExpenses": 55700000,
    "otherExpenses": 0,
    "operatingExpenses": 81700000,
    "costAndExpenses": 131100000,
    "interestIncome": 7900000,
    "interestExpense": 20300000,
    "depreciationAndAmortization": 8900000,
    "ebitda": 287600000,
    "ebitdaratio": 0.714889386,
    "operatingIncome": 271200000,
    "operatingIncomeRatio": 0.6741237882,
    "totalOtherIncomeExpensesNet": -12800000,
    "incomeBeforeTax": 258400000,
    "incomeBeforeTaxRatio": 0.6423067363,
    "incomeTaxExpense": 59100000,
    "netIncome": 199300000,
    "netIncomeRatio": 0.4954014417,
    "eps": 2.11,
    "epsdiluted": 2.1,
    "weightedAverageShsOut": 94600000,
    "weightedAverageShsOutDil": 94800000,
    "link": "https://www.sec.gov/Archives/edgar/data/1014473/000101447325000021/0001014473-25-000021-index.htm",
    "finalLink": "https://www.sec.gov/Archives/edgar/data/1014473/000101447325000021/vrsn-20250331.htm"
  },
  {
    "date": "2024-12-31",
    "symbol": "VRSN",
    "reportedCurrency": "USD",
    "cik": "0001014473",
    "fillingDate": "2025-02-13",
    "acceptedDate": "2025-02-13 16:05:58",
    "calendarYear": "2024",
    "period": "Q4",
    "revenue": 395400000,
    "costOfRevenue": 48400000,
    "grossProfit": 347000000,
    "grossProfitRatio": 0.8775923116,
    "researchAndDevelopmentExpenses": 24900000,
    "generalAndAdministrativeExpenses": 0,
    "sellingAndMarketingExpenses": 0,
    "sellingGeneralAndAdministrativeExpenses": 58300000,
    "otherExpenses": 0,
    "operatingExpenses": 83200000,
    "costAndExpenses": 131600000,
    "interestIncome": 7000000,
    "interestExpense": 18800000,
    "depreciationAndAmortization": 8800000,
    "ebitda": 275700000,
    "ebitdaratio": 0.6972685888,
    "operatingIncome": 263800000,
    "operatingIncomeRatio": 0.6671724836,
    "totalOtherIncomeExpensesNet": -15700000,
    "incomeBeforeTax": 248100000,
    "incomeBeforeTaxRatio": 0.6274658574,
    "incomeTaxExpense": 56600000,
    "netIncome": 191500000,
    "netIncomeRatio": 0.4843196763,
    "eps": 2,
    "epsdiluted": 2,
    "weightedAverageShsOut": 95600000,
    "weightedAverageShsOutDil": 95700000,
    "link": "https://www.sec.gov/Archives/edgar/data/1014473/000101447325000006/0001014473-25-000006-index.htm",
    "finalLink": "https://www.sec.gov/Archives/edgar/data/1014473/000101447325000006/vrsn-20241231.htm"
  },
  {
    "date": "2024-09-30",
    "symbol": "VRSN",
    "reportedCurrency": "USD",
    "cik": "0001014473",
    "fillingDate": "2024-10-24",
    "acceptedDate": "2024-10-24 16:34:45",
    "calendarYear": "2024",
    "period": "Q3",
    "revenue": 390600000,
    "costOfRevenue": 46800000,
    "grossProfit": 343800000,
    "grossProfitRatio": 0.8801843318,
    "researchAndDevelopmentExpenses": 23200000,
    "generalAndAdministrativeExpenses": 0,
    "sellingAndMarketingExpenses": 0,
    "sellingGeneralAndAdministrativeExpenses": 51300000,
    "otherExpenses": 0,
    "operatingExpenses": 74500000,
    "costAndExpenses": 121300000,
    "interestIncome": 8700000,
    "interestExpense": 18900000,
    "depreciationAndAmortization": 9000000,
    "ebitda": 288800000,
    "ebitdaratio": 0.73937532,
    "operatingIncome": 269300000,
    "operatingIncomeRatio": 0.6894521249,
    "totalOtherIncomeExpensesNet": -8400000,
    "incomeBeforeTax": 260900000,
    "incomeBeforeTaxRatio": 0.6679467486,
    "incomeTaxExpense": 59600000,
    "netIncome": 201300000,
    "netIncomeRatio": 0.5153609831,
    "eps": 2.07,
    "epsdiluted": 2.07,
    "weightedAverageShsOut": 97300000,
    "weightedAverageShsOutDil": 97300000,
    "link": "https://www.sec.gov/Archives/edgar/data/1014473/000101447324000040/0001014473-24-000040-index.htm",
    "finalLink": "https://www.sec.gov/Archives/edgar/data/1014473/000101447324000040/vrsn-20240930.htm"
  },
  {
    "date": "2024-06-30",
    "symbol": "VRSN",
    "reportedCurrency": "USD",
    "cik": "0001014473",
    "fillingDate": "2024-07-25",
    "acceptedDate": "2024-07-25 16:34:50",
    "calendarYear": "2024",
    "period": "Q2",
    "revenue": 387100000,
    "costOfRevenue": 47100000,
    "grossProfit": 340000000,
    "grossProfitRatio": 0.8783260139,
    "researchAndDevelopmentExpenses": 23800000,
    "generalAndAdministrativeExpenses": 0,
    "sellingAndMarketingExpenses": 0,
    "sellingGeneralAndAdministrativeExpenses": 50000000,
    "otherExpenses": 0,
    "operatingExpenses": 73800000,
    "costAndExpenses": 120900000,
    "interestIncome": 9700000,
    "interestExpense": 18800000,
    "depreciationAndAmortization": 9300000,
    "ebitda": 287000000,
    "ebitdaratio": 0.7414104882,
    "operatingIncome": 266200000,
    "operatingIncomeRatio": 0.6876776027,
    "totalOtherIncomeExpensesNet": -7300000,
    "incomeBeforeTax": 258900000,
    "incomeBeforeTaxRatio": 0.6688194265,
    "incomeTaxExpense": 60100000,
    "netIncome": 198800000,
    "netIncomeRatio": 0.513562387,
    "eps": 2.01,
    "epsdiluted": 2.01,
    "weightedAverageShsOut": 98900000,
    "weightedAverageShsOutDil": 99000000,
    "link": "https://www.sec.gov/Archives/edgar/data/1014473/000101447324000033/0001014473-24-000033-index.htm",
    "finalLink": "https://www.sec.gov/Archives/edgar/data/1014473/000101447324000033/vrsn-20240630.htm"
  },
  {
    "date": "2024-03-31",
    "symbol": "VRSN",
    "reportedCurrency": "USD",
    "cik": "0001014473",
    "fillingDate": "2024-04-25",
    "acceptedDate": "2024-04-25 16:33:31",
    "calendarYear": "2024",
    "period": "Q1",
    "revenue": 384300000,
    "costOfRevenue": 49100000,
    "grossProfit": 335200000,
    "grossProfitRatio": 0.8722352329,
    "researchAndDevelopmentExpenses": 24800000,
    "generalAndAdministrativeExpenses": 0,
    "sellingAndMarketingExpenses": 0,
    "sellingGeneralAndAdministrativeExpenses": 51500000,
    "otherExpenses": 0,
    "operatingExpenses": 76300000,
    "costAndExpenses": 125400000,
    "interestIncome": 12000000,
    "interestExpense": 18800000,
    "depreciationAndAmortization": 9800000,
    "ebitda": 282600000,
    "ebitdaratio": 0.7353629977,
    "operatingIncome": 258900000,
    "operatingIncomeRatio": 0.6736924278,
    "totalOtherIncomeExpensesNet": -4900000,
    "incomeBeforeTax": 254000000,
    "incomeBeforeTaxRatio": 0.6609419724,
    "incomeTaxExpense": 59900000,
    "netIncome": 194100000,
    "netIncomeRatio": 0.5050741608,
    "eps": 1.93,
    "epsdiluted": 1.92,
    "weightedAverageShsOut": 100800000,
    "weightedAverageShsOutDil": 100900000,
    "link": "https://www.sec.gov/Archives/edgar/data/1014473/000101447324000023/0001014473-24-000023-index.htm",
    "finalLink": "https://www.sec.gov/Archives/edgar/data/1014473/000101447324000023/vrsn-20240331.htm"
  },
  {
    "date": "2023-12-31",
    "symbol": "VRSN",
    "reportedCurrency": "USD",
    "cik": "0001014473",
    "fillingDate": "2024-02-15",
    "acceptedDate": "2024-02-15 16:05:23",
    "calendarYear": "2023",
    "period": "Q4",
    "revenue": 380400000,
    "costOfRevenue": 48500000,
    "grossProfit": 331900000,
    "grossProfitRatio": 0.8725026288,
    "researchAndDevelopmentExpenses": 22900000,
    "generalAndAdministrativeExpenses": 0,
    "sellingAndMarketingExpenses": 0,
    "sellingGeneralAndAdministrativeExpenses": 52700000,
    "otherExpenses": 0,
    "operatingExpenses": 75600000,
    "costAndExpenses": 124100000,
    "interestIncome": 12300000,
    "interestExpense": 18800000,
    "depreciationAndAmortization": 10400000,
    "ebitda": 280800000,
    "ebitdaratio": 0.738170347,
    "operatingIncome": 256300000,
    "operatingIncomeRatio": 0.6737644585,
    "totalOtherIncomeExpensesNet": -4700000,
    "incomeBeforeTax": 251600000,
    "incomeBeforeTaxRatio": 0.6614090431,
    "incomeTaxExpense": -13100000,
    "netIncome": 264700000,
    "netIncomeRatio": 0.6958464774,
    "eps": 2.6,
    "epsdiluted": 2.6,
    "weightedAverageShsOut": 101800000,
    "weightedAverageShsOutDil": 102000000,
    "link": "https://www.sec.gov/Archives/edgar/data/1014473/000101447324000006/0001014473-24-000006-index.htm",
    "finalLink": "https://www.sec.gov/Archives/edgar/data/1014473/000101447324000006/vrsn-20231231.htm"
  },
  {
    "date": "2023-09-30",
    "symbol": "VRSN",
    "reportedCurrency": "USD",
    "cik": "0001014473",
    "fillingDate": "2023-10-26",
    "acceptedDate": "2023-10-26 16:37:40",
    "calendarYear": "2023",
    "period": "Q3",
    "revenue": 376300000,
    "costOfRevenue": 48600000,
    "grossProfit": 327700000,
    "grossProfitRatio": 0.8708477279,
    "researchAndDevelopmentExpenses": 21700000,
    "generalAndAdministrativeExpenses": 0,
    "sellingAndMarketingExpenses": 0,
    "sellingGeneralAndAdministrativeExpenses": 51700000,
    "otherExpenses": 0,
    "operatingExpenses": 73400000,
    "costAndExpenses": 122000000,
    "interestIncome": 11600000,
    "interestExpense": 18800000,
    "depreciationAndAmortization": 10800000,
    "ebitda": 278200000,
    "ebitdaratio": 0.739303747,
    "operatingIncome": 254300000,
    "operatingIncomeRatio": 0.6757905926,
    "totalOtherIncomeExpensesNet": -5700000,
    "incomeBeforeTax": 248600000,
    "incomeBeforeTaxRatio": 0.6606431039,
    "incomeTaxExpense": 60100000,
    "netIncome": 188500000,
    "netIncomeRatio": 0.500930109,
    "eps": 1.83,
    "epsdiluted": 1.83,
    "weightedAverageShsOut": 102900000,
    "weightedAverageShsOutDil": 103000000,
    "link": "https://www.sec.gov/Archives/edgar/data/1014473/000101447323000038/0001014473-23-000038-index.htm",
    "finalLink": "https://www.sec.gov/Archives/edgar/data/1014473/000101447323000038/vrsn-20230930.htm"
  },
  {
    "date": "2023-06-30",
    "symbol": "VRSN",
    "reportedCurrency": "USD",
    "cik": "0001014473",
    "fillingDate": "2023-07-27",
    "acceptedDate": "2023-07-27 16:39:13",
    "calendarYear": "2023",
    "period": "Q2",
    "revenue": 372000000,
    "costOfRevenue": 50300000,
    "grossProfit": 321700000,
    "grossProfitRatio": 0.8647849462,
    "researchAndDevelopmentExpenses": 22200000,
    "generalAndAdministrativeExpenses": 0,
    "sellingAndMarketingExpenses": 0,
    "sellingGeneralAndAdministrativeExpenses": 50800000,
    "otherExpenses": 0,
    "operatingExpenses": 73000000,
    "costAndExpenses": 123300000,
    "interestIncome": 11500000,
    "interestExpense": 18900000,
    "depreciationAndAmortization": 11300000,
    "ebitda": 272700000,
    "ebitdaratio": 0.7330645161,
    "operatingIncome": 248700000,
    "operatingIncomeRatio": 0.6685483871,
    "totalOtherIncomeExpensesNet": -6200000,
    "incomeBeforeTax": 242500000,
    "incomeBeforeTaxRatio": 0.6518817204,
    "incomeTaxExpense": 56800000,
    "netIncome": 185700000,
    "netIncomeRatio": 0.4991935484,
    "eps": 1.79,
    "epsdiluted": 1.79,
    "weightedAverageShsOut": 103900000,
    "weightedAverageShsOutDil": 104000000,
    "link": "https://www.sec.gov/Archives/edgar/data/1014473/000101447323000033/0001014473-23-000033-index.htm",
    "finalLink": "https://www.sec.gov/Archives/edgar/data/1014473/000101447323000033/vrsn-20230630.htm"
  },
  {
    "date": "2023-03-31",
    "symbol": "VRSN",
    "reportedCurrency": "USD",
    "cik": "0001014473",
    "fillingDate": "2023-04-27",
    "acceptedDate": "2023-04-27 16:36:06",
    "calendarYear": "2023",
    "period": "Q1",
    "revenue": 364400000,
    "costOfRevenue": 49900000,
    "grossProfit": 314500000,
    "grossProfitRatio": 0.8630625686,
    "researchAndDevelopmentExpenses": 24200000,
    "generalAndAdministrativeExpenses": 0,
    "sellingAndMarketingExpenses": 0,
    "sellingGeneralAndAdministrativeExpenses": 49000000,
    "otherExpenses": 0,
    "operatingExpenses": 73200000,
    "costAndExpenses": 123100000,
    "interestIncome": 10700000,
    "interestExpense": 18800000,
    "depreciationAndAmortization": 11600000,
    "ebitda": 264200000,
    "ebitdaratio": 0.7250274424,
    "operatingIncome": 241300000,
    "operatingIncomeRatio": 0.6621844127,
    "totalOtherIncomeExpensesNet": -7500000,
    "incomeBeforeTax": 233800000,
    "incomeBeforeTaxRatio": 0.6416026345,
    "incomeTaxExpense": 55100000,
    "netIncome": 178700000,
    "netIncomeRatio": 0.4903951701,
    "eps": 1.7,
    "epsdiluted": 1.7,
    "weightedAverageShsOut": 104900000,
    "weightedAverageShsOutDil": 105000000,
    "link": "https://www.sec.gov/Archives/edgar/data/1014473/000101447323000019/0001014473-23-000019-index.htm",
    "finalLink": "https://www.sec.gov/Archives/edgar/data/1014473/000101447323000019/vrsn-20230331.htm"
  },
  {
    "date": "2022-12-31",
    "symbol": "VRSN",
    "reportedCurrency": "USD",
    "cik": "0001014473",
    "fillingDate": "2023-02-17",
    "acceptedDate": "2023-02-17 16:05:09",
    "calendarYear": "2022",
    "period": "Q4",
    "revenue": 369200000,
    "costOfRevenue": 50500000,
    "grossProfit": 318700000,
    "grossProfitRatio": 0.8632177681,
    "researchAndDevelopmentExpenses": 21500000,
    "generalAndAdministrativeExpenses": 0,
    "sellingAndMarketingExpenses": 0,
    "sellingGeneralAndAdministrativeExpenses": 51700000,
    "otherExpenses": 0,
    "operatingExpenses": 73200000,
    "costAndExpenses": 123700000,
    "interestIncome": 8500000,
    "interestExpense": 18800000,
    "depreciationAndAmortization": 11700000,
    "ebitda": 262800000,
    "ebitdaratio": 0.7118093174,
    "operatingIncome": 245500000,
    "operatingIncomeRatio": 0.6649512459,
    "totalOtherIncomeExpensesNet": -13200000,
    "incomeBeforeTax": 232300000,
    "incomeBeforeTaxRatio": 0.6291982665,
    "incomeTaxExpense": 52800000,
    "netIncome": 179500000,
    "netIncomeRatio": 0.4861863489,
    "eps": 1.7,
    "epsdiluted": 1.7,
    "weightedAverageShsOut": 105800000,
    "weightedAverageShsOutDil": 105900000,
    "link": "https://www.sec.gov/Archives/edgar/data/1014473/000101447323000005/0001014473-23-000005-index.htm",
    "finalLink": "https://www.sec.gov/Archives/edgar/data/1014473/000101447323000005/vrsn-20221231.htm"
  },
  {
    "date": "2022-09-30",
    "symbol": "VRSN",
    "reportedCurrency": "USD",
    "cik": "0001014473",
    "fillingDate": "2022-10-27",
    "acceptedDate": "2022-10-27 16:34:24",
    "calendarYear": "2022",
    "period": "Q3",
    "revenue": 356900000,
    "costOfRevenue": 50000000,
    "grossProfit": 306900000,
    "grossProfitRatio": 0.8599047352,
    "researchAndDevelopmentExpenses": 21000000,
    "generalAndAdministrativeExpenses": 0,
    "sellingAndMarketingExpenses": 0,
    "sellingGeneralAndAdministrativeExpenses": 49100000,
    "otherExpenses": 0,
    "operatingExpenses": 70100000,
    "costAndExpenses": 120100000,
    "interestIncome": 4600000,
    "interestExpense": 18800000,
    "depreciationAndAmortization": 11400000,
    "ebitda": 253100000,
    "ebitdaratio": 0.7091622303,
    "operatingIncome": 236800000,
    "operatingIncomeRatio": 0.663491174,
    "totalOtherIncomeExpensesNet": -13900000,
    "incomeBeforeTax": 222900000,
    "incomeBeforeTaxRatio": 0.6245446904,
    "incomeTaxExpense": 53400000,
    "netIncome": 169500000,
    "netIncomeRatio": 0.4749229476,
    "eps": 1.58,
    "epsdiluted": 1.58,
    "weightedAverageShsOut": 107100000,
    "weightedAverageShsOutDil": 107100000,
    "link": "https://www.sec.gov/Archives/edgar/data/1014473/000101447322000027/0001014473-22-000027-index.htm",
    "finalLink": "https://www.sec.gov/Archives/edgar/data/1014473/000101447322000027/vrsn-20220930.htm"
  },
  {
    "date": "2022-06-30",
    "symbol": "VRSN",
    "reportedCurrency": "USD",
    "cik": "0001014473",
    "fillingDate": "2022-07-28",
    "acceptedDate": "2022-07-28 16:36:16",
    "calendarYear": "2022",
    "period": "Q2",
    "revenue": 351900000,
    "costOfRevenue": 49500000,
    "grossProfit": 302400000,
    "grossProfitRatio": 0.8593350384,
    "researchAndDevelopmentExpenses": 20300000,
    "generalAndAdministrativeExpenses": 0,
    "sellingAndMarketingExpenses": 0,
    "sellingGeneralAndAdministrativeExpenses": 46100000,
    "otherExpenses": 0,
    "operatingExpenses": 66400000,
    "costAndExpenses": 115900000,
    "interestIncome": 1500000,
    "interestExpense": 18900000,
    "depreciationAndAmortization": 11900000,
    "ebitda": 249500000,
    "ebitdaratio": 0.709008241,
    "operatingIncome": 236000000,
    "operatingIncomeRatio": 0.6706450696,
    "totalOtherIncomeExpensesNet": -17300000,
    "incomeBeforeTax": 218700000,
    "incomeBeforeTaxRatio": 0.621483376,
    "incomeTaxExpense": 51400000,
    "netIncome": 167300000,
    "netIncomeRatio": 0.4754191532,
    "eps": 1.54,
    "epsdiluted": 1.54,
    "weightedAverageShsOut": 108800000,
    "weightedAverageShsOutDil": 108800000,
    "link": "https://www.sec.gov/Archives/edgar/data/1014473/000101447322000023/0001014473-22-000023-index.htm",
    "finalLink": "https://www.sec.gov/Archives/edgar/data/1014473/000101447322000023/vrsn-20220630.htm"
  },
  {
    "date": "2022-03-31",
    "symbol": "VRSN",
    "reportedCurrency": "USD",
    "cik": "0001014473",
    "fillingDate": "2022-04-28",
    "acceptedDate": "2022-04-28 16:38:41",
    "calendarYear": "2022",
    "period": "Q1",
    "revenue": 346900000,
    "costOfRevenue": 50700000,
    "grossProfit": 296200000,
    "grossProfitRatio": 0.8538483713,
    "researchAndDevelopmentExpenses": 22900000,
    "generalAndAdministrativeExpenses": 0,
    "sellingAndMarketingExpenses": 0,
    "sellingGeneralAndAdministrativeExpenses": 48500000,
    "otherExpenses": 300000,
    "operatingExpenses": 71400000,
    "costAndExpenses": 122100000,
    "interestIncome": 300000,
    "interestExpense": 18800000,
    "depreciationAndAmortization": 11900000,
    "ebitda": 237000000,
    "ebitdaratio": 0.683194004,
    "operatingIncome": 224800000,
    "operatingIncomeRatio": 0.6480253675,
    "totalOtherIncomeExpensesNet": -18500000,
    "incomeBeforeTax": 206300000,
    "incomeBeforeTaxRatio": 0.5946958778,
    "incomeTaxExpense": 48800000,
    "netIncome": 157500000,
    "netIncomeRatio": 0.4540213318,
    "eps": 1.43,
    "epsdiluted": 1.43,
    "weightedAverageShsOut": 110200000,
    "weightedAverageShsOutDil": 110300000,
    "link": "https://www.sec.gov/Archives/edgar/data/1014473/000101447322000016/0001014473-22-000016-index.htm",
    "finalLink": "https://www.sec.gov/Archives/edgar/data/1014473/000101447322000016/vrsn-20220331.htm"
  },
  {
    "date": "2021-12-31",
    "symbol": "VRSN",
    "reportedCurrency": "USD",
    "cik": "0001014473",
    "fillingDate": "2022-02-18",
    "acceptedDate": "2022-02-18 16:07:17",
    "calendarYear": "2021",
    "period": "Q4",
    "revenue": 340308000,
    "costOfRevenue": 49368000,
    "grossProfit": 290940000,
    "grossProfitRatio": 0.8549314151,
    "researchAndDevelopmentExpenses": 20844000,
    "generalAndAdministrativeExpenses": 36222000,
    "sellingAndMarketingExpenses": 11762000,
    "sellingGeneralAndAdministrativeExpenses": 47984000,
    "otherExpenses": 104000,
    "operatingExpenses": 68828000,
    "costAndExpenses": 118196000,
    "interestIncome": 144000,
    "interestExpense": 18828000,
    "depreciationAndAmortization": 12331000,
    "ebitda": 234547000,
    "ebitdaratio": 0.6892197656,
    "operatingIncome": 222112000,
    "operatingIncomeRatio": 0.6526793375,
    "totalOtherIncomeExpensesNet": -18724000,
    "incomeBeforeTax": 203388000,
    "incomeBeforeTaxRatio": 0.5976585916,
    "incomeTaxExpense": -126694000,
    "netIncome": 330082000,
    "netIncomeRatio": 0.9699507505,
    "eps": 2.98,
    "epsdiluted": 2.97,
    "weightedAverageShsOut": 110908000,
    "weightedAverageShsOutDil": 111087000,
    "link": "https://www.sec.gov/Archives/edgar/data/1014473/000101447322000007/0001014473-22-000007-index.htm",
    "finalLink": "https://www.sec.gov/Archives/edgar/data/1014473/000101447322000007/vrsn-20211231.htm"
  },
  {
    "date": "2021-09-30",
    "symbol": "VRSN",
    "reportedCurrency": "USD",
    "cik": "0001014473",
    "fillingDate": "2021-10-28",
    "acceptedDate": "2021-10-28 16:35:54",
    "calendarYear": "2021",
    "period": "Q3",
    "revenue": 334242000,
    "costOfRevenue": 47801000,
    "grossProfit": 286441000,
    "grossProfitRatio": 0.8569868538,
    "researchAndDevelopmentExpenses": 19566000,
    "generalAndAdministrativeExpenses": 36160000,
    "sellingAndMarketingExpenses": 9410000,
    "sellingGeneralAndAdministrativeExpenses": 45570000,
    "otherExpenses": 53000,
    "operatingExpenses": 65136000,
    "costAndExpenses": 112937000,
    "interestIncome": 111000,
    "interestExpense": 18829000,
    "depreciationAndAmortization": 12032000,
    "ebitda": 233501000,
    "ebitdaratio": 0.6985986202,
    "operatingIncome": 221305000,
    "operatingIncomeRatio": 0.6621100879,
    "totalOtherIncomeExpensesNet": -18665000,
    "incomeBeforeTax": 202640000,
    "incomeBeforeTaxRatio": 0.6062673153,
    "incomeTaxExpense": 46018000,
    "netIncome": 156622000,
    "netIncomeRatio": 0.4685886274,
    "eps": 1.4,
    "epsdiluted": 1.4,
    "weightedAverageShsOut": 111700000,
    "weightedAverageShsOutDil": 111800000,
    "link": "https://www.sec.gov/Archives/edgar/data/1014473/000101447321000027/0001014473-21-000027-index.htm",
    "finalLink": "https://www.sec.gov/Archives/edgar/data/1014473/000101447321000027/vrsn-20210930.htm"
  },
  {
    "date": "2021-06-30",
    "symbol": "VRSN",
    "reportedCurrency": "USD",
    "cik": "0001014473",
    "fillingDate": "2021-07-22",
    "acceptedDate": "2021-07-22 16:36:15",
    "calendarYear": "2021",
    "period": "Q2",
    "revenue": 329405000,
    "costOfRevenue": 47796000,
    "grossProfit": 281609000,
    "grossProfitRatio": 0.8549020203,
    "researchAndDevelopmentExpenses": 19808000,
    "generalAndAdministrativeExpenses": 38601000,
    "sellingAndMarketingExpenses": 10221000,
    "sellingGeneralAndAdministrativeExpenses": 48822000,
    "otherExpenses": -3000,
    "operatingExpenses": 68630000,
    "costAndExpenses": 116426000,
    "interestIncome": 111000,
    "interestExpense": 23100000,
    "depreciationAndAmortization": 12003000,
    "ebitda": 222941000,
    "ebitdaratio": 0.6767990771,
    "operatingIncome": 212979000,
    "operatingIncomeRatio": 0.6465566704,
    "totalOtherIncomeExpensesNet": -25105000,
    "incomeBeforeTax": 187874000,
    "incomeBeforeTaxRatio": 0.5703434981,
    "incomeTaxExpense": 40102000,
    "netIncome": 147772000,
    "netIncomeRatio": 0.4486027838,
    "eps": 1.31,
    "epsdiluted": 1.31,
    "weightedAverageShsOut": 112400000,
    "weightedAverageShsOutDil": 112500000,
    "link": "https://www.sec.gov/Archives/edgar/data/1014473/000101447321000023/0001014473-21-000023-index.htm",
    "finalLink": "https://www.sec.gov/Archives/edgar/data/1014473/000101447321000023/vrsn-20210630.htm"
  },
  {
    "date": "2021-03-31",
    "symbol": "VRSN",
    "reportedCurrency": "USD",
    "cik": "0001014473",
    "fillingDate": "2021-04-22",
    "acceptedDate": "2021-04-22 16:37:04",
    "calendarYear": "2021",
    "period": "Q1",
    "revenue": 323621000,
    "costOfRevenue": 46968000,
    "grossProfit": 276653000,
    "grossProfitRatio": 0.8548672676,
    "researchAndDevelopmentExpenses": 20311000,
    "generalAndAdministrativeExpenses": 37451000,
    "sellingAndMarketingExpenses": 8484000,
    "sellingGeneralAndAdministrativeExpenses": 45935000,
    "otherExpenses": 228000,
    "operatingExpenses": 66246000,
    "costAndExpenses": 113214000,
    "interestIncome": 216000,
    "interestExpense": 22534000,
    "depreciationAndAmortization": 11574000,
    "ebitda": 222425000,
    "ebitdaratio": 0.6873008859,
    "operatingIncome": 210407000,
    "operatingIncomeRatio": 0.6501648533,
    "totalOtherIncomeExpensesNet": -22090000,
    "incomeBeforeTax": 188317000,
    "incomeBeforeTaxRatio": 0.581905995,
    "incomeTaxExpense": 37963000,
    "netIncome": 150354000,
    "netIncomeRatio": 0.4645990217,
    "eps": 1.33,
    "epsdiluted": 1.33,
    "weightedAverageShsOut": 113100000,
    "weightedAverageShsOutDil": 113300000,
    "link": "https://www.sec.gov/Archives/edgar/data/1014473/000101447321000015/0001014473-21-000015-index.htm",
    "finalLink": "https://www.sec.gov/Archives/edgar/data/1014473/000101447321000015/vrsn-20210331.htm"
  },
  {
    "date": "2020-12-31",
    "symbol": "VRSN",
    "reportedCurrency": "USD",
    "cik": "0001014473",
    "fillingDate": "2021-02-19",
    "acceptedDate": "2021-02-19 16:11:48",
    "calendarYear": "2020",
    "period": "Q4",
    "revenue": 320284000,
    "costOfRevenue": 45972000,
    "grossProfit": 274312000,
    "grossProfitRatio": 0.8564648874,
    "researchAndDevelopmentExpenses": 19403000,
    "generalAndAdministrativeExpenses": 37494000,
    "sellingAndMarketingExpenses": 12907000,
    "sellingGeneralAndAdministrativeExpenses": 50401000,
    "otherExpenses": 0,
    "operatingExpenses": 69804000,
    "costAndExpenses": 115776000,
    "interestIncome": 315000,
    "interestExpense": 22537000,
    "depreciationAndAmortization": 11889000,
    "ebitda": 214241000,
    "ebitdaratio": 0.6689094678,
    "operatingIncome": 204508000,
    "operatingIncomeRatio": 0.6385208128,
    "totalOtherIncomeExpensesNet": -21612000,
    "incomeBeforeTax": 182896000,
    "incomeBeforeTaxRatio": 0.5710431992,
    "incomeTaxExpense": 25582000,
    "netIncome": 157314000,
    "netIncomeRatio": 0.4911703363,
    "eps": 1.38,
    "epsdiluted": 1.38,
    "weightedAverageShsOut": 113872000,
    "weightedAverageShsOutDil": 114107000,
    "link": "https://www.sec.gov/Archives/edgar/data/1014473/000101447321000005/0001014473-21-000005-index.htm",
    "finalLink": "https://www.sec.gov/Archives/edgar/data/1014473/000101447321000005/vrsn-20201231.htm"
  },
  {
    "date": "2020-09-30",
    "symbol": "VRSN",
    "reportedCurrency": "USD",
    "cik": "0001014473",
    "fillingDate": "2020-10-22",
    "acceptedDate": "2020-10-22 16:35:36",
    "calendarYear": "2020",
    "period": "Q3",
    "revenue": 317879000,
    "costOfRevenue": 45024000,
    "grossProfit": 272855000,
    "grossProfitRatio": 0.8583612003,
    "researchAndDevelopmentExpenses": 19708000,
    "generalAndAdministrativeExpenses": 38109000,
    "sellingAndMarketingExpenses": 8389000,
    "sellingGeneralAndAdministrativeExpenses": 46498000,
    "otherExpenses": -21000,
    "operatingExpenses": 66206000,
    "costAndExpenses": 111230000,
    "interestIncome": 805000,
    "interestExpense": 22537000,
    "depreciationAndAmortization": 11622000,
    "ebitda": 219046000,
    "ebitdaratio": 0.6890860988,
    "operatingIncome": 206649000,
    "operatingIncomeRatio": 0.6500869828,
    "totalOtherIncomeExpensesNet": -21762000,
    "incomeBeforeTax": 184887000,
    "incomeBeforeTaxRatio": 0.5816269713,
    "incomeTaxExpense": 13908000,
    "netIncome": 170979000,
    "netIncomeRatio": 0.5378744742,
    "eps": 1.49,
    "epsdiluted": 1.49,
    "weightedAverageShsOut": 114655000,
    "weightedAverageShsOutDil": 114831000,
    "link": "https://www.sec.gov/Archives/edgar/data/1014473/000101447320000034/0001014473-20-000034-index.htm",
    "finalLink": "https://www.sec.gov/Archives/edgar/data/1014473/000101447320000034/vrsn-20200930.htm"
  },
  {
    "date": "2020-06-30",
    "symbol": "VRSN",
    "reportedCurrency": "USD",
    "cik": "0001014473",
    "fillingDate": "2020-07-23",
    "acceptedDate": "2020-07-23 16:44:29",
    "calendarYear": "2020",
    "period": "Q2",
    "revenue": 314365000,
    "costOfRevenue": 43608000,
    "grossProfit": 270757000,
    "grossProfitRatio": 0.8612822674,
    "researchAndDevelopmentExpenses": 18202000,
    "generalAndAdministrativeExpenses": 36885000,
    "sellingAndMarketingExpenses": 8890000,
    "sellingGeneralAndAdministrativeExpenses": 45775000,
    "otherExpenses": -24000,
    "operatingExpenses": 63977000,
    "costAndExpenses": 107585000,
    "interestIncome": 2274000,
    "interestExpense": 22535000,
    "depreciationAndAmortization": 11609000,
    "ebitda": 225792000,
    "ebitdaratio": 0.7182478966,
    "operatingIncome": 206780000,
    "operatingIncomeRatio": 0.6577704261,
    "totalOtherIncomeExpensesNet": -15132000,
    "incomeBeforeTax": 191648000,
    "incomeBeforeTaxRatio": 0.6096352966,
    "incomeTaxExpense": 39169000,
    "netIncome": 152479000,
    "netIncomeRatio": 0.4850380927,
    "eps": 1.32,
    "epsdiluted": 1.32,
    "weightedAverageShsOut": 115347000,
    "weightedAverageShsOutDil": 115544000,
    "link": "https://www.sec.gov/Archives/edgar/data/1014473/000101447320000029/0001014473-20-000029-index.htm",
    "finalLink": "https://www.sec.gov/Archives/edgar/data/1014473/000101447320000029/vrsn-20200630.htm"
  },
  {
    "date": "2020-03-31",
    "symbol": "VRSN",
    "reportedCurrency": "USD",
    "cik": "0001014473",
    "fillingDate": "2020-04-23",
    "acceptedDate": "2020-04-23 16:34:09",
    "calendarYear": "2020",
    "period": "Q1",
    "revenue": 312524000,
    "costOfRevenue": 45573000,
    "grossProfit": 266951000,
    "grossProfitRatio": 0.8541775992,
    "researchAndDevelopmentExpenses": 17358000,
    "generalAndAdministrativeExpenses": 36725000,
    "sellingAndMarketingExpenses": 6604000,
    "sellingGeneralAndAdministrativeExpenses": 43329000,
    "otherExpenses": 0,
    "operatingExpenses": 60687000,
    "costAndExpenses": 106260000,
    "interestIncome": 4421000,
    "interestExpense": 22535000,
    "depreciationAndAmortization": 11232000,
    "ebitda": 224580000,
    "ebitdaratio": 0.7186008115,
    "operatingIncome": 206264000,
    "operatingIncomeRatio": 0.6599941125,
    "totalOtherIncomeExpensesNet": -15451000,
    "incomeBeforeTax": 190813000,
    "incomeBeforeTaxRatio": 0.6105547094,
    "incomeTaxExpense": -143303000,
    "netIncome": 334116000,
    "netIncomeRatio": 1.069089094,
    "eps": 2.87,
    "epsdiluted": 2.86,
    "weightedAverageShsOut": 116375000,
    "weightedAverageShsOutDil": 116730000,
    "link": "https://www.sec.gov/Archives/edgar/data/1014473/000101447320000019/0001014473-20-000019-index.htm",
    "finalLink": "https://www.sec.gov/Archives/edgar/data/1014473/000101447320000019/vrsn-2020331x10q.htm"
  },
  {
    "date": "2019-12-31",
    "symbol": "VRSN",
    "reportedCurrency": "USD",
    "cik": "0001014473",
    "fillingDate": "2020-02-14",
    "acceptedDate": "2020-02-14 16:08:36",
    "calendarYear": "2019",
    "period": "Q4",
    "revenue": 310543000,
    "costOfRevenue": 46454000,
    "grossProfit": 264089000,
    "grossProfitRatio": 0.8504104102,
    "researchAndDevelopmentExpenses": 15101000,
    "generalAndAdministrativeExpenses": 36560000,
    "sellingAndMarketingExpenses": 13862000,
    "sellingGeneralAndAdministrativeExpenses": 50422000,
    "otherExpenses": 0,
    "operatingExpenses": 65523000,
    "costAndExpenses": 111977000,
    "interestIncome": 5551000,
    "interestExpense": 22712000,
    "depreciationAndAmortization": 12003000,
    "ebitda": 219692000,
    "ebitdaratio": 0.7074447017,
    "operatingIncome": 198566000,
    "operatingIncomeRatio": 0.6394154755,
    "totalOtherIncomeExpensesNet": -13589000,
    "incomeBeforeTax": 184977000,
    "incomeBeforeTaxRatio": 0.5956566401,
    "incomeTaxExpense": 36652000,
    "netIncome": 148325000,
    "netIncomeRatio": 0.4776311171,
    "eps": 1.27,
    "epsdiluted": 1.26,
    "weightedAverageShsOut": 117169000,
    "weightedAverageShsOutDil": 117658000,
    "link": "https://www.sec.gov/Archives/edgar/data/1014473/000101447320000006/0001014473-20-000006-index.htm",
    "finalLink": "https://www.sec.gov/Archives/edgar/data/1014473/000101447320000006/vrsn-20191231x10k.htm"
  },
  {
    "date": "2019-09-30",
    "symbol": "VRSN",
    "reportedCurrency": "USD",
    "cik": "0001014473",
    "fillingDate": "2019-10-24",
    "acceptedDate": "2019-10-25 10:55:48",
    "calendarYear": "2019",
    "period": "Q3",
    "revenue": 308421000,
    "costOfRevenue": 44443000,
    "grossProfit": 263978000,
    "grossProfitRatio": 0.8559015112,
    "researchAndDevelopmentExpenses": 14619000,
    "generalAndAdministrativeExpenses": 33886000,
    "sellingAndMarketingExpenses": 9857000,
    "sellingGeneralAndAdministrativeExpenses": 43743000,
    "otherExpenses": 0,
    "operatingExpenses": 58362000,
    "costAndExpenses": 102805000,
    "interestIncome": 6457000,
    "interestExpense": 22633000,
    "depreciationAndAmortization": 11443000,
    "ebitda": 227557000,
    "ebitdaratio": 0.7378129245,
    "operatingIncome": 205616000,
    "operatingIncomeRatio": 0.6666731513,
    "totalOtherIncomeExpensesNet": -12135000,
    "incomeBeforeTax": 193481000,
    "incomeBeforeTaxRatio": 0.6273275815,
    "incomeTaxExpense": 39568000,
    "netIncome": 153913000,
    "netIncomeRatio": 0.4990354094,
    "eps": 1.3,
    "epsdiluted": 1.3,
    "weightedAverageShsOut": 118194000,
    "weightedAverageShsOutDil": 118569000,
    "link": "https://www.sec.gov/Archives/edgar/data/1014473/000101447319000037/0001014473-19-000037-index.htm",
    "finalLink": "https://www.sec.gov/Archives/edgar/data/1014473/000101447319000037/vrsn-2019930x10q.htm"
  },
  {
    "date": "2019-06-30",
    "symbol": "VRSN",
    "reportedCurrency": "USD",
    "cik": "0001014473",
    "fillingDate": "2019-07-25",
    "acceptedDate": "2019-07-25 16:37:17",
    "calendarYear": "2019",
    "period": "Q2",
    "revenue": 306289000,
    "costOfRevenue": 44066000,
    "grossProfit": 262223000,
    "grossProfitRatio": 0.8561293419,
    "researchAndDevelopmentExpenses": 14953000,
    "generalAndAdministrativeExpenses": 33178000,
    "sellingAndMarketingExpenses": 12399000,
    "sellingGeneralAndAdministrativeExpenses": 45577000,
    "otherExpenses": 0,
    "operatingExpenses": 60530000,
    "costAndExpenses": 104596000,
    "interestIncome": 7228000,
    "interestExpense": 22635000,
    "depreciationAndAmortization": 11291000,
    "ebitda": 224420000,
    "ebitdaratio": 0.732706692,
    "operatingIncome": 201693000,
    "operatingIncomeRatio": 0.6585055291,
    "totalOtherIncomeExpensesNet": -11199000,
    "incomeBeforeTax": 190494000,
    "incomeBeforeTaxRatio": 0.6219420221,
    "incomeTaxExpense": 42960000,
    "netIncome": 147534000,
    "netIncomeRatio": 0.4816823327,
    "eps": 1.24,
    "epsdiluted": 1.24,
    "weightedAverageShsOut": 118965000,
    "weightedAverageShsOutDil": 119361000,
    "link": "https://www.sec.gov/Archives/edgar/data/1014473/000101447319000030/0001014473-19-000030-index.htm",
    "finalLink": "https://www.sec.gov/Archives/edgar/data/1014473/000101447319000030/vrsn-2019630x10q.htm"
  },
  {
    "date": "2019-03-31",
    "symbol": "VRSN",
    "reportedCurrency": "USD",
    "cik": "0001014473",
    "fillingDate": "2019-04-25",
    "acceptedDate": "2019-04-25 16:37:09",
    "calendarYear": "2019",
    "period": "Q1",
    "revenue": 306408000,
    "costOfRevenue": 45504000,
    "grossProfit": 260904000,
    "grossProfitRatio": 0.8514921281,
    "researchAndDevelopmentExpenses": 16132000,
    "generalAndAdministrativeExpenses": 34001000,
    "sellingAndMarketingExpenses": 10519000,
    "sellingGeneralAndAdministrativeExpenses": 44520000,
    "otherExpenses": 0,
    "operatingExpenses": 60652000,
    "costAndExpenses": 106156000,
    "interestIncome": 7360000,
    "interestExpense": 22631000,
    "depreciationAndAmortization": 11593000,
    "ebitda": 224048000,
    "ebitdaratio": 0.7312080625,
    "operatingIncome": 200252000,
    "operatingIncomeRatio": 0.6535469048,
    "totalOtherIncomeExpensesNet": -10428000,
    "incomeBeforeTax": 189824000,
    "incomeBeforeTaxRatio": 0.6195138508,
    "incomeTaxExpense": 27297000,
    "netIncome": 162527000,
    "netIncomeRatio": 0.5304267513,
    "eps": 1.36,
    "epsdiluted": 1.35,
    "weightedAverageShsOut": 119757000,
    "weightedAverageShsOutDil": 120317000,
    "link": "https://www.sec.gov/Archives/edgar/data/1014473/000101447319000015/0001014473-19-000015-index.htm",
    "finalLink": "https://www.sec.gov/Archives/edgar/data/1014473/000101447319000015/vrsn-2019331x10q.htm"
  },
  {
    "date": "2018-12-31",
    "symbol": "VRSN",
    "reportedCurrency": "USD",
    "cik": "0001014473",
    "fillingDate": "2019-02-15",
    "acceptedDate": "2019-02-15 16:05:59",
    "calendarYear": "2018",
    "period": "Q4",
    "revenue": 307452000,
    "costOfRevenue": 48368000,
    "grossProfit": 259084000,
    "grossProfitRatio": 0.842681134,
    "researchAndDevelopmentExpenses": 15042000,
    "generalAndAdministrativeExpenses": 32897000,
    "sellingAndMarketingExpenses": 17179000,
    "sellingGeneralAndAdministrativeExpenses": 50076000,
    "otherExpenses": 0,
    "operatingExpenses": 65118000,
    "costAndExpenses": 113486000,
    "interestIncome": 6596000,
    "interestExpense": 22634000,
    "depreciationAndAmortization": 11917000,
    "ebitda": 268453000,
    "ebitdaratio": 0.8731541834,
    "operatingIncome": 193966000,
    "operatingIncomeRatio": 0.630882219,
    "totalOtherIncomeExpensesNet": 39936000,
    "incomeBeforeTax": 233902000,
    "incomeBeforeTaxRatio": 0.7607756658,
    "incomeTaxExpense": 51707000,
    "netIncome": 182195000,
    "netIncomeRatio": 0.5925965679,
    "eps": 1.51,
    "epsdiluted": 1.5,
    "weightedAverageShsOut": 120591000,
    "weightedAverageShsOutDil": 121329000,
    "link": "https://www.sec.gov/Archives/edgar/data/1014473/000101447319000005/0001014473-19-000005-index.htm",
    "finalLink": "https://www.sec.gov/Archives/edgar/data/1014473/000101447319000005/vrsn-20181231x10k.htm"
  },
  {
    "date": "2018-09-30",
    "symbol": "VRSN",
    "reportedCurrency": "USD",
    "cik": "0001014473",
    "fillingDate": "2018-10-25",
    "acceptedDate": "2018-10-25 16:38:24",
    "calendarYear": "2018",
    "period": "Q3",
    "revenue": 305777000,
    "costOfRevenue": 48249000,
    "grossProfit": 257528000,
    "grossProfitRatio": 0.8422085376,
    "researchAndDevelopmentExpenses": 13712000,
    "generalAndAdministrativeExpenses": 34951000,
    "sellingAndMarketingExpenses": 13868000,
    "sellingGeneralAndAdministrativeExpenses": 48819000,
    "otherExpenses": 112000,
    "operatingExpenses": 62531000,
    "costAndExpenses": 110780000,
    "interestIncome": 5823000,
    "interestExpense": 22631000,
    "depreciationAndAmortization": 12255000,
    "ebitda": 213187000,
    "ebitdaratio": 0.697197631,
    "operatingIncome": 194997000,
    "operatingIncomeRatio": 0.6377098343,
    "totalOtherIncomeExpensesNet": -16696000,
    "incomeBeforeTax": 178301000,
    "incomeBeforeTaxRatio": 0.5831079512,
    "incomeTaxExpense": 40621000,
    "netIncome": 137680000,
    "netIncomeRatio": 0.4502627732,
    "eps": 1.13,
    "epsdiluted": 1.13,
    "weightedAverageShsOut": 121682000,
    "weightedAverageShsOutDil": 122261000,
    "link": "https://www.sec.gov/Archives/edgar/data/1014473/000101447318000040/0001014473-18-000040-index.htm",
    "finalLink": "https://www.sec.gov/Archives/edgar/data/1014473/000101447318000040/vrsn-2018930x10q.htm"
  },
  {
    "date": "2018-06-30",
    "symbol": "VRSN",
    "reportedCurrency": "USD",
    "cik": "0001014473",
    "fillingDate": "2018-07-26",
    "acceptedDate": "2018-07-26 16:43:36",
    "calendarYear": "2018",
    "period": "Q2",
    "revenue": 302452000,
    "costOfRevenue": 47365000,
    "grossProfit": 255087000,
    "grossProfitRatio": 0.8433966381,
    "researchAndDevelopmentExpenses": 13755000,
    "generalAndAdministrativeExpenses": 31753000,
    "sellingAndMarketingExpenses": 16569000,
    "sellingGeneralAndAdministrativeExpenses": 48322000,
    "otherExpenses": 0,
    "operatingExpenses": 62077000,
    "costAndExpenses": 109442000,
    "interestIncome": 6583000,
    "interestExpense": 28792000,
    "depreciationAndAmortization": 12078000,
    "ebitda": 205748000,
    "ebitdaratio": 0.6802666208,
    "operatingIncome": 193010000,
    "operatingIncomeRatio": 0.6381508471,
    "totalOtherIncomeExpensesNet": -28132000,
    "incomeBeforeTax": 164878000,
    "incomeBeforeTaxRatio": 0.5451377409,
    "incomeTaxExpense": 36527000,
    "netIncome": 128351000,
    "netIncomeRatio": 0.4243681642,
    "eps": 1.13,
    "epsdiluted": 1.04,
    "weightedAverageShsOut": 113936000,
    "weightedAverageShsOutDil": 123200000,
    "link": "https://www.sec.gov/Archives/edgar/data/1014473/000101447318000036/0001014473-18-000036-index.htm",
    "finalLink": "https://www.sec.gov/Archives/edgar/data/1014473/000101447318000036/vrsn-2018630x10q.htm"
  },
  {
    "date": "2018-03-31",
    "symbol": "VRSN",
    "reportedCurrency": "USD",
    "cik": "0001014473",
    "fillingDate": "2018-04-26",
    "acceptedDate": "2018-04-26 16:40:51",
    "calendarYear": "2018",
    "period": "Q1",
    "revenue": 299288000,
    "costOfRevenue": 48152000,
    "grossProfit": 251136000,
    "grossProfitRatio": 0.8391114913,
    "researchAndDevelopmentExpenses": 15375000,
    "generalAndAdministrativeExpenses": 33067000,
    "sellingAndMarketingExpenses": 17275000,
    "sellingGeneralAndAdministrativeExpenses": 50342000,
    "otherExpenses": 0,
    "operatingExpenses": 65717000,
    "costAndExpenses": 113869000,
    "interestIncome": 7489000,
    "interestExpense": 40788000,
    "depreciationAndAmortization": 12117000,
    "ebitda": 205340000,
    "ebitdaratio": 0.6860949988,
    "operatingIncome": 185419000,
    "operatingIncomeRatio": 0.6195336933,
    "totalOtherIncomeExpensesNet": -32984000,
    "incomeBeforeTax": 152435000,
    "incomeBeforeTaxRatio": 0.5093254658,
    "incomeTaxExpense": 18172000,
    "netIncome": 134263000,
    "netIncomeRatio": 0.4486080297,
    "eps": 1.38,
    "epsdiluted": 1.09,
    "weightedAverageShsOut": 97250000,
    "weightedAverageShsOutDil": 123506000,
    "link": "https://www.sec.gov/Archives/edgar/data/1014473/000101447318000028/0001014473-18-000028-index.htm",
    "finalLink": "https://www.sec.gov/Archives/edgar/data/1014473/000101447318000028/vrsn-2018331x10q.htm"
  },
  {
    "date": "2017-12-31",
    "symbol": "VRSN",
    "reportedCurrency": "USD",
    "cik": "0001014473",
    "fillingDate": "2018-02-16",
    "acceptedDate": "2018-02-16 16:38:56",
    "calendarYear": "2017",
    "period": "Q4",
    "revenue": 295501000,
    "costOfRevenue": 47680000,
    "grossProfit": 247821000,
    "grossProfitRatio": 0.8386469081,
    "researchAndDevelopmentExpenses": 12773000,
    "generalAndAdministrativeExpenses": 33128000,
    "sellingAndMarketingExpenses": 25488000,
    "sellingGeneralAndAdministrativeExpenses": 58616000,
    "otherExpenses": 0,
    "operatingExpenses": 71389000,
    "costAndExpenses": 119069000,
    "interestIncome": 6558000,
    "interestExpense": 40467000,
    "depreciationAndAmortization": 12213000,
    "ebitda": 194727000,
    "ebitdaratio": 0.6589723893,
    "operatingIncome": 176432000,
    "operatingIncomeRatio": 0.5970605852,
    "totalOtherIncomeExpensesNet": -34385000,
    "incomeBeforeTax": 142047000,
    "incomeBeforeTaxRatio": 0.4806988809,
    "incomeTaxExpense": 39210000,
    "netIncome": 102837000,
    "netIncomeRatio": 0.3480089746,
    "eps": 1.05,
    "epsdiluted": 0.83,
    "weightedAverageShsOut": 98215000,
    "weightedAverageShsOutDil": 124257000,
    "link": "https://www.sec.gov/Archives/edgar/data/1014473/000101447318000018/0001014473-18-000018-index.htm",
    "finalLink": "https://www.sec.gov/Archives/edgar/data/1014473/000101447318000018/vrsn-20171231x10k.htm"
  },
  {
    "date": "2017-09-30",
    "symbol": "VRSN",
    "reportedCurrency": "USD",
    "cik": "0001014473",
    "fillingDate": "2017-10-26",
    "acceptedDate": "2017-10-26 16:36:45",
    "calendarYear": "2017",
    "period": "Q3",
    "revenue": 292428000,
    "costOfRevenue": 47333000,
    "grossProfit": 245095000,
    "grossProfitRatio": 0.8381379348,
    "researchAndDevelopmentExpenses": 12715000,
    "generalAndAdministrativeExpenses": 32654000,
    "sellingAndMarketingExpenses": 18667000,
    "sellingGeneralAndAdministrativeExpenses": 51321000,
    "otherExpenses": 595000,
    "operatingExpenses": 64036000,
    "costAndExpenses": 111369000,
    "interestIncome": 5832000,
    "interestExpense": 37756000,
    "depreciationAndAmortization": 12493000,
    "ebitda": 199793000,
    "ebitdaratio": 0.683221169,
    "operatingIncome": 181059000,
    "operatingIncomeRatio": 0.6191575362,
    "totalOtherIncomeExpensesNet": -31515000,
    "incomeBeforeTax": 149544000,
    "incomeBeforeTaxRatio": 0.5113874184,
    "incomeTaxExpense": 34645000,
    "netIncome": 114899000,
    "netIncomeRatio": 0.3929138113,
    "eps": 1.15,
    "epsdiluted": 0.93,
    "weightedAverageShsOut": 99614000,
    "weightedAverageShsOutDil": 124074000,
    "link": "https://www.sec.gov/Archives/edgar/data/1014473/000101447317000048/0001014473-17-000048-index.htm",
    "finalLink": "https://www.sec.gov/Archives/edgar/data/1014473/000101447317000048/vrsn-2017930x10q.htm"
  },
  {
    "date": "2017-06-30",
    "symbol": "VRSN",
    "reportedCurrency": "USD",
    "cik": "0001014473",
    "fillingDate": "2017-07-27",
    "acceptedDate": "2017-07-27 16:37:18",
    "calendarYear": "2017",
    "period": "Q2",
    "revenue": 288552000,
    "costOfRevenue": 47644000,
    "grossProfit": 240908000,
    "grossProfitRatio": 0.8348859131,
    "researchAndDevelopmentExpenses": 13510000,
    "generalAndAdministrativeExpenses": 32964000,
    "sellingAndMarketingExpenses": 19474000,
    "sellingGeneralAndAdministrativeExpenses": 52438000,
    "otherExpenses": 86000,
    "operatingExpenses": 65948000,
    "costAndExpenses": 113592000,
    "interestIncome": 3309000,
    "interestExpense": 29090000,
    "depreciationAndAmortization": 12070000,
    "ebitda": 201032000,
    "ebitdaratio": 0.6966924506,
    "operatingIncome": 174960000,
    "operatingIncomeRatio": 0.6063378524,
    "totalOtherIncomeExpensesNet": -15088000,
    "incomeBeforeTax": 159872000,
    "incomeBeforeTaxRatio": 0.5540491835,
    "incomeTaxExpense": 36772000,
    "netIncome": 123100000,
    "netIncomeRatio": 0.4266128809,
    "eps": 1.22,
    "epsdiluted": 0.99,
    "weightedAverageShsOut": 101060000,
    "weightedAverageShsOutDil": 123980000,
    "link": "https://www.sec.gov/Archives/edgar/data/1014473/000101447317000029/0001014473-17-000029-index.htm",
    "finalLink": "https://www.sec.gov/Archives/edgar/data/1014473/000101447317000029/vrsn-2017630x10q.htm"
  },
  {
    "date": "2017-03-31",
    "symbol": "VRSN",
    "reportedCurrency": "USD",
    "cik": "0001014473",
    "fillingDate": "2017-04-27",
    "acceptedDate": "2017-04-27 16:38:25",
    "calendarYear": "2017",
    "period": "Q1",
    "revenue": 288614000,
    "costOfRevenue": 50669000,
    "grossProfit": 237945000,
    "grossProfitRatio": 0.8244402558,
    "researchAndDevelopmentExpenses": 13344000,
    "generalAndAdministrativeExpenses": 31008000,
    "sellingAndMarketingExpenses": 18322000,
    "sellingGeneralAndAdministrativeExpenses": 49330000,
    "otherExpenses": -51000,
    "operatingExpenses": 62674000,
    "costAndExpenses": 113343000,
    "interestIncome": 2245000,
    "interestExpense": 29023000,
    "depreciationAndAmortization": 13102000,
    "ebitda": 189674000,
    "ebitdaratio": 0.6571891869,
    "operatingIncome": 175271000,
    "operatingIncomeRatio": 0.6072851629,
    "totalOtherIncomeExpensesNet": -27722000,
    "incomeBeforeTax": 147549000,
    "incomeBeforeTaxRatio": 0.5112329963,
    "incomeTaxExpense": 31137000,
    "netIncome": 116412000,
    "netIncomeRatio": 0.4033484169,
    "eps": 1.14,
    "epsdiluted": 0.94,
    "weightedAverageShsOut": 102467000,
    "weightedAverageShsOutDil": 124464000,
    "link": "https://www.sec.gov/Archives/edgar/data/1014473/000101447317000012/0001014473-17-000012-index.htm",
    "finalLink": "https://www.sec.gov/Archives/edgar/data/1014473/000101447317000012/vrsn-2017331x10q.htm"
  },
  {
    "date": "2016-12-31",
    "symbol": "VRSN",
    "reportedCurrency": "USD",
    "cik": "0001014473",
    "fillingDate": "2017-02-17",
    "acceptedDate": "2017-02-17 16:07:20",
    "calendarYear": "2016",
    "period": "Q4",
    "revenue": 286271000,
    "costOfRevenue": 49100000,
    "grossProfit": 237171000,
    "grossProfitRatio": 0.8284841985,
    "researchAndDevelopmentExpenses": 13745000,
    "generalAndAdministrativeExpenses": 32845000,
    "sellingAndMarketingExpenses": 21819000,
    "sellingGeneralAndAdministrativeExpenses": 54664000,
    "otherExpenses": 0,
    "operatingExpenses": 68409000,
    "costAndExpenses": 117509000,
    "interestIncome": 1899000,
    "interestExpense": 28982000,
    "depreciationAndAmortization": 14053000,
    "ebitda": 184888000,
    "ebitdaratio": 0.6458495621,
    "operatingIncome": 168762000,
    "operatingIncomeRatio": 0.5895183235,
    "totalOtherIncomeExpensesNet": -26909000,
    "incomeBeforeTax": 141853000,
    "incomeBeforeTaxRatio": 0.4955199793,
    "incomeTaxExpense": 36301000,
    "netIncome": 105552000,
    "netIncomeRatio": 0.3687135616,
    "eps": 1.01,
    "epsdiluted": 0.84,
    "weightedAverageShsOut": 104080000,
    "weightedAverageShsOutDil": 125454000,
    "link": "https://www.sec.gov/Archives/edgar/data/1014473/000101447317000004/0001014473-17-000004-index.htm",
    "finalLink": "https://www.sec.gov/Archives/edgar/data/1014473/000101447317000004/vrsn-20161231x10k.htm"
  },
  {
    "date": "2016-09-30",
    "symbol": "VRSN",
    "reportedCurrency": "USD",
    "cik": "0001014473",
    "fillingDate": "2016-10-27",
    "acceptedDate": "2016-10-27 16:42:42",
    "calendarYear": "2016",
    "period": "Q3",
    "revenue": 287554000,
    "costOfRevenue": 49807000,
    "grossProfit": 237747000,
    "grossProfitRatio": 0.8267907941,
    "researchAndDevelopmentExpenses": 14324000,
    "generalAndAdministrativeExpenses": 30000000,
    "sellingAndMarketingExpenses": 18647000,
    "sellingGeneralAndAdministrativeExpenses": 48647000,
    "otherExpenses": 94000,
    "operatingExpenses": 62971000,
    "costAndExpenses": 112778000,
    "interestIncome": 1728000,
    "interestExpense": 28919000,
    "depreciationAndAmortization": 14697000,
    "ebitda": 192735000,
    "ebitdaratio": 0.670256717,
    "operatingIncome": 174776000,
    "operatingIncomeRatio": 0.6078023606,
    "totalOtherIncomeExpensesNet": -25657000,
    "incomeBeforeTax": 149119000,
    "incomeBeforeTaxRatio": 0.5185773802,
    "incomeTaxExpense": 34692000,
    "netIncome": 114427000,
    "netIncomeRatio": 0.3979322145,
    "eps": 1.08,
    "epsdiluted": 0.9,
    "weightedAverageShsOut": 106307000,
    "weightedAverageShsOutDil": 127750000,
    "link": "https://www.sec.gov/Archives/edgar/data/1014473/000101447316000117/0001014473-16-000117-index.htm",
    "finalLink": "https://www.sec.gov/Archives/edgar/data/1014473/000101447316000117/vrsn-2016930x10q.htm"
  },
  {
    "date": "2016-06-30",
    "symbol": "VRSN",
    "reportedCurrency": "USD",
    "cik": "0001014473",
    "fillingDate": "2016-07-28",
    "acceptedDate": "2016-07-28 17:01:17",
    "calendarYear": "2016",
    "period": "Q2",
    "revenue": 286466000,
    "costOfRevenue": 48753000,
    "grossProfit": 237713000,
    "grossProfitRatio": 0.8298122639,
    "researchAndDevelopmentExpenses": 14288000,
    "generalAndAdministrativeExpenses": 27401000,
    "sellingAndMarketingExpenses": 19757000,
    "sellingGeneralAndAdministrativeExpenses": 47158000,
    "otherExpenses": 0,
    "operatingExpenses": 61446000,
    "costAndExpenses": 110199000,
    "interestIncome": 1522000,
    "interestExpense": 28859000,
    "depreciationAndAmortization": 14550000,
    "ebitda": 191801000,
    "ebitdaratio": 0.6695419352,
    "operatingIncome": 176267000,
    "operatingIncomeRatio": 0.6153156046,
    "totalOtherIncomeExpensesNet": -27150000,
    "incomeBeforeTax": 149117000,
    "incomeBeforeTaxRatio": 0.5205399594,
    "incomeTaxExpense": 35907000,
    "netIncome": 113210000,
    "netIncomeRatio": 0.3951952413,
    "eps": 1.05,
    "epsdiluted": 0.87,
    "weightedAverageShsOut": 108067000,
    "weightedAverageShsOutDil": 130588000,
    "link": "https://www.sec.gov/Archives/edgar/data/1014473/000101447316000111/0001014473-16-000111-index.htm",
    "finalLink": "https://www.sec.gov/Archives/edgar/data/1014473/000101447316000111/vrsn-2016630x10q.htm"
  },
  {
    "date": "2016-03-31",
    "symbol": "VRSN",
    "reportedCurrency": "USD",
    "cik": "0001014473",
    "fillingDate": "2016-04-28",
    "acceptedDate": "2016-04-28 16:36:49",
    "calendarYear": "2016",
    "period": "Q1",
    "revenue": 281876000,
    "costOfRevenue": 50582000,
    "grossProfit": 231294000,
    "grossProfitRatio": 0.8205522996,
    "researchAndDevelopmentExpenses": 16743000,
    "generalAndAdministrativeExpenses": 27757000,
    "sellingAndMarketingExpenses": 20027000,
    "sellingGeneralAndAdministrativeExpenses": 47784000,
    "otherExpenses": 0,
    "operatingExpenses": 64527000,
    "costAndExpenses": 115109000,
    "interestIncome": 1042000,
    "interestExpense": 28804000,
    "depreciationAndAmortization": 14867000,
    "ebitda": 184755000,
    "ebitdaratio": 0.6554477856,
    "operatingIncome": 166767000,
    "operatingIncomeRatio": 0.5916324909,
    "totalOtherIncomeExpensesNet": -25683000,
    "incomeBeforeTax": 141084000,
    "incomeBeforeTaxRatio": 0.5005179583,
    "incomeTaxExpense": 33628000,
    "netIncome": 107456000,
    "netIncomeRatio": 0.3812172728,
    "eps": 0.98,
    "epsdiluted": 0.82,
    "weightedAverageShsOut": 109592000,
    "weightedAverageShsOutDil": 131581000,
    "link": "https://www.sec.gov/Archives/edgar/data/1014473/000101447316000101/0001014473-16-000101-index.htm",
    "finalLink": "https://www.sec.gov/Archives/edgar/data/1014473/000101447316000101/vrsn-2016331x10q.htm"
  },
  {
    "date": "2015-12-31",
    "symbol": "VRSN",
    "reportedCurrency": "USD",
    "cik": "0001014473",
    "fillingDate": "2016-02-19",
    "acceptedDate": "2016-02-19 16:11:16",
    "calendarYear": "2015",
    "period": "Q4",
    "revenue": 272625000,
    "costOfRevenue": 48996000,
    "grossProfit": 223629000,
    "grossProfitRatio": 0.8202806052,
    "researchAndDevelopmentExpenses": 15200000,
    "generalAndAdministrativeExpenses": 27640000,
    "sellingAndMarketingExpenses": 22507000,
    "sellingGeneralAndAdministrativeExpenses": 50147000,
    "otherExpenses": 0,
    "operatingExpenses": 65347000,
    "costAndExpenses": 114343000,
    "interestIncome": 857000,
    "interestExpense": 28567000,
    "depreciationAndAmortization": 14937000,
    "ebitda": 168883000,
    "ebitdaratio": 0.6194699679,
    "operatingIncome": 158282000,
    "operatingIncomeRatio": 0.5805850527,
    "totalOtherIncomeExpensesNet": -32903000,
    "incomeBeforeTax": 125379000,
    "incomeBeforeTaxRatio": 0.4598954608,
    "incomeTaxExpense": 23849000,
    "netIncome": 101530000,
    "netIncomeRatio": 0.3724163228,
    "eps": 0.92,
    "epsdiluted": 0.76,
    "weightedAverageShsOut": 110952000,
    "weightedAverageShsOutDil": 133385000,
    "link": "https://www.sec.gov/Archives/edgar/data/1014473/000101447316000086/0001014473-16-000086-index.htm",
    "finalLink": "https://www.sec.gov/Archives/edgar/data/1014473/000101447316000086/vrsn-20151231x10k.htm"
  },
  {
    "date": "2015-09-30",
    "symbol": "VRSN",
    "reportedCurrency": "USD",
    "cik": "0001014473",
    "fillingDate": "2015-10-22",
    "acceptedDate": "2015-10-22 16:47:05",
    "calendarYear": "2015",
    "period": "Q3",
    "revenue": 265780000,
    "costOfRevenue": 47218000,
    "grossProfit": 218562000,
    "grossProfitRatio": 0.8223417864,
    "researchAndDevelopmentExpenses": 15019000,
    "generalAndAdministrativeExpenses": 28115000,
    "sellingAndMarketingExpenses": 20966000,
    "sellingGeneralAndAdministrativeExpenses": 49081000,
    "otherExpenses": 133000,
    "operatingExpenses": 64100000,
    "costAndExpenses": 111318000,
    "interestIncome": 639000,
    "interestExpense": 28544000,
    "depreciationAndAmortization": 14934000,
    "ebitda": 170168000,
    "ebitdaratio": 0.6402588607,
    "operatingIncome": 154462000,
    "operatingIncomeRatio": 0.5811648732,
    "totalOtherIncomeExpensesNet": -32519000,
    "incomeBeforeTax": 121943000,
    "incomeBeforeTaxRatio": 0.4588117992,
    "incomeTaxExpense": 29486000,
    "netIncome": 92457000,
    "netIncomeRatio": 0.3478704191,
    "eps": 0.82,
    "epsdiluted": 0.7,
    "weightedAverageShsOut": 112955000,
    "weightedAverageShsOutDil": 131721000,
    "link": "https://www.sec.gov/Archives/edgar/data/1014473/000101447315000073/0001014473-15-000073-index.htm",
    "finalLink": "https://www.sec.gov/Archives/edgar/data/1014473/000101447315000073/vrsn-2015930x10q.htm"
  },
  {
    "date": "2015-06-30",
    "symbol": "VRSN",
    "reportedCurrency": "USD",
    "cik": "0001014473",
    "fillingDate": "2015-07-23",
    "acceptedDate": "2015-07-23 16:41:51",
    "calendarYear": "2015",
    "period": "Q2",
    "revenue": 262539000,
    "costOfRevenue": 48221000,
    "grossProfit": 214318000,
    "grossProfitRatio": 0.8163282408,
    "researchAndDevelopmentExpenses": 16347000,
    "generalAndAdministrativeExpenses": 24677000,
    "sellingAndMarketingExpenses": 24329000,
    "sellingGeneralAndAdministrativeExpenses": 49006000,
    "otherExpenses": 120000,
    "operatingExpenses": 65353000,
    "costAndExpenses": 113574000,
    "interestIncome": 373000,
    "interestExpense": 28503000,
    "depreciationAndAmortization": 15873000,
    "ebitda": 168039000,
    "ebitdaratio": 0.6400534778,
    "operatingIncome": 148965000,
    "operatingIncomeRatio": 0.5674014146,
    "totalOtherIncomeExpensesNet": -25302000,
    "incomeBeforeTax": 123663000,
    "incomeBeforeTaxRatio": 0.4710271617,
    "incomeTaxExpense": 30652000,
    "netIncome": 93011000,
    "netIncomeRatio": 0.3542749839,
    "eps": 0.8,
    "epsdiluted": 0.7,
    "weightedAverageShsOut": 115656000,
    "weightedAverageShsOutDil": 133251000,
    "link": "https://www.sec.gov/Archives/edgar/data/1014473/000101447315000068/0001014473-15-000068-index.htm",
    "finalLink": "https://www.sec.gov/Archives/edgar/data/1014473/000101447315000068/vrsn-2015630x10q.htm"
  },
  {
    "date": "2015-03-31",
    "symbol": "VRSN",
    "reportedCurrency": "USD",
    "cik": "0001014473",
    "fillingDate": "2015-04-23",
    "acceptedDate": "2015-04-23 16:35:52",
    "calendarYear": "2015",
    "period": "Q1",
    "revenue": 258422000,
    "costOfRevenue": 48353000,
    "grossProfit": 210069000,
    "grossProfitRatio": 0.8128913173,
    "researchAndDevelopmentExpenses": 17152000,
    "generalAndAdministrativeExpenses": 26298000,
    "sellingAndMarketingExpenses": 22382000,
    "sellingGeneralAndAdministrativeExpenses": 48680000,
    "otherExpenses": 0,
    "operatingExpenses": 65832000,
    "costAndExpenses": 114185000,
    "interestIncome": 259000,
    "interestExpense": 22017000,
    "depreciationAndAmortization": 15747000,
    "ebitda": 161448000,
    "ebitdaratio": 0.6247455712,
    "operatingIncome": 144237000,
    "operatingIncomeRatio": 0.5581452044,
    "totalOtherIncomeExpensesNet": -27572000,
    "incomeBeforeTax": 116665000,
    "incomeBeforeTaxRatio": 0.4514515018,
    "incomeTaxExpense": 28427000,
    "netIncome": 88238000,
    "netIncomeRatio": 0.3414492574,
    "eps": 0.75,
    "epsdiluted": 0.66,
    "weightedAverageShsOut": 117139000,
    "weightedAverageShsOutDil": 133850000,
    "link": "https://www.sec.gov/Archives/edgar/data/1014473/000101447315000047/0001014473-15-000047-index.htm",
    "finalLink": "https://www.sec.gov/Archives/edgar/data/1014473/000101447315000047/vrsn-2015331x10q.htm"
  },
  {
    "date": "2014-12-31",
    "symbol": "VRSN",
    "reportedCurrency": "USD",
    "cik": "0001014473",
    "fillingDate": "2015-02-13",
    "acceptedDate": "2015-02-13 16:31:57",
    "calendarYear": "2014",
    "period": "Q4",
    "revenue": 255917000,
    "costOfRevenue": 47477000,
    "grossProfit": 208440000,
    "grossProfitRatio": 0.8144828206,
    "researchAndDevelopmentExpenses": 17324000,
    "generalAndAdministrativeExpenses": 25138000,
    "sellingAndMarketingExpenses": 23757000,
    "sellingGeneralAndAdministrativeExpenses": 48895000,
    "otherExpenses": -159000,
    "operatingExpenses": 66219000,
    "costAndExpenses": 113696000,
    "interestIncome": 214000,
    "interestExpense": 21586000,
    "depreciationAndAmortization": 15766000,
    "ebitda": 157828000,
    "ebitdaratio": 0.6167155758,
    "operatingIncome": 142221000,
    "operatingIncomeRatio": 0.5557309596,
    "totalOtherIncomeExpensesNet": -21745000,
    "incomeBeforeTax": 120476000,
    "incomeBeforeTaxRatio": 0.4707620049,
    "incomeTaxExpense": 55004000,
    "netIncome": 65472000,
    "netIncomeRatio": 0.2558329458,
    "eps": 0.54,
    "epsdiluted": 0.48,
    "weightedAverageShsOut": 120140000,
    "weightedAverageShsOutDil": 135899000,
    "link": "https://www.sec.gov/Archives/edgar/data/1014473/000101447315000011/0001014473-15-000011-index.htm",
    "finalLink": "https://www.sec.gov/Archives/edgar/data/1014473/000101447315000011/vrsn-20141231x10k.htm"
  },
  {
    "date": "2014-09-30",
    "symbol": "VRSN",
    "reportedCurrency": "USD",
    "cik": "0001014473",
    "fillingDate": "2014-10-23",
    "acceptedDate": "2014-10-23 16:34:30",
    "calendarYear": "2014",
    "period": "Q3",
    "revenue": 255022000,
    "costOfRevenue": 46933000,
    "grossProfit": 208089000,
    "grossProfitRatio": 0.8159648971,
    "researchAndDevelopmentExpenses": 16320000,
    "generalAndAdministrativeExpenses": 27965000,
    "sellingAndMarketingExpenses": 24304000,
    "sellingGeneralAndAdministrativeExpenses": 52269000,
    "otherExpenses": -108000,
    "operatingExpenses": 68589000,
    "costAndExpenses": 115522000,
    "interestIncome": 197000,
    "interestExpense": 21533000,
    "depreciationAndAmortization": 15809000,
    "ebitda": 148836000,
    "ebitdaratio": 0.5836202367,
    "operatingIncome": 139500000,
    "operatingIncomeRatio": 0.5470116304,
    "totalOtherIncomeExpensesNet": -28006000,
    "incomeBeforeTax": 111494000,
    "incomeBeforeTaxRatio": 0.4371936539,
    "incomeTaxExpense": 16305000,
    "netIncome": 95189000,
    "netIncomeRatio": 0.3732579934,
    "eps": 0.77,
    "epsdiluted": 0.69,
    "weightedAverageShsOut": 124109000,
    "weightedAverageShsOutDil": 138112000,
    "link": "https://www.sec.gov/Archives/edgar/data/1014473/000101447314000052/0001014473-14-000052-index.htm",
    "finalLink": "https://www.sec.gov/Archives/edgar/data/1014473/000101447314000052/vrsn-2014930x10q.htm"
  },
  {
    "date": "2014-06-30",
    "symbol": "VRSN",
    "reportedCurrency": "USD",
    "cik": "0001014473",
    "fillingDate": "2014-07-24",
    "acceptedDate": "2014-07-24 16:36:46",
    "calendarYear": "2014",
    "period": "Q2",
    "revenue": 250382000,
    "costOfRevenue": 45989000,
    "grossProfit": 204393000,
    "grossProfitRatio": 0.8163246559,
    "researchAndDevelopmentExpenses": 15694000,
    "generalAndAdministrativeExpenses": 21927000,
    "sellingAndMarketingExpenses": 23651000,
    "sellingGeneralAndAdministrativeExpenses": 45578000,
    "otherExpenses": 0,
    "operatingExpenses": 61272000,
    "costAndExpenses": 107261000,
    "interestIncome": 195000,
    "interestExpense": 21490000,
    "depreciationAndAmortization": 16107000,
    "ebitda": 164222000,
    "ebitdaratio": 0.6558858065,
    "operatingIncome": 143121000,
    "operatingIncomeRatio": 0.571610579,
    "totalOtherIncomeExpensesNet": -16496000,
    "incomeBeforeTax": 126625000,
    "incomeBeforeTaxRatio": 0.5057272488,
    "incomeTaxExpense": 26449000,
    "netIncome": 100176000,
    "netIncomeRatio": 0.4000926584,
    "eps": 0.77,
    "epsdiluted": 0.71,
    "weightedAverageShsOut": 129350000,
    "weightedAverageShsOutDil": 141142000,
    "link": "https://www.sec.gov/Archives/edgar/data/1014473/000101447314000040/0001014473-14-000040-index.htm",
    "finalLink": "https://www.sec.gov/Archives/edgar/data/1014473/000101447314000040/vrsn-2014630x10q.htm"
  },
  {
    "date": "2014-03-31",
    "symbol": "VRSN",
    "reportedCurrency": "USD",
    "cik": "0001014473",
    "fillingDate": "2014-04-24",
    "acceptedDate": "2014-04-24 16:41:27",
    "calendarYear": "2014",
    "period": "Q1",
    "revenue": 248796000,
    "costOfRevenue": 48026000,
    "grossProfit": 200770000,
    "grossProfitRatio": 0.8069663499,
    "researchAndDevelopmentExpenses": 18439000,
    "generalAndAdministrativeExpenses": 22457000,
    "sellingAndMarketingExpenses": 20289000,
    "sellingGeneralAndAdministrativeExpenses": 42746000,
    "otherExpenses": 0,
    "operatingExpenses": 61185000,
    "costAndExpenses": 109211000,
    "interestIncome": 316000,
    "interestExpense": 21385000,
    "depreciationAndAmortization": 16008000,
    "ebitda": 162109000,
    "ebitdaratio": 0.6515739803,
    "operatingIncome": 139585000,
    "operatingIncomeRatio": 0.5610419782,
    "totalOtherIncomeExpensesNet": -14869000,
    "incomeBeforeTax": 124716000,
    "incomeBeforeTaxRatio": 0.5012781556,
    "incomeTaxExpense": 30293000,
    "netIncome": 94423000,
    "netIncomeRatio": 0.3795197672,
    "eps": 0.71,
    "epsdiluted": 0.64,
    "weightedAverageShsOut": 133417000,
    "weightedAverageShsOutDil": 148600000,
    "link": "https://www.sec.gov/Archives/edgar/data/1014473/000101447314000030/0001014473-14-000030-index.htm",
    "finalLink": "https://www.sec.gov/Archives/edgar/data/1014473/000101447314000030/vrsn-2014331x10q.htm"
  },
  {
    "date": "2013-12-31",
    "symbol": "VRSN",
    "reportedCurrency": "USD",
    "cik": "0001014473",
    "fillingDate": "2014-02-21",
    "acceptedDate": "2014-02-21 16:13:17",
    "calendarYear": "2013",
    "period": "Q4",
    "revenue": 245630000,
    "costOfRevenue": 46575000,
    "grossProfit": 199055000,
    "grossProfitRatio": 0.8103855392,
    "researchAndDevelopmentExpenses": 17766000,
    "generalAndAdministrativeExpenses": 26051000,
    "sellingAndMarketingExpenses": 25064000,
    "sellingGeneralAndAdministrativeExpenses": 51115000,
    "otherExpenses": 0,
    "operatingExpenses": 68881000,
    "costAndExpenses": 115456000,
    "interestIncome": 314000,
    "interestExpense": 21237000,
    "depreciationAndAmortization": 15240000,
    "ebitda": 152922000,
    "ebitdaratio": 0.6225705329,
    "operatingIncome": 130174000,
    "operatingIncomeRatio": 0.5299596955,
    "totalOtherIncomeExpensesNet": -13729000,
    "incomeBeforeTax": 116445000,
    "incomeBeforeTaxRatio": 0.4740666857,
    "incomeTaxExpense": -175704000,
    "netIncome": 292149000,
    "netIncomeRatio": 1.1893864756,
    "eps": 2.15,
    "epsdiluted": 1.94,
    "weightedAverageShsOut": 135759000,
    "weightedAverageShsOutDil": 150422000,
    "link": "https://www.sec.gov/Archives/edgar/data/1014473/000101447314000006/0001014473-14-000006-index.htm",
    "finalLink": "https://www.sec.gov/Archives/edgar/data/1014473/000101447314000006/vrsn-20131231x10k.htm"
  },
  {
    "date": "2013-09-30",
    "symbol": "VRSN",
    "reportedCurrency": "USD",
    "cik": "0001014473",
    "fillingDate": "2013-10-24",
    "acceptedDate": "2013-10-24 16:38:59",
    "calendarYear": "2013",
    "period": "Q3",
    "revenue": 243678000,
    "costOfRevenue": 46554000,
    "grossProfit": 197124000,
    "grossProfitRatio": 0.8089527984,
    "researchAndDevelopmentExpenses": 17456000,
    "generalAndAdministrativeExpenses": 24055000,
    "sellingAndMarketingExpenses": 22900000,
    "sellingGeneralAndAdministrativeExpenses": 46955000,
    "otherExpenses": 0,
    "operatingExpenses": 64411000,
    "costAndExpenses": 110965000,
    "interestIncome": 320000,
    "interestExpense": 21119000,
    "depreciationAndAmortization": 14889000,
    "ebitda": 143010000,
    "ebitdaratio": 0.5868810479,
    "operatingIncome": 132713000,
    "operatingIncomeRatio": 0.5446244634,
    "totalOtherIncomeExpensesNet": -25711000,
    "incomeBeforeTax": 107002000,
    "incomeBeforeTaxRatio": 0.4391122711,
    "incomeTaxExpense": 26104000,
    "netIncome": 80898000,
    "netIncomeRatio": 0.3319872947,
    "eps": 0.57,
    "epsdiluted": 0.53,
    "weightedAverageShsOut": 141701000,
    "weightedAverageShsOutDil": 152951000,
    "link": "https://www.sec.gov/Archives/edgar/data/1014473/000101447313000060/0001014473-13-000060-index.htm",
    "finalLink": "https://www.sec.gov/Archives/edgar/data/1014473/000101447313000060/vrsn-2013930x10q.htm"
  },
  {
    "date": "2013-06-30",
    "symbol": "VRSN",
    "reportedCurrency": "USD",
    "cik": "0001014473",
    "fillingDate": "2013-07-25",
    "acceptedDate": "2013-07-25 16:41:38",
    "calendarYear": "2013",
    "period": "Q2",
    "revenue": 239332000,
    "costOfRevenue": 46630000,
    "grossProfit": 192702000,
    "grossProfitRatio": 0.8051660455,
    "researchAndDevelopmentExpenses": 16899000,
    "generalAndAdministrativeExpenses": 20453000,
    "sellingAndMarketingExpenses": 23269000,
    "sellingGeneralAndAdministrativeExpenses": 43722000,
    "otherExpenses": 527000,
    "operatingExpenses": 60621000,
    "costAndExpenses": 107251000,
    "interestIncome": 620000,
    "interestExpense": 19809000,
    "depreciationAndAmortization": 15408000,
    "ebitda": 153650000,
    "ebitdaratio": 0.64199522,
    "operatingIncome": 132081000,
    "operatingIncomeRatio": 0.551873548,
    "totalOtherIncomeExpensesNet": -13648000,
    "incomeBeforeTax": 118433000,
    "incomeBeforeTaxRatio": 0.4948481607,
    "incomeTaxExpense": 31543000,
    "netIncome": 86890000,
    "netIncomeRatio": 0.3630521619,
    "eps": 0.58,
    "epsdiluted": 0.55,
    "weightedAverageShsOut": 148576000,
    "weightedAverageShsOutDil": 158641000,
    "link": "https://www.sec.gov/Archives/edgar/data/1014473/000101447313000041/0001014473-13-000041-index.htm",
    "finalLink": "https://www.sec.gov/Archives/edgar/data/1014473/000101447313000041/vrsn-2013630x10q.htm"
  },
  {
    "date": "2013-03-31",
    "symbol": "VRSN",
    "reportedCurrency": "USD",
    "cik": "0001014473",
    "fillingDate": "2013-04-25",
    "acceptedDate": "2013-04-25 16:41:20",
    "calendarYear": "2013",
    "period": "Q1",
    "revenue": 236447000,
    "costOfRevenue": 47254000,
    "grossProfit": 189193000,
    "grossProfitRatio": 0.8001497164,
    "researchAndDevelopmentExpenses": 18176000,
    "generalAndAdministrativeExpenses": 19649000,
    "sellingAndMarketingExpenses": 18104000,
    "sellingGeneralAndAdministrativeExpenses": 37753000,
    "otherExpenses": 13000,
    "operatingExpenses": 55929000,
    "costAndExpenses": 103183000,
    "interestIncome": 643000,
    "interestExpense": 12596000,
    "depreciationAndAmortization": 15118000,
    "ebitda": 149038000,
    "ebitdaratio": 0.6303230745,
    "operatingIncome": 133264000,
    "operatingIncomeRatio": 0.5636104497,
    "totalOtherIncomeExpensesNet": -18373000,
    "incomeBeforeTax": 114891000,
    "incomeBeforeTaxRatio": 0.4859059324,
    "incomeTaxExpense": 30378000,
    "netIncome": 84513000,
    "netIncomeRatio": 0.3574289376,
    "eps": 0.55,
    "epsdiluted": 0.52,
    "weightedAverageShsOut": 152543000,
    "weightedAverageShsOutDil": 161346000,
    "link": "https://www.sec.gov/Archives/edgar/data/1014473/000101447313000029/0001014473-13-000029-index.htm",
    "finalLink": "https://www.sec.gov/Archives/edgar/data/1014473/000101447313000029/vrsn-2013331x10q.htm"
  },
  {
    "date": "2012-12-31",
    "symbol": "VRSN",
    "reportedCurrency": "USD",
    "cik": "0001014473",
    "fillingDate": "2013-02-28",
    "acceptedDate": "2013-02-28 17:01:41",
    "calendarYear": "2012",
    "period": "Q4",
    "revenue": 230196000,
    "costOfRevenue": 42040000,
    "grossProfit": 188156000,
    "grossProfitRatio": 0.8173730213,
    "researchAndDevelopmentExpenses": 16059000,
    "generalAndAdministrativeExpenses": 16024000,
    "sellingAndMarketingExpenses": 20753000,
    "sellingGeneralAndAdministrativeExpenses": 36777000,
    "otherExpenses": 0,
    "operatingExpenses": 52836000,
    "costAndExpenses": 94876000,
    "interestIncome": 1409000,
    "interestExpense": 12657000,
    "depreciationAndAmortization": 15167000,
    "ebitda": 143916000,
    "ebitdaratio": 0.6251889694,
    "operatingIncome": 135355000,
    "operatingIncomeRatio": 0.5879989227,
    "totalOtherIncomeExpensesNet": -4061000,
    "incomeBeforeTax": 131294000,
    "incomeBeforeTaxRatio": 0.5703574345,
    "incomeTaxExpense": 30205000,
    "netIncome": 105641000,
    "netIncomeRatio": 0.458917618,
    "eps": 0.68,
    "epsdiluted": 0.65,
    "weightedAverageShsOut": 154642000,
    "weightedAverageShsOutDil": 162034000,
    "link": "https://www.sec.gov/Archives/edgar/data/1014473/000101447313000006/0001014473-13-000006-index.htm",
    "finalLink": "https://www.sec.gov/Archives/edgar/data/1014473/000101447313000006/vrsn-20121231x10k.htm"
  },
  {
    "date": "2012-09-30",
    "symbol": "VRSN",
    "reportedCurrency": "USD",
    "cik": "0001014473",
    "fillingDate": "2012-10-25",
    "acceptedDate": "2012-10-25 16:44:30",
    "calendarYear": "2012",
    "period": "Q3",
    "revenue": 223528000,
    "costOfRevenue": 41460000,
    "grossProfit": 182068000,
    "grossProfitRatio": 0.8145198812,
    "researchAndDevelopmentExpenses": 15409000,
    "generalAndAdministrativeExpenses": 27669000,
    "sellingAndMarketingExpenses": 22928000,
    "sellingGeneralAndAdministrativeExpenses": 50597000,
    "otherExpenses": 0,
    "operatingExpenses": 66006000,
    "costAndExpenses": 107466000,
    "interestIncome": 643000,
    "interestExpense": 12619000,
    "depreciationAndAmortization": 13379000,
    "ebitda": 127699000,
    "ebitdaratio": 0.5712886081,
    "operatingIncome": 116062000,
    "operatingIncomeRatio": 0.5192280162,
    "totalOtherIncomeExpensesNet": -14361000,
    "incomeBeforeTax": 101701000,
    "incomeBeforeTaxRatio": 0.4549810315,
    "incomeTaxExpense": 24882000,
    "netIncome": 77910000,
    "netIncomeRatio": 0.3485469382,
    "eps": 0.5,
    "epsdiluted": 0.47,
    "weightedAverageShsOut": 156261000,
    "weightedAverageShsOutDil": 166575000,
    "link": "https://www.sec.gov/Archives/edgar/data/1014473/000101447312000022/0001014473-12-000022-index.htm",
    "finalLink": "https://www.sec.gov/Archives/edgar/data/1014473/000101447312000022/vrsn-2012930x10q.htm"
  },
  {
    "date": "2012-06-30",
    "symbol": "VRSN",
    "reportedCurrency": "USD",
    "cik": "0001014473",
    "fillingDate": "2012-07-27",
    "acceptedDate": "2012-07-27 13:54:42",
    "calendarYear": "2012",
    "period": "Q2",
    "revenue": 214142000,
    "costOfRevenue": 42844000,
    "grossProfit": 171298000,
    "grossProfitRatio": 0.7999271511,
    "researchAndDevelopmentExpenses": 15461000,
    "generalAndAdministrativeExpenses": 22726000,
    "sellingAndMarketingExpenses": 26313000,
    "sellingGeneralAndAdministrativeExpenses": 49039000,
    "otherExpenses": 0,
    "operatingExpenses": 64500000,
    "costAndExpenses": 107344000,
    "interestIncome": 605000,
    "interestExpense": 12580000,
    "depreciationAndAmortization": 13532000,
    "ebitda": 118415000,
    "ebitdaratio": 0.5529741947,
    "operatingIncome": 106980000,
    "operatingIncomeRatio": 0.4995750483,
    "totalOtherIncomeExpensesNet": -14677000,
    "incomeBeforeTax": 92303000,
    "incomeBeforeTaxRatio": 0.4310364151,
    "incomeTaxExpense": 23831000,
    "netIncome": 68472000,
    "netIncomeRatio": 0.319750446,
    "eps": 0.43,
    "epsdiluted": 0.42,
    "weightedAverageShsOut": 157599000,
    "weightedAverageShsOutDil": 164178000,
    "link": "https://www.sec.gov/Archives/edgar/data/1014473/000101447312000011/0001014473-12-000011-index.htm",
    "finalLink": "https://www.sec.gov/Archives/edgar/data/1014473/000101447312000011/vrsn-2012630x10q.htm"
  },
  {
    "date": "2012-03-31",
    "symbol": "VRSN",
    "reportedCurrency": "USD",
    "cik": "0001014473",
    "fillingDate": "2012-04-27",
    "acceptedDate": "2012-04-27 12:51:41",
    "calendarYear": "2012",
    "period": "Q1",
    "revenue": 205726000,
    "costOfRevenue": 41256000,
    "grossProfit": 164470000,
    "grossProfitRatio": 0.7994614196,
    "researchAndDevelopmentExpenses": 14765000,
    "generalAndAdministrativeExpenses": 23508000,
    "sellingAndMarketingExpenses": 27815000,
    "sellingGeneralAndAdministrativeExpenses": 51323000,
    "otherExpenses": 0,
    "operatingExpenses": 66088000,
    "costAndExpenses": 107344000,
    "interestIncome": 300000,
    "interestExpense": 12340000,
    "depreciationAndAmortization": 12741000,
    "ebitda": 112478000,
    "ebitdaratio": 0.5467369219,
    "operatingIncome": 98930000,
    "operatingIncomeRatio": 0.4808823386,
    "totalOtherIncomeExpensesNet": -11533000,
    "incomeBeforeTax": 87397000,
    "incomeBeforeTaxRatio": 0.4248223365,
    "incomeTaxExpense": 21292000,
    "netIncome": 68009000,
    "netIncomeRatio": 0.3305804808,
    "eps": 0.43,
    "epsdiluted": 0.42,
    "weightedAverageShsOut": 159344000,
    "weightedAverageShsOutDil": 162881000,
    "link": "https://www.sec.gov/Archives/edgar/data/1014473/000101447312000003/0001014473-12-000003-index.htm",
    "finalLink": "https://www.sec.gov/Archives/edgar/data/1014473/000101447312000003/vrsn-2012331x10q.htm"
  },
  {
    "date": "2011-12-31",
    "symbol": "VRSN",
    "reportedCurrency": "USD",
    "cik": "0001014473",
    "fillingDate": "2012-02-24",
    "acceptedDate": "2012-02-24 13:45:04",
    "calendarYear": "2011",
    "period": "Q4",
    "revenue": 203646000,
    "costOfRevenue": 42016000,
    "grossProfit": 161630000,
    "grossProfitRatio": 0.7936811919,
    "researchAndDevelopmentExpenses": 13121000,
    "generalAndAdministrativeExpenses": 24512000,
    "sellingAndMarketingExpenses": 27772000,
    "sellingGeneralAndAdministrativeExpenses": 52284000,
    "otherExpenses": 0,
    "operatingExpenses": 65405000,
    "costAndExpenses": 107421000,
    "interestIncome": -5768000,
    "interestExpense": 11859000,
    "depreciationAndAmortization": 14251000,
    "ebitda": 103436000,
    "ebitdaratio": 0.5079206073,
    "operatingIncome": 92873000,
    "operatingIncomeRatio": 0.4560511869,
    "totalOtherIncomeExpensesNet": -15547000,
    "incomeBeforeTax": 77326000,
    "incomeBeforeTaxRatio": 0.3797079245,
    "incomeTaxExpense": 31997000,
    "netIncome": 53814000,
    "netIncomeRatio": 0.2642526738,
    "eps": 0.34,
    "epsdiluted": 0.33,
    "weightedAverageShsOut": 159344000,
    "weightedAverageShsOutDil": 162881000,
    "link": "https://www.sec.gov/Archives/edgar/data/1014473/000119312512077600/0001193125-12-077600-index.htm",
    "finalLink": "https://www.sec.gov/Archives/edgar/data/1014473/000119312512077600/d296041d10k.htm"
  },
  {
    "date": "2011-09-30",
    "symbol": "VRSN",
    "reportedCurrency": "USD",
    "cik": "0001014473",
    "fillingDate": "2011-10-28",
    "acceptedDate": "2011-10-28 14:03:52",
    "calendarYear": "2011",
    "period": "Q3",
    "revenue": 196965000,
    "costOfRevenue": 41694000,
    "grossProfit": 155271000,
    "grossProfitRatio": 0.7883177214,
    "researchAndDevelopmentExpenses": 13488000,
    "generalAndAdministrativeExpenses": 24775000,
    "sellingAndMarketingExpenses": 25090000,
    "sellingGeneralAndAdministrativeExpenses": 49865000,
    "otherExpenses": 0,
    "operatingExpenses": 63353000,
    "costAndExpenses": 105047000,
    "interestIncome": 2828000,
    "interestExpense": 11797000,
    "depreciationAndAmortization": 13813000,
    "ebitda": 106351000,
    "ebitdaratio": 0.5399487219,
    "operatingIncome": 88947000,
    "operatingIncomeRatio": 0.4515878456,
    "totalOtherIncomeExpensesNet": -8206000,
    "incomeBeforeTax": 80741000,
    "incomeBeforeTaxRatio": 0.4099256213,
    "incomeTaxExpense": 22126000,
    "netIncome": 58916000,
    "netIncomeRatio": 0.2991191328,
    "eps": 0.36,
    "epsdiluted": 0.36,
    "weightedAverageShsOut": 163046000,
    "weightedAverageShsOutDil": 163902000,
    "link": "https://www.sec.gov/Archives/edgar/data/1014473/000119312511285850/0001193125-11-285850-index.htm",
    "finalLink": "https://www.sec.gov/Archives/edgar/data/1014473/000119312511285850/d219781d10q.htm"
  },
  {
    "date": "2011-06-30",
    "symbol": "VRSN",
    "reportedCurrency": "USD",
    "cik": "0001014473",
    "fillingDate": "2011-07-29",
    "acceptedDate": "2011-07-29 15:54:18",
    "calendarYear": "2011",
    "period": "Q2",
    "revenue": 189844000,
    "costOfRevenue": 40667000,
    "grossProfit": 149177000,
    "grossProfitRatio": 0.785787278,
    "researchAndDevelopmentExpenses": 13074000,
    "generalAndAdministrativeExpenses": 28206000,
    "sellingAndMarketingExpenses": 22179000,
    "sellingGeneralAndAdministrativeExpenses": 50385000,
    "otherExpenses": 0,
    "operatingExpenses": 63459000,
    "costAndExpenses": 104126000,
    "interestIncome": 1579000,
    "interestExpense": 111856000,
    "depreciationAndAmortization": 13674000,
    "ebitda": 101882000,
    "ebitdaratio": 0.5366616801,
    "operatingIncome": 82059000,
    "operatingIncomeRatio": 0.4322443691,
    "totalOtherIncomeExpensesNet": -105707000,
    "incomeBeforeTax": -23648000,
    "incomeBeforeTaxRatio": -0.1245654327,
    "incomeTaxExpense": -15967000,
    "netIncome": -10610000,
    "netIncomeRatio": -0.0558879922,
    "eps": -0.0634,
    "epsdiluted": -0.0634,
    "weightedAverageShsOut": 167471000,
    "weightedAverageShsOutDil": 167471000,
    "link": "https://www.sec.gov/Archives/edgar/data/1014473/000119312511202763/0001193125-11-202763-index.htm",
    "finalLink": "https://www.sec.gov/Archives/edgar/data/1014473/000119312511202763/d10q.htm"
  },
  {
    "date": "2011-03-31",
    "symbol": "VRSN",
    "reportedCurrency": "USD",
    "cik": "0001014473",
    "fillingDate": "2011-04-29",
    "acceptedDate": "2011-04-29 10:39:02",
    "calendarYear": "2011",
    "period": "Q1",
    "revenue": 181523000,
    "costOfRevenue": 40869000,
    "grossProfit": 140654000,
    "grossProfitRatio": 0.7748549771,
    "researchAndDevelopmentExpenses": 13594000,
    "generalAndAdministrativeExpenses": 33629000,
    "sellingAndMarketingExpenses": 22391000,
    "sellingGeneralAndAdministrativeExpenses": 56020000,
    "otherExpenses": 0,
    "operatingExpenses": 69614000,
    "costAndExpenses": 110483000,
    "interestIncome": 2091000,
    "interestExpense": 11820000,
    "depreciationAndAmortization": 13968000,
    "ebitda": 84956000,
    "ebitdaratio": 0.4680178269,
    "operatingIncome": 65510000,
    "operatingIncomeRatio": 0.3608909064,
    "totalOtherIncomeExpensesNet": -6342000,
    "incomeBeforeTax": 59168000,
    "incomeBeforeTaxRatio": 0.325953185,
    "incomeTaxExpense": 16875000,
    "netIncome": 40771000,
    "netIncomeRatio": 0.2246051465,
    "eps": 0.24,
    "epsdiluted": 0.24,
    "weightedAverageShsOut": 170193000,
    "weightedAverageShsOutDil": 171979000,
    "link": "https://www.sec.gov/Archives/edgar/data/1014473/000119312511117347/0001193125-11-117347-index.htm",
    "finalLink": "https://www.sec.gov/Archives/edgar/data/1014473/000119312511117347/d10q.htm"
  },
  {
    "date": "2010-12-31",
    "symbol": "VRSN",
    "reportedCurrency": "USD",
    "cik": "0001014473",
    "fillingDate": "2011-02-24",
    "acceptedDate": "2011-02-24 15:23:27",
    "calendarYear": "2010",
    "period": "Q4",
    "revenue": 176751000,
    "costOfRevenue": 36088000,
    "grossProfit": 140663000,
    "grossProfitRatio": 0.7958257662,
    "researchAndDevelopmentExpenses": 12933000,
    "generalAndAdministrativeExpenses": 36080000,
    "sellingAndMarketingExpenses": 20310000,
    "sellingGeneralAndAdministrativeExpenses": 56390000,
    "otherExpenses": 0,
    "operatingExpenses": 69323000,
    "costAndExpenses": 105411000,
    "interestIncome": 2605000,
    "interestExpense": 121563000,
    "depreciationAndAmortization": 14276000,
    "ebitda": 90306000,
    "ebitdaratio": 0.5109221447,
    "operatingIncome": 68620000,
    "operatingIncomeRatio": 0.3882297696,
    "totalOtherIncomeExpensesNet": -78627000,
    "incomeBeforeTax": -45533000,
    "incomeBeforeTaxRatio": -0.2576109895,
    "incomeTaxExpense": -14776000,
    "netIncome": -40505000,
    "netIncomeRatio": -0.2291641914,
    "eps": -0.24,
    "epsdiluted": -0.24,
    "weightedAverageShsOut": 170193000,
    "weightedAverageShsOutDil": 171979000,
    "link": "https://www.sec.gov/Archives/edgar/data/1014473/000119312511045196/0001193125-11-045196-index.htm",
    "finalLink": "https://www.sec.gov/Archives/edgar/data/1014473/000119312511045196/d10k.htm"
  },
  {
    "date": "2010-09-30",
    "symbol": "VRSN",
    "reportedCurrency": "USD",
    "cik": "0001014473",
    "fillingDate": "2010-10-29",
    "acceptedDate": "2010-10-29 10:43:19",
    "calendarYear": "2010",
    "period": "Q3",
    "revenue": 172649000,
    "costOfRevenue": 40266000,
    "grossProfit": 132383000,
    "grossProfitRatio": 0.766775365,
    "researchAndDevelopmentExpenses": 14537000,
    "generalAndAdministrativeExpenses": 33644000,
    "sellingAndMarketingExpenses": 18450000,
    "sellingGeneralAndAdministrativeExpenses": 52094000,
    "otherExpenses": 0,
    "operatingExpenses": 66631000,
    "costAndExpenses": 106897000,
    "interestIncome": 2732000,
    "interestExpense": 12140000,
    "depreciationAndAmortization": 13573000,
    "ebitda": 78085000,
    "ebitdaratio": 0.4522760051,
    "operatingIncome": 59449000,
    "operatingIncomeRatio": 0.3443344589,
    "totalOtherIncomeExpensesNet": -7500000,
    "incomeBeforeTax": 51949000,
    "incomeBeforeTaxRatio": 0.3008937208,
    "incomeTaxExpense": 7193000,
    "netIncome": 784903000,
    "netIncomeRatio": 4.5462354256,
    "eps": 4.52,
    "epsdiluted": 4.48,
    "weightedAverageShsOut": 173572000,
    "weightedAverageShsOutDil": 175034000,
    "link": "https://www.sec.gov/Archives/edgar/data/1014473/000119312510240755/0001193125-10-240755-index.htm",
    "finalLink": "https://www.sec.gov/Archives/edgar/data/1014473/000119312510240755/d10q.htm"
  },
  {
    "date": "2010-06-30",
    "symbol": "VRSN",
    "reportedCurrency": "USD",
    "cik": "0001014473",
    "fillingDate": "2010-08-03",
    "acceptedDate": "2010-08-03 13:12:04",
    "calendarYear": "2010",
    "period": "Q2",
    "revenue": 168684000,
    "costOfRevenue": 40590000,
    "grossProfit": 128094000,
    "grossProfitRatio": 0.7593725546,
    "researchAndDevelopmentExpenses": 13824000,
    "generalAndAdministrativeExpenses": 32957000,
    "sellingAndMarketingExpenses": 23182000,
    "sellingGeneralAndAdministrativeExpenses": 56139000,
    "otherExpenses": 0,
    "operatingExpenses": 69963000,
    "costAndExpenses": 110553000,
    "interestIncome": 2046000,
    "interestExpense": 11966000,
    "depreciationAndAmortization": 17901000,
    "ebitda": 72573000,
    "ebitdaratio": 0.4302304901,
    "operatingIncome": 50592000,
    "operatingIncomeRatio": 0.2999217472,
    "totalOtherIncomeExpensesNet": -8116000,
    "incomeBeforeTax": 42476000,
    "incomeBeforeTaxRatio": 0.2518081146,
    "incomeTaxExpense": 16211000,
    "netIncome": 35213000,
    "netIncomeRatio": 0.2087512746,
    "eps": 0.19,
    "epsdiluted": 0.19,
    "weightedAverageShsOut": 181120000,
    "weightedAverageShsOutDil": 182753000,
    "link": "https://www.sec.gov/Archives/edgar/data/1014473/000119312510174909/0001193125-10-174909-index.htm",
    "finalLink": "https://www.sec.gov/Archives/edgar/data/1014473/000119312510174909/d10q.htm"
  },
  {
    "date": "2010-03-31",
    "symbol": "VRSN",
    "reportedCurrency": "USD",
    "cik": "0001014473",
    "fillingDate": "2010-04-28",
    "acceptedDate": "2010-04-28 16:32:56",
    "calendarYear": "2010",
    "period": "Q1",
    "revenue": 264402000,
    "costOfRevenue": 59729000,
    "grossProfit": 204673000,
    "grossProfitRatio": 0.7740977754,
    "researchAndDevelopmentExpenses": 20382000,
    "generalAndAdministrativeExpenses": 43755000,
    "sellingAndMarketingExpenses": 48699000,
    "sellingGeneralAndAdministrativeExpenses": 92454000,
    "otherExpenses": 2749000,
    "operatingExpenses": 115585000,
    "costAndExpenses": 175314000,
    "interestIncome": 1294000,
    "interestExpense": 11998000,
    "depreciationAndAmortization": 21905000,
    "ebitda": 80836000,
    "ebitdaratio": 0.3057314241,
    "operatingIncome": 88725000,
    "operatingIncomeRatio": 0.335568566,
    "totalOtherIncomeExpensesNet": -6933000,
    "incomeBeforeTax": 81792000,
    "incomeBeforeTaxRatio": 0.3093471305,
    "incomeTaxExpense": 27798000,
    "netIncome": 51356000,
    "netIncomeRatio": 0.1942345368,
    "eps": 0.28,
    "epsdiluted": 0.28,
    "weightedAverageShsOut": 183174000,
    "weightedAverageShsOutDil": 184259000,
    "link": "https://www.sec.gov/Archives/edgar/data/1014473/000119312510096731/0001193125-10-096731-index.htm",
    "finalLink": "https://www.sec.gov/Archives/edgar/data/1014473/000119312510096731/d10q.htm"
  },
  {
    "date": "2009-12-31",
    "symbol": "VRSN",
    "reportedCurrency": "USD",
    "cik": "0001014473",
    "fillingDate": "2010-02-26",
    "acceptedDate": "2010-02-26 17:22:02",
    "calendarYear": "2009",
    "period": "Q4",
    "revenue": 261010000,
    "costOfRevenue": 71376000,
    "grossProfit": 189634000,
    "grossProfitRatio": 0.7265392131,
    "researchAndDevelopmentExpenses": 10584000,
    "generalAndAdministrativeExpenses": 47271000,
    "sellingAndMarketingExpenses": 48688000,
    "sellingGeneralAndAdministrativeExpenses": 95959000,
    "otherExpenses": 2805000,
    "operatingExpenses": 109348000,
    "costAndExpenses": 180724000,
    "interestIncome": 1012000,
    "interestExpense": 11874000,
    "depreciationAndAmortization": 24551000,
    "ebitda": 106959000,
    "ebitdaratio": 0.409788897,
    "operatingIncome": 79743000,
    "operatingIncomeRatio": 0.30551703,
    "totalOtherIncomeExpensesNet": -9209000,
    "incomeBeforeTax": 70534000,
    "incomeBeforeTaxRatio": 0.2702348569,
    "incomeTaxExpense": 8892000,
    "netIncome": 92048000,
    "netIncomeRatio": 0.3526608176,
    "eps": 0.5,
    "epsdiluted": 0.5,
    "weightedAverageShsOut": 183174000,
    "weightedAverageShsOutDil": 184259000,
    "link": "https://www.sec.gov/Archives/edgar/data/1014473/000119312510043162/0001193125-10-043162-index.htm",
    "finalLink": "https://www.sec.gov/Archives/edgar/data/1014473/000119312510043162/d10k.htm"
  },
  {
    "date": "2009-09-30",
    "symbol": "VRSN",
    "reportedCurrency": "USD",
    "cik": "0001014473",
    "fillingDate": "2009-11-06",
    "acceptedDate": "2009-11-06 16:45:54",
    "calendarYear": "2009",
    "period": "Q3",
    "revenue": 257995000,
    "costOfRevenue": 56736000,
    "grossProfit": 201259000,
    "grossProfitRatio": 0.7800887614,
    "researchAndDevelopmentExpenses": 24940000,
    "generalAndAdministrativeExpenses": 42634000,
    "sellingAndMarketingExpenses": 45015000,
    "sellingGeneralAndAdministrativeExpenses": 87649000,
    "otherExpenses": 3112000,
    "operatingExpenses": 115701000,
    "costAndExpenses": 172437000,
    "interestIncome": 791000,
    "interestExpense": 11867000,
    "depreciationAndAmortization": 3112000,
    "ebitda": 57216000,
    "ebitdaratio": 0.2217717398,
    "operatingIncome": 75130000,
    "operatingIncomeRatio": 0.2912071939,
    "totalOtherIncomeExpensesNet": -8669000,
    "incomeBeforeTax": 66461000,
    "incomeBeforeTaxRatio": 0.2576057676,
    "incomeTaxExpense": 18111000,
    "netIncome": 53611000,
    "netIncomeRatio": 0.2077986007,
    "eps": 0.28,
    "epsdiluted": 0.28,
    "weightedAverageShsOut": 192619000,
    "weightedAverageShsOutDil": 193472000,
    "link": "https://www.sec.gov/Archives/edgar/data/1014473/000119312509227646/0001193125-09-227646-index.htm",
    "finalLink": "https://www.sec.gov/Archives/edgar/data/1014473/000119312509227646/d10q.htm"
  },
  {
    "date": "2009-06-30",
    "symbol": "VRSN",
    "reportedCurrency": "USD",
    "cik": "0001014473",
    "fillingDate": "2009-08-06",
    "acceptedDate": "2009-08-06 16:56:08",
    "calendarYear": "2009",
    "period": "Q2",
    "revenue": 256619000,
    "costOfRevenue": 57476000,
    "grossProfit": 199143000,
    "grossProfitRatio": 0.7760259373,
    "researchAndDevelopmentExpenses": 23234000,
    "generalAndAdministrativeExpenses": 42939000,
    "sellingAndMarketingExpenses": 45299000,
    "sellingGeneralAndAdministrativeExpenses": 88238000,
    "otherExpenses": 3061000,
    "operatingExpenses": 114533000,
    "costAndExpenses": 172009000,
    "interestIncome": 1126000,
    "interestExpense": 11805000,
    "depreciationAndAmortization": 20868000,
    "ebitda": 65170000,
    "ebitdaratio": 0.2539562542,
    "operatingIncome": 84140000,
    "operatingIncomeRatio": 0.3278790736,
    "totalOtherIncomeExpensesNet": -10266000,
    "incomeBeforeTax": 73874000,
    "incomeBeforeTaxRatio": 0.2878742416,
    "incomeTaxExpense": 29570000,
    "netIncome": 34874000,
    "netIncomeRatio": 0.1358979655,
    "eps": 0.18,
    "epsdiluted": 0.18,
    "weightedAverageShsOut": 192649000,
    "weightedAverageShsOutDil": 193426000,
    "link": "https://www.sec.gov/Archives/edgar/data/1014473/000119312509167317/0001193125-09-167317-index.htm",
    "finalLink": "https://www.sec.gov/Archives/edgar/data/1014473/000119312509167317/d10q.htm"
  },
  {
    "date": "2009-03-31",
    "symbol": "VRSN",
    "reportedCurrency": "USD",
    "cik": "0001014473",
    "fillingDate": "2009-05-08",
    "acceptedDate": "2009-05-08 15:19:41",
    "calendarYear": "2009",
    "period": "Q1",
    "revenue": 254995000,
    "costOfRevenue": 60308000,
    "grossProfit": 194687000,
    "grossProfitRatio": 0.7634934018,
    "researchAndDevelopmentExpenses": 24802000,
    "generalAndAdministrativeExpenses": 49148000,
    "sellingAndMarketingExpenses": 38027000,
    "sellingGeneralAndAdministrativeExpenses": 87175000,
    "otherExpenses": 3221000,
    "operatingExpenses": 115198000,
    "costAndExpenses": 175506000,
    "interestIncome": 1443000,
    "interestExpense": 11805000,
    "depreciationAndAmortization": 20530000,
    "ebitda": 102852000,
    "ebitdaratio": 0.4033490853,
    "operatingIncome": 74714000,
    "operatingIncomeRatio": 0.2930018236,
    "totalOtherIncomeExpensesNet": -4197000,
    "incomeBeforeTax": 70421000,
    "incomeBeforeTaxRatio": 0.2761661993,
    "incomeTaxExpense": 23532000,
    "netIncome": 65020000,
    "netIncomeRatio": 0.2549853919,
    "eps": 0.34,
    "epsdiluted": 0.34,
    "weightedAverageShsOut": 192311000,
    "weightedAverageShsOutDil": 192804000,
    "link": "https://www.sec.gov/Archives/edgar/data/1014473/000119312509105226/0001193125-09-105226-index.htm",
    "finalLink": "https://www.sec.gov/Archives/edgar/data/1014473/000119312509105226/d10q.htm"
  },
  {
    "date": "2008-12-31",
    "symbol": "VRSN",
    "reportedCurrency": "USD",
    "cik": "0001014473",
    "fillingDate": "2009-03-03",
    "acceptedDate": "2009-03-03 16:43:04",
    "calendarYear": "2008",
    "period": "Q4",
    "revenue": 236743000,
    "costOfRevenue": 58632000,
    "grossProfit": 178111000,
    "grossProfitRatio": 0.7523390343,
    "researchAndDevelopmentExpenses": 19419000,
    "generalAndAdministrativeExpenses": 85760000,
    "sellingAndMarketingExpenses": 0,
    "sellingGeneralAndAdministrativeExpenses": 85760000,
    "otherExpenses": 134996000,
    "operatingExpenses": 185597000,
    "costAndExpenses": 244229000,
    "interestIncome": 0,
    "interestExpense": 0,
    "depreciationAndAmortization": 19819000,
    "ebitda": 12333000,
    "ebitdaratio": 0.0520944653,
    "operatingIncome": -9699000,
    "operatingIncomeRatio": -0.0409684764,
    "totalOtherIncomeExpensesNet": 2449000,
    "incomeBeforeTax": 62881000,
    "incomeBeforeTaxRatio": 0.265608698,
    "incomeTaxExpense": 36158000,
    "netIncome": -100511000,
    "netIncomeRatio": -0.4245574315,
    "eps": -0.52,
    "epsdiluted": -0.52,
    "weightedAverageShsOut": 192311000,
    "weightedAverageShsOutDil": 192804000,
    "link": "https://www.sec.gov/Archives/edgar/data/1014473/000119312509043713/0001193125-09-043713-index.htm",
    "finalLink": "https://www.sec.gov/Archives/edgar/data/1014473/000119312509043713/d10k.htm"
  },
  {
    "date": "2008-09-30",
    "symbol": "VRSN",
    "reportedCurrency": "USD",
    "cik": "0001014473",
    "fillingDate": "2008-11-07",
    "acceptedDate": "2008-11-07 14:57:55",
    "calendarYear": "2008",
    "period": "Q3",
    "revenue": 246052000,
    "costOfRevenue": 55880000,
    "grossProfit": 190172000,
    "grossProfitRatio": 0.7728935347,
    "researchAndDevelopmentExpenses": 22337000,
    "generalAndAdministrativeExpenses": 91194000,
    "sellingAndMarketingExpenses": 0,
    "sellingGeneralAndAdministrativeExpenses": 91194000,
    "otherExpenses": 8838000,
    "operatingExpenses": 116396000,
    "costAndExpenses": 172276000,
    "interestIncome": 3981000,
    "interestExpense": 11045000,
    "depreciationAndAmortization": 29676000,
    "ebitda": 94505000,
    "ebitdaratio": 0.3840854779,
    "operatingIncome": 67803000,
    "operatingIncomeRatio": 0.275563702,
    "totalOtherIncomeExpensesNet": -14080000,
    "incomeBeforeTax": 55115000,
    "incomeBeforeTaxRatio": 0.2239973664,
    "incomeTaxExpense": 8071000,
    "netIncome": -200034000,
    "netIncomeRatio": -0.8129744932,
    "eps": -1.03,
    "epsdiluted": -1.02,
    "weightedAverageShsOut": 193853000,
    "weightedAverageShsOutDil": 195930000,
    "link": "https://www.sec.gov/Archives/edgar/data/1014473/000119312508229824/0001193125-08-229824-index.htm",
    "finalLink": "https://www.sec.gov/Archives/edgar/data/1014473/000119312508229824/d10q.htm"
  },
  {
    "date": "2008-06-30",
    "symbol": "VRSN",
    "reportedCurrency": "USD",
    "cik": "0001014473",
    "fillingDate": "2008-08-08",
    "acceptedDate": "2008-08-08 14:33:39",
    "calendarYear": "2008",
    "period": "Q2",
    "revenue": 303240000,
    "costOfRevenue": 86033000,
    "grossProfit": 217207000,
    "grossProfitRatio": 0.7162874291,
    "researchAndDevelopmentExpenses": 32891000,
    "generalAndAdministrativeExpenses": 109776000,
    "sellingAndMarketingExpenses": 0,
    "sellingGeneralAndAdministrativeExpenses": 109776000,
    "otherExpenses": 142453000,
    "operatingExpenses": 148162000,
    "costAndExpenses": 234195000,
    "interestIncome": 2728000,
    "interestExpense": 10824000,
    "depreciationAndAmortization": 34764000,
    "ebitda": 23371000,
    "ebitdaratio": 0.0770709669,
    "operatingIncome": -67913000,
    "operatingIncomeRatio": -0.2239579211,
    "totalOtherIncomeExpensesNet": -5219000,
    "incomeBeforeTax": -73084000,
    "incomeBeforeTaxRatio": -0.2410104208,
    "incomeTaxExpense": -4293000,
    "netIncome": -68043000,
    "netIncomeRatio": -0.2243866245,
    "eps": -0.35,
    "epsdiluted": -0.35,
    "weightedAverageShsOut": 195515000,
    "weightedAverageShsOutDil": 195515000,
    "link": "https://www.sec.gov/Archives/edgar/data/1014473/000119312508171719/0001193125-08-171719-index.htm",
    "finalLink": "https://www.sec.gov/Archives/edgar/data/1014473/000119312508171719/d10q.htm"
  },
  {
    "date": "2008-03-31",
    "symbol": "VRSN",
    "reportedCurrency": "USD",
    "cik": "0001014473",
    "fillingDate": "2008-05-12",
    "acceptedDate": "2008-05-12 16:43:06",
    "calendarYear": "2008",
    "period": "Q1",
    "revenue": 354281000,
    "costOfRevenue": 124234000,
    "grossProfit": 230047000,
    "grossProfitRatio": 0.64933485,
    "researchAndDevelopmentExpenses": 38351000,
    "generalAndAdministrativeExpenses": 130898000,
    "sellingAndMarketingExpenses": 0,
    "sellingGeneralAndAdministrativeExpenses": 130898000,
    "otherExpenses": 8000,
    "operatingExpenses": 176821000,
    "costAndExpenses": 301055000,
    "interestIncome": 0,
    "interestExpense": 0,
    "depreciationAndAmortization": 43772000,
    "ebitda": 79674000,
    "ebitdaratio": 0.2248892828,
    "operatingIncome": 30562000,
    "operatingIncomeRatio": 0.0862648576,
    "totalOtherIncomeExpensesNet": -3639000,
    "incomeBeforeTax": 28704000,
    "incomeBeforeTaxRatio": 0.0810204329,
    "incomeTaxExpense": 13399000,
    "netIncome": -18587000,
    "netIncomeRatio": -0.0524640046,
    "eps": -0.09,
    "epsdiluted": -0.0883,
    "weightedAverageShsOut": 206550000,
    "weightedAverageShsOutDil": 210471000,
    "link": "https://www.sec.gov/Archives/edgar/data/1014473/000119312508111565/0001193125-08-111565-index.htm",
    "finalLink": "https://www.sec.gov/Archives/edgar/data/1014473/000119312508111565/d10q.htm"
  },
  {
    "date": "2007-12-31",
    "symbol": "VRSN",
    "reportedCurrency": "USD",
    "cik": "0001014473",
    "fillingDate": "2008-02-29",
    "acceptedDate": "2008-02-29 17:02:26",
    "calendarYear": "2007",
    "period": "Q4",
    "revenue": 386436000,
    "costOfRevenue": 148057000,
    "grossProfit": 238379000,
    "grossProfitRatio": 0.6168654059,
    "researchAndDevelopmentExpenses": 38873000,
    "generalAndAdministrativeExpenses": 156650000,
    "sellingAndMarketingExpenses": 0,
    "sellingGeneralAndAdministrativeExpenses": 156650000,
    "otherExpenses": 408325000,
    "operatingExpenses": 554931000,
    "costAndExpenses": 702988000,
    "interestIncome": 0,
    "interestExpense": 0,
    "depreciationAndAmortization": 55617000,
    "ebitda": -260935000,
    "ebitdaratio": -0.675234709,
    "operatingIncome": -230579000,
    "operatingIncomeRatio": -0.5966809511,
    "totalOtherIncomeExpensesNet": 7727000,
    "incomeBeforeTax": -222852000,
    "incomeBeforeTaxRatio": -0.576685402,
    "incomeTaxExpense": -12791000,
    "netIncome": -215542000,
    "netIncomeRatio": -0.5577689449,
    "eps": -1.04,
    "epsdiluted": -1.02,
    "weightedAverageShsOut": 206550000,
    "weightedAverageShsOutDil": 210471000,
    "link": "https://www.sec.gov/Archives/edgar/data/1014473/000119312508043862/0001193125-08-043862-index.htm",
    "finalLink": "https://www.sec.gov/Archives/edgar/data/1014473/000119312508043862/d10k.htm"
  },
  {
    "date": "2007-09-30",
    "symbol": "VRSN",
    "reportedCurrency": "USD",
    "cik": "0001014473",
    "fillingDate": "2007-11-05",
    "acceptedDate": "2007-11-02 19:22:48",
    "calendarYear": "2007",
    "period": "Q3",
    "revenue": 373587000,
    "costOfRevenue": 149984000,
    "grossProfit": 223603000,
    "grossProfitRatio": 0.5985299274,
    "researchAndDevelopmentExpenses": 39897000,
    "generalAndAdministrativeExpenses": 124541000,
    "sellingAndMarketingExpenses": 0,
    "sellingGeneralAndAdministrativeExpenses": 124541000,
    "otherExpenses": 31243000,
    "operatingExpenses": 193675000,
    "costAndExpenses": 343659000,
    "interestIncome": 0,
    "interestExpense": 0,
    "depreciationAndAmortization": 58868000,
    "ebitda": 69673000,
    "ebitdaratio": 0.1864973888,
    "operatingIncome": 27922000,
    "operatingIncomeRatio": 0.0747402881,
    "totalOtherIncomeExpensesNet": -15044000,
    "incomeBeforeTax": 21718000,
    "incomeBeforeTaxRatio": 0.0581337145,
    "incomeTaxExpense": 3501000,
    "netIncome": 19004000,
    "netIncomeRatio": 0.0508690078,
    "eps": 0.06,
    "epsdiluted": 0.06,
    "weightedAverageShsOut": 240054000,
    "weightedAverageShsOutDil": 245537000,
    "link": "https://www.sec.gov/Archives/edgar/data/1014473/000119312507234077/0001193125-07-234077-index.htm",
    "finalLink": "https://www.sec.gov/Archives/edgar/data/1014473/000119312507234077/d10q.htm"
  },
  {
    "date": "2007-06-30",
    "symbol": "VRSN",
    "reportedCurrency": "USD",
    "cik": "0001014473",
    "fillingDate": "2007-08-09",
    "acceptedDate": "2007-08-09 16:00:02",
    "calendarYear": "2007",
    "period": "Q2",
    "revenue": 363217000,
    "costOfRevenue": 147836000,
    "grossProfit": 215381000,
    "grossProfitRatio": 0.592981606,
    "researchAndDevelopmentExpenses": 36254000,
    "generalAndAdministrativeExpenses": 141032000,
    "sellingAndMarketingExpenses": 0,
    "sellingGeneralAndAdministrativeExpenses": 141032000,
    "otherExpenses": 44848000,
    "operatingExpenses": 206955000,
    "costAndExpenses": 354791000,
    "interestIncome": 0,
    "interestExpense": 0,
    "depreciationAndAmortization": 57057000,
    "ebitda": 48141000,
    "ebitdaratio": 0.1325406024,
    "operatingIncome": -6753000,
    "operatingIncomeRatio": -0.0185921914,
    "totalOtherIncomeExpensesNet": -4548000,
    "incomeBeforeTax": 4096000,
    "incomeBeforeTaxRatio": 0.0112770052,
    "incomeTaxExpense": 11608000,
    "netIncome": -4717000,
    "netIncomeRatio": -0.0129867269,
    "eps": -0.0193,
    "epsdiluted": -0.0193,
    "weightedAverageShsOut": 243846000,
    "weightedAverageShsOutDil": 243846000,
    "link": "https://www.sec.gov/Archives/edgar/data/1014473/000119312507177427/0001193125-07-177427-index.htm",
    "finalLink": "https://www.sec.gov/Archives/edgar/data/1014473/000119312507177427/d10q.htm"
  },
  {
    "date": "2007-03-31",
    "symbol": "VRSN",
    "reportedCurrency": "USD",
    "cik": "0001014473",
    "fillingDate": "2007-07-16",
    "acceptedDate": "2007-07-16 08:54:29",
    "calendarYear": "2007",
    "period": "Q1",
    "revenue": 373049000,
    "costOfRevenue": 150640000,
    "grossProfit": 222409000,
    "grossProfitRatio": 0.5961924573,
    "researchAndDevelopmentExpenses": 45162000,
    "generalAndAdministrativeExpenses": 130539000,
    "sellingAndMarketingExpenses": 0,
    "sellingGeneralAndAdministrativeExpenses": 130539000,
    "otherExpenses": 58799000,
    "operatingExpenses": 207488000,
    "costAndExpenses": 358128000,
    "interestIncome": 0,
    "interestExpense": 0,
    "depreciationAndAmortization": 59963000,
    "ebitda": 20509000,
    "ebitdaratio": 0.0549766921,
    "operatingIncome": -12091000,
    "operatingIncomeRatio": -0.0324112918,
    "totalOtherIncomeExpensesNet": 83753000,
    "incomeBeforeTax": 70515000,
    "incomeBeforeTaxRatio": 0.1890234259,
    "incomeTaxExpense": 8762000,
    "netIncome": 61753000,
    "netIncomeRatio": 0.1655358947,
    "eps": 0.25,
    "epsdiluted": 0.25,
    "weightedAverageShsOut": 243852000,
    "weightedAverageShsOutDil": 248357000,
    "link": "https://www.sec.gov/Archives/edgar/data/1014473/000119312507155242/0001193125-07-155242-index.htm",
    "finalLink": "https://www.sec.gov/Archives/edgar/data/1014473/000119312507155242/d10q.htm"
  },
  {
    "date": "2006-12-31",
    "symbol": "VRSN",
    "reportedCurrency": "USD",
    "cik": "0001014473",
    "fillingDate": "2007-07-12",
    "acceptedDate": "2007-07-12 17:11:32",
    "calendarYear": "2006",
    "period": "Q4",
    "revenue": 412228000,
    "costOfRevenue": 150076000,
    "grossProfit": 262152000,
    "grossProfitRatio": 0.6359393345,
    "researchAndDevelopmentExpenses": 36834000,
    "generalAndAdministrativeExpenses": 166351000,
    "sellingAndMarketingExpenses": 0,
    "sellingGeneralAndAdministrativeExpenses": 166351000,
    "otherExpenses": 134996000,
    "operatingExpenses": 235143000,
    "costAndExpenses": 385219000,
    "interestIncome": 0,
    "interestExpense": 0,
    "depreciationAndAmortization": 62448000,
    "ebitda": 89457000,
    "ebitdaratio": 0.2170085487,
    "operatingIncome": 27201000,
    "operatingIncomeRatio": 0.0659853285,
    "totalOtherIncomeExpensesNet": 4131000,
    "incomeBeforeTax": 31332000,
    "incomeBeforeTaxRatio": 0.0760064818,
    "incomeTaxExpense": 60842000,
    "netIncome": -29532000,
    "netIncomeRatio": -0.0716399662,
    "eps": -0.12,
    "epsdiluted": -0.12,
    "weightedAverageShsOut": 243852000,
    "weightedAverageShsOutDil": 248357000,
    "link": "https://www.sec.gov/Archives/edgar/data/1014473/000119312507154202/0001193125-07-154202-index.htm",
    "finalLink": "https://www.sec.gov/Archives/edgar/data/1014473/000119312507154202/d10k.htm"
  },
  {
    "date": "2006-09-30",
    "symbol": "VRSN",
    "reportedCurrency": "USD",
    "cik": "0001014473",
    "fillingDate": "2007-07-12",
    "acceptedDate": "2007-07-12 17:02:13",
    "calendarYear": "2006",
    "period": "Q3",
    "revenue": 399513000,
    "costOfRevenue": 144480000,
    "grossProfit": 255033000,
    "grossProfitRatio": 0.6383597029,
    "researchAndDevelopmentExpenses": 33188000,
    "generalAndAdministrativeExpenses": 164258000,
    "sellingAndMarketingExpenses": 0,
    "sellingGeneralAndAdministrativeExpenses": 164258000,
    "otherExpenses": 32093000,
    "operatingExpenses": 228423000,
    "costAndExpenses": 372903000,
    "interestIncome": 0,
    "interestExpense": 0,
    "depreciationAndAmortization": 59324000,
    "ebitda": 84428000,
    "ebitdaratio": 0.211327291,
    "operatingIncome": 25494000,
    "operatingIncomeRatio": 0.063812692,
    "totalOtherIncomeExpensesNet": 3009000,
    "incomeBeforeTax": 29530000,
    "incomeBeforeTaxRatio": 0.0739149915,
    "incomeTaxExpense": 14423000,
    "netIncome": 15274000,
    "netIncomeRatio": 0.0382315469,
    "eps": 0.06,
    "epsdiluted": 0.06,
    "weightedAverageShsOut": 243536000,
    "weightedAverageShsOutDil": 245657000,
    "link": "https://www.sec.gov/Archives/edgar/data/1014473/000119312507154190/0001193125-07-154190-index.htm",
    "finalLink": "https://www.sec.gov/Archives/edgar/data/1014473/000119312507154190/d10q.htm"
  },
  {
    "date": "2006-06-30",
    "symbol": "VRSN",
    "reportedCurrency": "USD",
    "cik": "0001014473",
    "fillingDate": "2007-07-12",
    "acceptedDate": "2007-07-12 17:00:14",
    "calendarYear": "2006",
    "period": "Q2",
    "revenue": 390690000,
    "costOfRevenue": 147149000,
    "grossProfit": 243541000,
    "grossProfitRatio": 0.6233612327,
    "researchAndDevelopmentExpenses": 31041000,
    "generalAndAdministrativeExpenses": 152417000,
    "sellingAndMarketingExpenses": 0,
    "sellingGeneralAndAdministrativeExpenses": 152417000,
    "otherExpenses": 28828000,
    "operatingExpenses": 215290000,
    "costAndExpenses": 362439000,
    "interestIncome": 0,
    "interestExpense": 0,
    "depreciationAndAmortization": 57313000,
    "ebitda": 84304000,
    "ebitdaratio": 0.2157823338,
    "operatingIncome": 31255000,
    "operatingIncomeRatio": 0.0799994881,
    "totalOtherIncomeExpensesNet": 3853000,
    "incomeBeforeTax": 35724000,
    "incomeBeforeTaxRatio": 0.0914382247,
    "incomeTaxExpense": -340972000,
    "netIncome": 376787000,
    "netIncomeRatio": 0.9644142415,
    "eps": 1.54,
    "epsdiluted": 1.52,
    "weightedAverageShsOut": 244744000,
    "weightedAverageShsOutDil": 247252000,
    "link": "https://www.sec.gov/Archives/edgar/data/1014473/000119312507154186/0001193125-07-154186-index.htm",
    "finalLink": "https://www.sec.gov/Archives/edgar/data/1014473/000119312507154186/d10q.htm"
  },
  {
    "date": "2006-03-31",
    "symbol": "VRSN",
    "reportedCurrency": "USD",
    "cik": "0001014473",
    "fillingDate": "2006-05-10",
    "acceptedDate": "2006-05-10 16:30:46",
    "calendarYear": "2006",
    "period": "Q1",
    "revenue": 373604000,
    "costOfRevenue": 138912000,
    "grossProfit": 234692000,
    "grossProfitRatio": 0.6281838524,
    "researchAndDevelopmentExpenses": 28033000,
    "generalAndAdministrativeExpenses": 148880000,
    "sellingAndMarketingExpenses": 0,
    "sellingGeneralAndAdministrativeExpenses": 148880000,
    "otherExpenses": 42309000,
    "operatingExpenses": 206863000,
    "costAndExpenses": 345775000,
    "interestIncome": 0,
    "interestExpense": 0,
    "depreciationAndAmortization": 52444000,
    "ebitda": 65785000,
    "ebitdaratio": 0.1760821619,
    "operatingIncome": 15470000,
    "operatingIncomeRatio": 0.0414074796,
    "totalOtherIncomeExpensesNet": 25231000,
    "incomeBeforeTax": 43620000,
    "incomeBeforeTaxRatio": 0.1167546386,
    "incomeTaxExpense": 24627000,
    "netIncome": 19771000,
    "netIncomeRatio": 0.052919669,
    "eps": 0.07,
    "epsdiluted": 0.07,
    "weightedAverageShsOut": 245603000,
    "weightedAverageShsOutDil": 248083000,
    "link": "https://www.sec.gov/Archives/edgar/data/1014473/000119312506107677/0001193125-06-107677-index.htm",
    "finalLink": "https://www.sec.gov/Archives/edgar/data/1014473/000119312506107677/d10q.htm"
  },
  {
    "date": "2005-12-31",
    "symbol": "VRSN",
    "reportedCurrency": "USD",
    "cik": "0001014473",
    "fillingDate": "2006-03-13",
    "acceptedDate": "2006-03-10 19:24:42",
    "calendarYear": "2005",
    "period": "Q4",
    "revenue": 348907000,
    "costOfRevenue": 121547000,
    "grossProfit": 227360000,
    "grossProfitRatio": 0.6516349629,
    "researchAndDevelopmentExpenses": 18888000,
    "generalAndAdministrativeExpenses": 146324000,
    "sellingAndMarketingExpenses": 0,
    "sellingGeneralAndAdministrativeExpenses": 146324000,
    "otherExpenses": 130361000,
    "operatingExpenses": 192954000,
    "costAndExpenses": 314501000,
    "interestIncome": 0,
    "interestExpense": 0,
    "depreciationAndAmortization": 54089000,
    "ebitda": 88495000,
    "ebitdaratio": 0.2536349228,
    "operatingIncome": 10312000,
    "operatingIncomeRatio": 0.0295551537,
    "totalOtherIncomeExpensesNet": 6421000,
    "incomeBeforeTax": 16733000,
    "incomeBeforeTaxRatio": 0.0479583385,
    "incomeTaxExpense": 13199000,
    "netIncome": 271417000,
    "netIncomeRatio": 0.7779064335,
    "eps": 1.11,
    "epsdiluted": 1.09,
    "weightedAverageShsOut": 245603000,
    "weightedAverageShsOutDil": 248905000,
    "link": "https://www.sec.gov/Archives/edgar/data/1014473/000119312506051312/0001193125-06-051312-index.htm",
    "finalLink": "https://www.sec.gov/Archives/edgar/data/1014473/000119312506051312/d10k.htm"
  },
  {
    "date": "2005-09-30",
    "symbol": "VRSN",
    "reportedCurrency": "USD",
    "cik": "0001014473",
    "fillingDate": "2005-11-09",
    "acceptedDate": "2005-11-09 14:50:06",
    "calendarYear": "2005",
    "period": "Q3",
    "revenue": 414766000,
    "costOfRevenue": 129281000,
    "grossProfit": 285485000,
    "grossProfitRatio": 0.6883037665,
    "researchAndDevelopmentExpenses": 27460000,
    "generalAndAdministrativeExpenses": 166700000,
    "sellingAndMarketingExpenses": 0,
    "sellingGeneralAndAdministrativeExpenses": 166700000,
    "otherExpenses": 28572000,
    "operatingExpenses": 220395000,
    "costAndExpenses": 349676000,
    "interestIncome": 0,
    "interestExpense": 0,
    "depreciationAndAmortization": 50205000,
    "ebitda": 103213000,
    "ebitdaratio": 0.2488463375,
    "operatingIncome": 62753000,
    "operatingIncomeRatio": 0.151297358,
    "totalOtherIncomeExpensesNet": 13198000,
    "incomeBeforeTax": 75951000,
    "incomeBeforeTaxRatio": 0.1831177097,
    "incomeTaxExpense": 31377000,
    "netIncome": 44574000,
    "netIncomeRatio": 0.1074678252,
    "eps": 0.22,
    "epsdiluted": 0.21,
    "weightedAverageShsOut": 260369000,
    "weightedAverageShsOutDil": 266079000,
    "link": "https://www.sec.gov/Archives/edgar/data/1014473/000119312505221366/0001193125-05-221366-index.htm",
    "finalLink": "https://www.sec.gov/Archives/edgar/data/1014473/000119312505221366/d10q.htm"
  },
  {
    "date": "2005-06-30",
    "symbol": "VRSN",
    "reportedCurrency": "USD",
    "cik": "0001014473",
    "fillingDate": "2005-08-09",
    "acceptedDate": "2005-08-09 15:28:24",
    "calendarYear": "2005",
    "period": "Q2",
    "revenue": 444830000,
    "costOfRevenue": 136555000,
    "grossProfit": 308275000,
    "grossProfitRatio": 0.6930175573,
    "researchAndDevelopmentExpenses": 26974000,
    "generalAndAdministrativeExpenses": 190361000,
    "sellingAndMarketingExpenses": 0,
    "sellingGeneralAndAdministrativeExpenses": 190361000,
    "otherExpenses": 28988000,
    "operatingExpenses": 242156000,
    "costAndExpenses": 378711000,
    "interestIncome": 0,
    "interestExpense": 0,
    "depreciationAndAmortization": 48441000,
    "ebitda": 107356000,
    "ebitdaratio": 0.2413416361,
    "operatingIncome": 61952000,
    "operatingIncomeRatio": 0.1392711822,
    "totalOtherIncomeExpensesNet": 13036000,
    "incomeBeforeTax": 74988000,
    "incomeBeforeTaxRatio": 0.1685767597,
    "incomeTaxExpense": 33693000,
    "netIncome": 41295000,
    "netIncomeRatio": 0.0928332172,
    "eps": 0.15,
    "epsdiluted": 0.15,
    "weightedAverageShsOut": 263268000,
    "weightedAverageShsOutDil": 271173000,
    "link": "https://www.sec.gov/Archives/edgar/data/1014473/000119312505162487/0001193125-05-162487-index.htm",
    "finalLink": "https://www.sec.gov/Archives/edgar/data/1014473/000119312505162487/d10q.htm"
  },
  {
    "date": "2005-03-31",
    "symbol": "VRSN",
    "reportedCurrency": "USD",
    "cik": "0001014473",
    "fillingDate": "2005-05-10",
    "acceptedDate": "2005-05-10 14:51:34",
    "calendarYear": "2005",
    "period": "Q1",
    "revenue": 400991000,
    "costOfRevenue": 124842000,
    "grossProfit": 276149000,
    "grossProfitRatio": 0.6886663292,
    "researchAndDevelopmentExpenses": 22017000,
    "generalAndAdministrativeExpenses": 171755000,
    "sellingAndMarketingExpenses": 0,
    "sellingGeneralAndAdministrativeExpenses": 171755000,
    "otherExpenses": 20965000,
    "operatingExpenses": 216612000,
    "costAndExpenses": 341454000,
    "interestIncome": 0,
    "interestExpense": 0,
    "depreciationAndAmortization": 44524000,
    "ebitda": 98084000,
    "ebitdaratio": 0.2446039936,
    "operatingIncome": 61412000,
    "operatingIncomeRatio": 0.1531505695,
    "totalOtherIncomeExpensesNet": 14149000,
    "incomeBeforeTax": 75561000,
    "incomeBeforeTaxRatio": 0.1884356507,
    "incomeTaxExpense": 26386000,
    "netIncome": 49175000,
    "netIncomeRatio": 0.1226336751,
    "eps": 0.19,
    "epsdiluted": 0.19,
    "weightedAverageShsOut": 253989000,
    "weightedAverageShsOutDil": 262434000,
    "link": "https://www.sec.gov/Archives/edgar/data/1014473/000119312505102560/0001193125-05-102560-index.htm",
    "finalLink": "https://www.sec.gov/Archives/edgar/data/1014473/000119312505102560/d10q.htm"
  },
  {
    "date": "2004-12-31",
    "symbol": "VRSN",
    "reportedCurrency": "USD",
    "cik": "0001014473",
    "fillingDate": "2005-03-16",
    "acceptedDate": "2005-03-16 13:43:08",
    "calendarYear": "2004",
    "period": "Q4",
    "revenue": 355986000,
    "costOfRevenue": 129097000,
    "grossProfit": 226889000,
    "grossProfitRatio": 0.6373537162,
    "researchAndDevelopmentExpenses": 17689000,
    "generalAndAdministrativeExpenses": 134847000,
    "sellingAndMarketingExpenses": 0,
    "sellingGeneralAndAdministrativeExpenses": 134847000,
    "otherExpenses": 104220000,
    "operatingExpenses": 175853000,
    "costAndExpenses": 304950000,
    "interestIncome": 10151000,
    "interestExpense": 0,
    "depreciationAndAmortization": 44509000,
    "ebitda": 95545000,
    "ebitdaratio": 0.2683953863,
    "operatingIncome": 45876000,
    "operatingIncomeRatio": 0.1288702365,
    "totalOtherIncomeExpensesNet": 80050000,
    "incomeBeforeTax": 125926000,
    "incomeBeforeTaxRatio": 0.3537386302,
    "incomeTaxExpense": 11114000,
    "netIncome": 114812000,
    "netIncomeRatio": 0.3225183013,
    "eps": 0.45,
    "epsdiluted": 0.44,
    "weightedAverageShsOut": 253989000,
    "weightedAverageShsOutDil": 262338000,
    "link": "https://www.sec.gov/Archives/edgar/data/1014473/000119312505052424/0001193125-05-052424-index.htm",
    "finalLink": "https://www.sec.gov/Archives/edgar/data/1014473/000119312505052424/d10k.htm"
  },
  {
    "date": "2004-09-30",
    "symbol": "VRSN",
    "reportedCurrency": "USD",
    "cik": "0001014473",
    "fillingDate": "2004-11-09",
    "acceptedDate": "2004-11-09 13:14:29",
    "calendarYear": "2004",
    "period": "Q3",
    "revenue": 325311000,
    "costOfRevenue": 121945000,
    "grossProfit": 203366000,
    "grossProfitRatio": 0.6251433244,
    "researchAndDevelopmentExpenses": 17697000,
    "generalAndAdministrativeExpenses": 122704000,
    "sellingAndMarketingExpenses": 0,
    "sellingGeneralAndAdministrativeExpenses": 122704000,
    "otherExpenses": 30529000,
    "operatingExpenses": 163191000,
    "costAndExpenses": 285136000,
    "interestIncome": 0,
    "interestExpense": 0,
    "depreciationAndAmortization": 45931000,
    "ebitda": 86106000,
    "ebitdaratio": 0.2646882522,
    "operatingIncome": 32436000,
    "operatingIncomeRatio": 0.0997076644,
    "totalOtherIncomeExpensesNet": 586000,
    "incomeBeforeTax": 33022000,
    "incomeBeforeTaxRatio": 0.1015090175,
    "incomeTaxExpense": -7376000,
    "netIncome": 40398000,
    "netIncomeRatio": 0.1241827052,
    "eps": 0.16,
    "epsdiluted": 0.16,
    "weightedAverageShsOut": 254146000,
    "weightedAverageShsOutDil": 259728000,
    "link": "https://www.sec.gov/Archives/edgar/data/1014473/000119312504190869/0001193125-04-190869-index.htm",
    "finalLink": "https://www.sec.gov/Archives/edgar/data/1014473/000119312504190869/d10q.htm"
  },
  {
    "date": "2004-06-30",
    "symbol": "VRSN",
    "reportedCurrency": "USD",
    "cik": "0001014473",
    "fillingDate": "2004-08-09",
    "acceptedDate": "2004-08-09 14:55:26",
    "calendarYear": "2004",
    "period": "Q2",
    "revenue": 256045000,
    "costOfRevenue": 102235000,
    "grossProfit": 153810000,
    "grossProfitRatio": 0.6007147181,
    "researchAndDevelopmentExpenses": 15253000,
    "generalAndAdministrativeExpenses": 85442000,
    "sellingAndMarketingExpenses": 0,
    "sellingGeneralAndAdministrativeExpenses": 85442000,
    "otherExpenses": 14597000,
    "operatingExpenses": 118918000,
    "costAndExpenses": 221153000,
    "interestIncome": 0,
    "interestExpense": 0,
    "depreciationAndAmortization": 40519000,
    "ebitda": 75411000,
    "ebitdaratio": 0.2945224472,
    "operatingIncome": 38518000,
    "operatingIncomeRatio": 0.1504344939,
    "totalOtherIncomeExpensesNet": 702000,
    "incomeBeforeTax": 39220000,
    "incomeBeforeTaxRatio": 0.1531761995,
    "incomeTaxExpense": 17275000,
    "netIncome": 21945000,
    "netIncomeRatio": 0.0857075905,
    "eps": 0.09,
    "epsdiluted": 0.09,
    "weightedAverageShsOut": 249357000,
    "weightedAverageShsOutDil": 253068000,
    "link": "https://www.sec.gov/Archives/edgar/data/1014473/000119312504135745/0001193125-04-135745-index.htm",
    "finalLink": "https://www.sec.gov/Archives/edgar/data/1014473/000119312504135745/d10q.htm"
  },
  {
    "date": "2004-03-31",
    "symbol": "VRSN",
    "reportedCurrency": "USD",
    "cik": "0001014473",
    "fillingDate": "2004-05-06",
    "acceptedDate": "2004-05-06 17:25:52",
    "calendarYear": "2004",
    "period": "Q1",
    "revenue": 229113000,
    "costOfRevenue": 91482000,
    "grossProfit": 137631000,
    "grossProfitRatio": 0.6007123123,
    "researchAndDevelopmentExpenses": 16707000,
    "generalAndAdministrativeExpenses": 75409000,
    "sellingAndMarketingExpenses": 0,
    "sellingGeneralAndAdministrativeExpenses": 75409000,
    "otherExpenses": 30617000,
    "operatingExpenses": 107226000,
    "costAndExpenses": 198708000,
    "interestIncome": 0,
    "interestExpense": 0,
    "depreciationAndAmortization": 37258000,
    "ebitda": 67663000,
    "ebitdaratio": 0.2953258872,
    "operatingIncome": 14898000,
    "operatingIncomeRatio": 0.0650246821,
    "totalOtherIncomeExpensesNet": 739000,
    "incomeBeforeTax": 15637000,
    "incomeBeforeTaxRatio": 0.0682501648,
    "incomeTaxExpense": 6567000,
    "netIncome": 9070000,
    "netIncomeRatio": 0.0395874525,
    "eps": 0.04,
    "epsdiluted": 0.04,
    "weightedAverageShsOut": 244362000,
    "weightedAverageShsOutDil": 248162000,
    "link": "https://www.sec.gov/Archives/edgar/data/1014473/000119312504080761/0001193125-04-080761-index.htm",
    "finalLink": "https://www.sec.gov/Archives/edgar/data/1014473/000119312504080761/d10q.htm"
  },
  {
    "date": "2003-12-31",
    "symbol": "VRSN",
    "reportedCurrency": "USD",
    "cik": "0001014473",
    "fillingDate": "2004-03-15",
    "acceptedDate": "2004-03-15 13:01:32",
    "calendarYear": "2003",
    "period": "Q4",
    "revenue": 251600000,
    "costOfRevenue": 100376000,
    "grossProfit": 151224000,
    "grossProfitRatio": 0.6010492846,
    "researchAndDevelopmentExpenses": 14956000,
    "generalAndAdministrativeExpenses": 80429000,
    "sellingAndMarketingExpenses": 0,
    "sellingGeneralAndAdministrativeExpenses": 80429000,
    "otherExpenses": 417307000,
    "operatingExpenses": 128297000,
    "costAndExpenses": 228673000,
    "interestIncome": 0,
    "interestExpense": 0,
    "depreciationAndAmortization": 52640000,
    "ebitda": 75567000,
    "ebitdaratio": 0.300345787,
    "operatingIncome": -20290000,
    "operatingIncomeRatio": -0.0806438792,
    "totalOtherIncomeExpensesNet": 2234000,
    "incomeBeforeTax": -18056000,
    "incomeBeforeTaxRatio": -0.0717647059,
    "incomeTaxExpense": 14234000,
    "netIncome": -32290000,
    "netIncomeRatio": -0.1283386328,
    "eps": -0.13,
    "epsdiluted": -0.13,
    "weightedAverageShsOut": 244362000,
    "weightedAverageShsOutDil": 248162000,
    "link": "https://www.sec.gov/Archives/edgar/data/1014473/000119312504041888/0001193125-04-041888-index.htm",
    "finalLink": "https://www.sec.gov/Archives/edgar/data/1014473/000119312504041888/d10k.htm"
  },
  {
    "date": "2003-09-30",
    "symbol": "VRSN",
    "reportedCurrency": "USD",
    "cik": "0001014473",
    "fillingDate": "2003-11-14",
    "acceptedDate": "2003-11-14 15:14:15",
    "calendarYear": "2003",
    "period": "Q3",
    "revenue": 268123000,
    "costOfRevenue": 114413000,
    "grossProfit": 153710000,
    "grossProfitRatio": 0.5732816655,
    "researchAndDevelopmentExpenses": 13820000,
    "generalAndAdministrativeExpenses": 91084000,
    "sellingAndMarketingExpenses": 0,
    "sellingGeneralAndAdministrativeExpenses": 91084000,
    "otherExpenses": 77721000,
    "operatingExpenses": 182625000,
    "costAndExpenses": 297038000,
    "interestIncome": 0,
    "interestExpense": 0,
    "depreciationAndAmortization": 107675000,
    "ebitda": 78760000,
    "ebitdaratio": 0.2937457809,
    "operatingIncome": -28915000,
    "operatingIncomeRatio": -0.1078422963,
    "totalOtherIncomeExpensesNet": 1068000,
    "incomeBeforeTax": -27847000,
    "incomeBeforeTaxRatio": -0.1038590498,
    "incomeTaxExpense": 3456000,
    "netIncome": -31303000,
    "netIncomeRatio": -0.1167486564,
    "eps": -0.13,
    "epsdiluted": -0.13,
    "weightedAverageShsOut": 240370000,
    "weightedAverageShsOutDil": 240370000,
    "link": "https://www.sec.gov/Archives/edgar/data/1014473/000119312503081854/0001193125-03-081854-index.htm",
    "finalLink": "https://www.sec.gov/Archives/edgar/data/1014473/000119312503081854/d10q.htm"
  },
  {
    "date": "2003-06-30",
    "symbol": "VRSN",
    "reportedCurrency": "USD",
    "cik": "0001014473",
    "fillingDate": "2003-08-14",
    "acceptedDate": "2003-08-14 12:56:48",
    "calendarYear": "2003",
    "period": "Q2",
    "revenue": 265299000,
    "costOfRevenue": 115589000,
    "grossProfit": 149710000,
    "grossProfitRatio": 0.5643066879,
    "researchAndDevelopmentExpenses": 13253000,
    "generalAndAdministrativeExpenses": 92770000,
    "sellingAndMarketingExpenses": 0,
    "sellingGeneralAndAdministrativeExpenses": 92770000,
    "otherExpenses": 188042000,
    "operatingExpenses": 283162000,
    "costAndExpenses": 398751000,
    "interestIncome": 0,
    "interestExpense": 0,
    "depreciationAndAmortization": 208238000,
    "ebitda": 74786000,
    "ebitdaratio": 0.2818932601,
    "operatingIncome": -144355000,
    "operatingIncomeRatio": -0.5441219153,
    "totalOtherIncomeExpensesNet": 2316000,
    "incomeBeforeTax": -142039000,
    "incomeBeforeTaxRatio": -0.5353921425,
    "incomeTaxExpense": 811000,
    "netIncome": -142850000,
    "netIncomeRatio": -0.5384490707,
    "eps": -0.6,
    "epsdiluted": -0.6,
    "weightedAverageShsOut": 238898000,
    "weightedAverageShsOutDil": 238898000,
    "link": "https://www.sec.gov/Archives/edgar/data/1014473/000119312503037516/0001193125-03-037516-index.htm",
    "finalLink": "https://www.sec.gov/Archives/edgar/data/1014473/000119312503037516/d10q.htm"
  },
  {
    "date": "2003-03-31",
    "symbol": "VRSN",
    "reportedCurrency": "USD",
    "cik": "0001014473",
    "fillingDate": "2003-05-14",
    "acceptedDate": "2003-05-14 13:38:44",
    "calendarYear": "2003",
    "period": "Q1",
    "revenue": 269758000,
    "costOfRevenue": 115829000,
    "grossProfit": 153929000,
    "grossProfitRatio": 0.570618851,
    "researchAndDevelopmentExpenses": 13777000,
    "generalAndAdministrativeExpenses": 99427000,
    "sellingAndMarketingExpenses": 0,
    "sellingGeneralAndAdministrativeExpenses": 99427000,
    "otherExpenses": 75415000,
    "operatingExpenses": 168106000,
    "costAndExpenses": 283935000,
    "interestIncome": 0,
    "interestExpense": 0,
    "depreciationAndAmortization": 88817000,
    "ebitda": 74640000,
    "ebitdaratio": 0.2766924429,
    "operatingIncome": -34690000,
    "operatingIncomeRatio": -0.1285967423,
    "totalOtherIncomeExpensesNet": -13894000,
    "incomeBeforeTax": -48584000,
    "incomeBeforeTaxRatio": -0.1801021656,
    "incomeTaxExpense": 4852000,
    "netIncome": -53436000,
    "netIncomeRatio": -0.1980886572,
    "eps": -0.22,
    "epsdiluted": -0.22,
    "weightedAverageShsOut": 238208000,
    "weightedAverageShsOutDil": 238208000,
    "link": "https://www.sec.gov/Archives/edgar/data/1014473/000101287003002564/0001012870-03-002564-index.htm",
    "finalLink": "https://www.sec.gov/Archives/edgar/data/1014473/000101287003002564/d10q.htm"
  },
  {
    "date": "2002-12-31",
    "symbol": "VRSN",
    "reportedCurrency": "USD",
    "cik": "0001014473",
    "fillingDate": "2003-03-31",
    "acceptedDate": "2003-03-31 08:16:52",
    "calendarYear": "2002",
    "period": "Q4",
    "revenue": 275002000,
    "costOfRevenue": 135283000,
    "grossProfit": 139719000,
    "grossProfitRatio": 0.5080653959,
    "researchAndDevelopmentExpenses": 10948000,
    "generalAndAdministrativeExpenses": 84623000,
    "sellingAndMarketingExpenses": 0,
    "sellingGeneralAndAdministrativeExpenses": 84623000,
    "otherExpenses": 4983288000,
    "operatingExpenses": 163042000,
    "costAndExpenses": 298325000,
    "interestIncome": 0,
    "interestExpense": 0,
    "depreciationAndAmortization": 114523000,
    "ebitda": 91200000,
    "ebitdaratio": 0.3316339518,
    "operatingIncome": -38558000,
    "operatingIncomeRatio": -0.1402098894,
    "totalOtherIncomeExpensesNet": 5727000,
    "incomeBeforeTax": -32831000,
    "incomeBeforeTaxRatio": -0.1193845863,
    "incomeTaxExpense": 6133000,
    "netIncome": -39380000,
    "netIncomeRatio": -0.1431989586,
    "eps": -0.17,
    "epsdiluted": -0.17,
    "weightedAverageShsOut": 237359000,
    "weightedAverageShsOutDil": 238208000,
    "link": "https://www.sec.gov/Archives/edgar/data/1014473/000101287003001482/0001012870-03-001482-index.htm",
    "finalLink": "https://www.sec.gov/Archives/edgar/data/1014473/000101287003001482/d10k.htm"
  },
  {
    "date": "2002-09-30",
    "symbol": "VRSN",
    "reportedCurrency": "USD",
    "cik": "0001014473",
    "fillingDate": "2002-11-13",
    "acceptedDate": "2002-11-13 16:27:22",
    "calendarYear": "2002",
    "period": "Q3",
    "revenue": 301441000,
    "costOfRevenue": 140086000,
    "grossProfit": 161355000,
    "grossProfitRatio": 0.5352788771,
    "researchAndDevelopmentExpenses": 9613000,
    "generalAndAdministrativeExpenses": 113981000,
    "sellingAndMarketingExpenses": 0,
    "sellingGeneralAndAdministrativeExpenses": 113981000,
    "otherExpenses": 61761000,
    "operatingExpenses": 179795000,
    "costAndExpenses": 319881000,
    "interestIncome": 0,
    "interestExpense": 0,
    "depreciationAndAmortization": 76311000,
    "ebitda": 57871000,
    "ebitdaratio": 0.1919811837,
    "operatingIncome": -24000000,
    "operatingIncomeRatio": -0.0796175703,
    "totalOtherIncomeExpensesNet": -51430000,
    "incomeBeforeTax": -75430000,
    "incomeBeforeTaxRatio": -0.2502313886,
    "incomeTaxExpense": 4242000,
    "netIncome": -79672000,
    "netIncomeRatio": -0.2643037941,
    "eps": -0.34,
    "epsdiluted": -0.34,
    "weightedAverageShsOut": 236958000,
    "weightedAverageShsOutDil": 236958000,
    "link": "https://www.sec.gov/Archives/edgar/data/1014473/000101287002004383/0001012870-02-004383-index.htm",
    "finalLink": "https://www.sec.gov/Archives/edgar/data/1014473/000101287002004383/d10q.htm"
  },
  {
    "date": "2002-06-30",
    "symbol": "VRSN",
    "reportedCurrency": "USD",
    "cik": "0001014473",
    "fillingDate": "2002-08-14",
    "acceptedDate": "2002-08-14 14:04:15",
    "calendarYear": "2002",
    "period": "Q2",
    "revenue": 317409000,
    "costOfRevenue": 146296000,
    "grossProfit": 171113000,
    "grossProfitRatio": 0.5390930944,
    "researchAndDevelopmentExpenses": 13012000,
    "generalAndAdministrativeExpenses": 115903000,
    "sellingAndMarketingExpenses": 0,
    "sellingGeneralAndAdministrativeExpenses": 115903000,
    "otherExpenses": 4753898000,
    "operatingExpenses": 4815034000,
    "costAndExpenses": 4961330000,
    "interestIncome": 0,
    "interestExpense": 0,
    "depreciationAndAmortization": 4713623000,
    "ebitda": 69702000,
    "ebitdaratio": 0.2195967978,
    "operatingIncome": -4711700000,
    "operatingIncomeRatio": -14.8442545738,
    "totalOtherIncomeExpensesNet": -90835000,
    "incomeBeforeTax": -4802535000,
    "incomeBeforeTaxRatio": -15.1304310842,
    "incomeTaxExpense": 0,
    "netIncome": -4802535000,
    "netIncomeRatio": -15.1304310842,
    "eps": -20.31,
    "epsdiluted": -20.31,
    "weightedAverageShsOut": 236435000,
    "weightedAverageShsOutDil": 236435000,
    "link": "https://www.sec.gov/Archives/edgar/data/1014473/000101287002003472/0001012870-02-003472-index.htm",
    "finalLink": "https://www.sec.gov/Archives/edgar/data/1014473/000101287002003472/d10q.htm"
  },
  {
    "date": "2002-03-31",
    "symbol": "VRSN",
    "reportedCurrency": "USD",
    "cik": "0001014473",
    "fillingDate": "2002-05-15",
    "acceptedDate": "2002-05-15 13:42:18",
    "calendarYear": "2002",
    "period": "Q1",
    "revenue": 327816000,
    "costOfRevenue": 149702000,
    "grossProfit": 178114000,
    "grossProfitRatio": 0.5433352856,
    "researchAndDevelopmentExpenses": 14780000,
    "generalAndAdministrativeExpenses": 105786000,
    "sellingAndMarketingExpenses": 0,
    "sellingGeneralAndAdministrativeExpenses": 105786000,
    "otherExpenses": 84923000,
    "operatingExpenses": 205489000,
    "costAndExpenses": 355191000,
    "interestIncome": 0,
    "interestExpense": 0,
    "depreciationAndAmortization": 114695000,
    "ebitda": 87320000,
    "ebitdaratio": 0.2663689387,
    "operatingIncome": -27375000,
    "operatingIncomeRatio": -0.0835072114,
    "totalOtherIncomeExpensesNet": -12335000,
    "incomeBeforeTax": -39710000,
    "incomeBeforeTaxRatio": -0.121135027,
    "incomeTaxExpense": 0,
    "netIncome": -39710000,
    "netIncomeRatio": -0.121135027,
    "eps": -0.17,
    "epsdiluted": -0.17,
    "weightedAverageShsOut": 235438000,
    "weightedAverageShsOutDil": 235438000,
    "link": "https://www.sec.gov/Archives/edgar/data/1014473/000101287002002309/0001012870-02-002309-index.htm",
    "finalLink": "https://www.sec.gov/Archives/edgar/data/1014473/000101287002002309/d10q.htm"
  },
  {
    "date": "2001-12-31",
    "symbol": "VRSN",
    "reportedCurrency": "USD",
    "cik": "0001014473",
    "fillingDate": "2002-03-19",
    "acceptedDate": "2002-03-19 00:00:00",
    "calendarYear": "2001",
    "period": "Q4",
    "revenue": 283799000,
    "costOfRevenue": 105555000,
    "grossProfit": 178244000,
    "grossProfitRatio": 0.6280642286,
    "researchAndDevelopmentExpenses": 15939000,
    "generalAndAdministrativeExpenses": 104033000,
    "sellingAndMarketingExpenses": 0,
    "sellingGeneralAndAdministrativeExpenses": 104033000,
    "otherExpenses": 0,
    "operatingExpenses": 586096000,
    "costAndExpenses": 691651000,
    "interestIncome": 0,
    "interestExpense": 0,
    "depreciationAndAmortization": 492551000,
    "ebitda": 84699000,
    "ebitdaratio": 0.2984471404,
    "operatingIncome": -407852000,
    "operatingIncomeRatio": -1.4371157051,
    "totalOtherIncomeExpensesNet": -5592000,
    "incomeBeforeTax": -413444000,
    "incomeBeforeTaxRatio": -1.4568197915,
    "incomeTaxExpense": -11410000,
    "netIncome": -401110000,
    "netIncomeRatio": -1.4133594551,
    "eps": -1.7,
    "epsdiluted": -1.7,
    "weightedAverageShsOut": 235438000,
    "weightedAverageShsOutDil": 235438000,
    "link": "https://www.sec.gov/Archives/edgar/data/1014473/000101287002001292/0001012870-02-001292-index.htm",
    "finalLink": "https://www.sec.gov/Archives/edgar/data/1014473/000101287002001292/d10k.txt"
  },
  {
    "date": "2001-09-30",
    "symbol": "VRSN",
    "reportedCurrency": "USD",
    "cik": "0001014473",
    "fillingDate": "2001-11-14",
    "acceptedDate": "2001-11-14 00:00:00",
    "calendarYear": "2001",
    "period": "Q3",
    "revenue": 255155000,
    "costOfRevenue": 83518000,
    "grossProfit": 171637000,
    "grossProfitRatio": 0.6726773922,
    "researchAndDevelopmentExpenses": 21649000,
    "generalAndAdministrativeExpenses": 103053000,
    "sellingAndMarketingExpenses": 0,
    "sellingGeneralAndAdministrativeExpenses": 103053000,
    "otherExpenses": 0,
    "operatingExpenses": 584426000,
    "costAndExpenses": 667944000,
    "interestIncome": 0,
    "interestExpense": 0,
    "depreciationAndAmortization": 467954000,
    "ebitda": 55165000,
    "ebitdaratio": 0.2162019165,
    "operatingIncome": -412789000,
    "operatingIncomeRatio": -1.6177970253,
    "totalOtherIncomeExpensesNet": 16556000,
    "incomeBeforeTax": -396233000,
    "incomeBeforeTaxRatio": -1.5529109757,
    "incomeTaxExpense": -9903000,
    "netIncome": -386735000,
    "netIncomeRatio": -1.5156865435,
    "eps": -1.91,
    "epsdiluted": -1.91,
    "weightedAverageShsOut": 202894000,
    "weightedAverageShsOutDil": 202894000,
    "link": "https://www.sec.gov/Archives/edgar/data/1014473/000101287001502814/0001012870-01-502814-index.htm",
    "finalLink": "https://www.sec.gov/Archives/edgar/data/1014473/000101287001502814/d10q.txt"
  },
  {
    "date": "2001-06-30",
    "symbol": "VRSN",
    "reportedCurrency": "USD",
    "cik": "0001014473",
    "fillingDate": "2001-08-13",
    "acceptedDate": "2001-08-13 00:00:00",
    "calendarYear": "2001",
    "period": "Q2",
    "revenue": 231197000,
    "costOfRevenue": 80308000,
    "grossProfit": 150889000,
    "grossProfitRatio": 0.6526425516,
    "researchAndDevelopmentExpenses": 20659000,
    "generalAndAdministrativeExpenses": 100179000,
    "sellingAndMarketingExpenses": 0,
    "sellingGeneralAndAdministrativeExpenses": 100179000,
    "otherExpenses": 0,
    "operatingExpenses": 11389874000,
    "costAndExpenses": 11470182000,
    "interestIncome": 0,
    "interestExpense": 0,
    "depreciationAndAmortization": 11285458000,
    "ebitda": 46473000,
    "ebitdaratio": 0.2010103937,
    "operatingIncome": -11238985000,
    "operatingIncomeRatio": -48.6121575972,
    "totalOtherIncomeExpensesNet": 19151000,
    "incomeBeforeTax": -11219834000,
    "incomeBeforeTaxRatio": -48.5293234774,
    "incomeTaxExpense": -29413000,
    "netIncome": -11190730000,
    "netIncomeRatio": -48.403439491,
    "eps": -55.49,
    "epsdiluted": -55.49,
    "weightedAverageShsOut": 201675000,
    "weightedAverageShsOutDil": 201675000,
    "link": "https://www.sec.gov/Archives/edgar/data/1014473/000101706201500806/0001017062-01-500806-index.htm",
    "finalLink": "https://www.sec.gov/Archives/edgar/data/1014473/000101706201500806/d10q.txt"
  },
  {
    "date": "2001-03-31",
    "symbol": "VRSN",
    "reportedCurrency": "USD",
    "cik": "0001014473",
    "fillingDate": "2001-05-11",
    "acceptedDate": "2001-05-11 00:00:00",
    "calendarYear": "2001",
    "period": "Q1",
    "revenue": 213413000,
    "costOfRevenue": 74340000,
    "grossProfit": 139073000,
    "grossProfitRatio": 0.6516613327,
    "researchAndDevelopmentExpenses": 19887000,
    "generalAndAdministrativeExpenses": 95617000,
    "sellingAndMarketingExpenses": 0,
    "sellingGeneralAndAdministrativeExpenses": 95617000,
    "otherExpenses": 0,
    "operatingExpenses": 1490273000,
    "costAndExpenses": 1564613000,
    "interestIncome": 0,
    "interestExpense": 0,
    "depreciationAndAmortization": 1390355000,
    "ebitda": 39155000,
    "ebitdaratio": 0.1834705477,
    "operatingIncome": -1351200000,
    "operatingIncomeRatio": -6.3313856232,
    "totalOtherIncomeExpensesNet": -53163000,
    "incomeBeforeTax": -1404363000,
    "incomeBeforeTaxRatio": -6.5804941592,
    "incomeTaxExpense": -27196000,
    "netIncome": -1377377000,
    "netIncomeRatio": -6.4540445053,
    "eps": -6.9,
    "epsdiluted": -6.9,
    "weightedAverageShsOut": 199520000,
    "weightedAverageShsOutDil": 199520000,
    "link": "https://www.sec.gov/Archives/edgar/data/1014473/000101287001500729/0001012870-01-500729-index.htm",
    "finalLink": "https://www.sec.gov/Archives/edgar/data/1014473/000101287001500729/d10q.txt"
  },
  {
    "date": "2000-12-31",
    "symbol": "VRSN",
    "reportedCurrency": "USD",
    "cik": "0001014473",
    "fillingDate": "2001-03-28",
    "acceptedDate": "2001-03-28 00:00:00",
    "calendarYear": "2000",
    "period": "Q4",
    "revenue": 197355000,
    "costOfRevenue": 54106000,
    "grossProfit": 143249000,
    "grossProfitRatio": 0.7258442907,
    "researchAndDevelopmentExpenses": 15228000,
    "generalAndAdministrativeExpenses": 91623000,
    "sellingAndMarketingExpenses": 0,
    "sellingGeneralAndAdministrativeExpenses": 91623000,
    "otherExpenses": 0,
    "operatingExpenses": 1476937000,
    "costAndExpenses": 1531043000,
    "interestIncome": 0,
    "interestExpense": 0,
    "depreciationAndAmortization": 1370086000,
    "ebitda": 36398000,
    "ebitdaratio": 0.1844290745,
    "operatingIncome": -1333688000,
    "operatingIncomeRatio": -6.7578120646,
    "totalOtherIncomeExpensesNet": 35153000,
    "incomeBeforeTax": -1298535000,
    "incomeBeforeTaxRatio": -6.579691419,
    "incomeTaxExpense": -21493000,
    "netIncome": -1312195000,
    "netIncomeRatio": -6.6489067923,
    "eps": -6.64,
    "epsdiluted": -6.58,
    "weightedAverageShsOut": 197755000,
    "weightedAverageShsOutDil": 199520000,
    "link": "https://www.sec.gov/Archives/edgar/data/1014473/000101287001001360/0001012870-01-001360-index.htm",
    "finalLink": "https://www.sec.gov/Archives/edgar/data/1014473/000101287001001360/0001012870-01-001360-0001.txt"
  },
  {
    "date": "2000-09-30",
    "symbol": "VRSN",
    "reportedCurrency": "USD",
    "cik": "0001014473",
    "fillingDate": "2000-11-14",
    "acceptedDate": "2000-11-14 00:00:00",
    "calendarYear": "2000",
    "period": "Q3",
    "revenue": 173086000,
    "costOfRevenue": 52104000,
    "grossProfit": 120982000,
    "grossProfitRatio": 0.698970454,
    "researchAndDevelopmentExpenses": 14485000,
    "generalAndAdministrativeExpenses": 81843000,
    "sellingAndMarketingExpenses": 0,
    "sellingGeneralAndAdministrativeExpenses": 81843000,
    "otherExpenses": 0,
    "operatingExpenses": 1466769000,
    "costAndExpenses": 1518873000,
    "interestIncome": 0,
    "interestExpense": 0,
    "depreciationAndAmortization": 1370306000,
    "ebitda": 24654000,
    "ebitdaratio": 0.1424378633,
    "operatingIncome": -1345787000,
    "operatingIncomeRatio": -7.7752504535,
    "totalOtherIncomeExpensesNet": -1268000,
    "incomeBeforeTax": -1347055000,
    "incomeBeforeTaxRatio": -7.7825762916,
    "incomeTaxExpense": -21467000,
    "netIncome": -1324185000,
    "netIncomeRatio": -7.6504454433,
    "eps": -6.78,
    "epsdiluted": -6.78,
    "weightedAverageShsOut": 195346000,
    "weightedAverageShsOutDil": 195346000,
    "link": "https://www.sec.gov/Archives/edgar/data/1014473/000101287000005736/0001012870-00-005736-index.htm",
    "finalLink": "https://www.sec.gov/Archives/edgar/data/1014473/000101287000005736/0001012870-00-005736-0001.txt"
  },
  {
    "date": "2000-06-30",
    "symbol": "VRSN",
    "reportedCurrency": "USD",
    "cik": "0001014473",
    "fillingDate": "2000-08-09",
    "acceptedDate": "2000-08-09 00:00:00",
    "calendarYear": "2000",
    "period": "Q2",
    "revenue": 70254000,
    "costOfRevenue": 16838000,
    "grossProfit": 53416000,
    "grossProfitRatio": 0.7603268141,
    "researchAndDevelopmentExpenses": 7114000,
    "generalAndAdministrativeExpenses": 37039000,
    "sellingAndMarketingExpenses": 0,
    "sellingGeneralAndAdministrativeExpenses": 37039000,
    "otherExpenses": 0,
    "operatingExpenses": 459101000,
    "costAndExpenses": 475939000,
    "interestIncome": 0,
    "interestExpense": 0,
    "depreciationAndAmortization": 414948000,
    "ebitda": 9263000,
    "ebitdaratio": 0.1318501438,
    "operatingIncome": -405685000,
    "operatingIncomeRatio": -5.774546645,
    "totalOtherIncomeExpensesNet": -54124000,
    "incomeBeforeTax": -459809000,
    "incomeBeforeTaxRatio": -6.5449511772,
    "incomeTaxExpense": 47253000,
    "netIncome": -452938000,
    "netIncomeRatio": -6.4471489168,
    "eps": -3.37,
    "epsdiluted": -3.37,
    "weightedAverageShsOut": 134437000,
    "weightedAverageShsOutDil": 134437000,
    "link": "https://www.sec.gov/Archives/edgar/data/1014473/000101287000004239/0001012870-00-004239-index.htm",
    "finalLink": "https://www.sec.gov/Archives/edgar/data/1014473/000101287000004239/0001012870-00-004239-0001.txt"
  },
  {
    "date": "2000-03-31",
    "symbol": "VRSN",
    "reportedCurrency": "USD",
    "cik": "0001014473",
    "fillingDate": "2000-05-12",
    "acceptedDate": "2000-05-12 00:00:00",
    "calendarYear": "2000",
    "period": "Q1",
    "revenue": 34071000,
    "costOfRevenue": 10289000,
    "grossProfit": 23782000,
    "grossProfitRatio": 0.6980129729,
    "researchAndDevelopmentExpenses": 4429000,
    "generalAndAdministrativeExpenses": 17315000,
    "sellingAndMarketingExpenses": 0,
    "sellingGeneralAndAdministrativeExpenses": 17315000,
    "otherExpenses": 0,
    "operatingExpenses": 84931000,
    "costAndExpenses": 95220000,
    "interestIncome": 0,
    "interestExpense": 0,
    "depreciationAndAmortization": 63187000,
    "ebitda": 2038000,
    "ebitdaratio": 0.059816266,
    "operatingIncome": -61149000,
    "operatingIncomeRatio": -1.7947521352,
    "totalOtherIncomeExpensesNet": 32234000,
    "incomeBeforeTax": -28915000,
    "incomeBeforeTaxRatio": -0.848668956,
    "incomeTaxExpense": -34994000,
    "netIncome": -26155000,
    "netIncomeRatio": -0.7676616477,
    "eps": -0.24,
    "epsdiluted": -0.24,
    "weightedAverageShsOut": 108847000,
    "weightedAverageShsOutDil": 108847000,
    "link": "https://www.sec.gov/Archives/edgar/data/1014473/000101287000002788/0001012870-00-002788-index.html",
    "finalLink": "https://www.sec.gov/Archives/edgar/data/1014473/000101287000002788/"
  },
  {
    "date": "1999-12-31",
    "symbol": "VRSN",
    "reportedCurrency": "USD",
    "cik": "0001014473",
    "fillingDate": "2000-04-27",
    "acceptedDate": "2000-04-27 00:00:00",
    "calendarYear": "1999",
    "period": "Q4",
    "revenue": 27676000,
    "costOfRevenue": 1894000,
    "grossProfit": 25782000,
    "grossProfitRatio": 0.9315652551,
    "researchAndDevelopmentExpenses": 3803000,
    "generalAndAdministrativeExpenses": 18385000,
    "sellingAndMarketingExpenses": 0,
    "sellingGeneralAndAdministrativeExpenses": 18385000,
    "otherExpenses": 0,
    "operatingExpenses": 23692000,
    "costAndExpenses": 25586000,
    "interestIncome": 7365000,
    "interestExpense": 0,
    "depreciationAndAmortization": 1504000,
    "ebitda": 3594000,
    "ebitdaratio": 0.1298598063,
    "operatingIncome": 2090000,
    "operatingIncomeRatio": 0.0755166932,
    "totalOtherIncomeExpensesNet": 1865000,
    "incomeBeforeTax": 3955000,
    "incomeBeforeTaxRatio": 0.1429035988,
    "incomeTaxExpense": -600000,
    "netIncome": 4555000,
    "netIncomeRatio": 0.1645830322,
    "eps": 0.042,
    "epsdiluted": 0.042,
    "weightedAverageShsOut": 108847000,
    "weightedAverageShsOutDil": 108847000,
    "link": "https://www.sec.gov/Archives/edgar/data/1014473/000101287000002380/0001012870-00-002380-index.html",
    "finalLink": "https://www.sec.gov/Archives/edgar/data/1014473/000101287000002380/"
  },
  {
    "date": "1999-09-30",
    "symbol": "VRSN",
    "reportedCurrency": "USD",
    "cik": "0001014473",
    "fillingDate": "1999-11-15",
    "acceptedDate": "1999-11-15 00:00:00",
    "calendarYear": "1999",
    "period": "Q3",
    "revenue": 22800000,
    "costOfRevenue": 9100000,
    "grossProfit": 13700000,
    "grossProfitRatio": 0.600877193,
    "researchAndDevelopmentExpenses": 3400000,
    "generalAndAdministrativeExpenses": 8800000,
    "sellingAndMarketingExpenses": 0,
    "sellingGeneralAndAdministrativeExpenses": 8800000,
    "otherExpenses": 0,
    "operatingExpenses": 13700000,
    "costAndExpenses": 22800000,
    "interestIncome": 0,
    "interestExpense": 0,
    "depreciationAndAmortization": 1500000,
    "ebitda": 1538000,
    "ebitdaratio": 0.0674561404,
    "operatingIncome": 1000,
    "operatingIncomeRatio": 0.0000438596,
    "totalOtherIncomeExpensesNet": 1566000,
    "incomeBeforeTax": 1567000,
    "incomeBeforeTaxRatio": 0.0687280702,
    "incomeTaxExpense": -1600000,
    "netIncome": 1600000,
    "netIncomeRatio": 0.0701754386,
    "eps": 0.02,
    "epsdiluted": 0.02,
    "weightedAverageShsOut": 80000000,
    "weightedAverageShsOutDil": 80000000,
    "link": "https://www.sec.gov/Archives/edgar/data/1014473/000101287099004187/0001012870-99-004187-index.html",
    "finalLink": "https://www.sec.gov/Archives/edgar/data/1014473/000101287099004187/0001012870-99-004187-d1.html"
  },
  {
    "date": "1999-06-30",
    "symbol": "VRSN",
    "reportedCurrency": "USD",
    "cik": "0001014473",
    "fillingDate": "1999-08-10",
    "acceptedDate": "1999-08-10 00:00:00",
    "calendarYear": "1999",
    "period": "Q2",
    "revenue": 18700000,
    "costOfRevenue": 6100000,
    "grossProfit": 12600000,
    "grossProfitRatio": 0.6737967914,
    "researchAndDevelopmentExpenses": 3100000,
    "generalAndAdministrativeExpenses": 10200000,
    "sellingAndMarketingExpenses": 0,
    "sellingGeneralAndAdministrativeExpenses": 10200000,
    "otherExpenses": 0,
    "operatingExpenses": 14600000,
    "costAndExpenses": 20700000,
    "interestIncome": 0,
    "interestExpense": 0,
    "depreciationAndAmortization": 1300000,
    "ebitda": -678000,
    "ebitdaratio": -0.0362566845,
    "operatingIncome": -2000000,
    "operatingIncomeRatio": -0.1069518717,
    "totalOtherIncomeExpensesNet": 1791000,
    "incomeBeforeTax": -152000,
    "incomeBeforeTaxRatio": -0.0081283422,
    "incomeTaxExpense": -1800000,
    "netIncome": -200000,
    "netIncomeRatio": -0.0106951872,
    "eps": -0.002,
    "epsdiluted": -0.002,
    "weightedAverageShsOut": 99118000,
    "weightedAverageShsOutDil": 99118000,
    "link": "https://www.sec.gov/Archives/edgar/data/1014473/000101287099002695/0001012870-99-002695-index.html",
    "finalLink": "https://www.sec.gov/Archives/edgar/data/1014473/000101287099002695/0001012870-99-002695-d1.html"
  },
  {
    "date": "1999-03-31",
    "symbol": "VRSN",
    "reportedCurrency": "USD",
    "cik": "0001014473",
    "fillingDate": "1999-05-13",
    "acceptedDate": "1999-05-13 00:00:00",
    "calendarYear": "1999",
    "period": "Q1",
    "revenue": 15600000,
    "costOfRevenue": 5500000,
    "grossProfit": 10100000,
    "grossProfitRatio": 0.6474358974,
    "researchAndDevelopmentExpenses": 3000000,
    "generalAndAdministrativeExpenses": 9400000,
    "sellingAndMarketingExpenses": 0,
    "sellingGeneralAndAdministrativeExpenses": 9400000,
    "otherExpenses": 0,
    "operatingExpenses": 13500000,
    "costAndExpenses": 19000000,
    "interestIncome": 0,
    "interestExpense": 0,
    "depreciationAndAmortization": 1100000,
    "ebitda": -2318000,
    "ebitdaratio": -0.1485897436,
    "operatingIncome": -3400000,
    "operatingIncomeRatio": -0.2179487179,
    "totalOtherIncomeExpensesNet": 1218000,
    "incomeBeforeTax": -2200000,
    "incomeBeforeTaxRatio": -0.141025641,
    "incomeTaxExpense": -1400000,
    "netIncome": -2000000,
    "netIncomeRatio": -0.1282051282,
    "eps": -0.02,
    "epsdiluted": -0.02,
    "weightedAverageShsOut": 100000000,
    "weightedAverageShsOutDil": 100000000,
    "link": "https://www.sec.gov/Archives/edgar/data/1014473/000101287099001534/0001012870-99-001534-index.html",
    "finalLink": "https://www.sec.gov/Archives/edgar/data/1014473/"
  },
  {
    "date": "1998-12-31",
    "symbol": "VRSN",
    "reportedCurrency": "USD",
    "cik": "0001014473",
    "fillingDate": "1999-02-22",
    "acceptedDate": "1999-02-22 00:00:00",
    "calendarYear": "1998",
    "period": "Q4",
    "revenue": 13200000,
    "costOfRevenue": 4900000,
    "grossProfit": 8300000,
    "grossProfitRatio": 0.6287878788,
    "researchAndDevelopmentExpenses": 2200000,
    "generalAndAdministrativeExpenses": 8300000,
    "sellingAndMarketingExpenses": 0,
    "sellingGeneralAndAdministrativeExpenses": 8300000,
    "otherExpenses": 0,
    "operatingExpenses": 11500000,
    "costAndExpenses": 16400000,
    "interestIncome": 0,
    "interestExpense": 0,
    "depreciationAndAmortization": 1000000,
    "ebitda": -2200000,
    "ebitdaratio": -0.1666666667,
    "operatingIncome": -3200000,
    "operatingIncomeRatio": -0.2424242424,
    "totalOtherIncomeExpensesNet": 300000,
    "incomeBeforeTax": -2900000,
    "incomeBeforeTaxRatio": -0.2196969697,
    "incomeTaxExpense": -700000,
    "netIncome": -2500000,
    "netIncomeRatio": -0.1893939394,
    "eps": -0.025,
    "epsdiluted": -0.025,
    "weightedAverageShsOut": 100000000,
    "weightedAverageShsOutDil": 100000000,
    "link": "https://www.sec.gov/Archives/edgar/data/1014473/000101287099000609/0001012870-99-000609-index.html",
    "finalLink": "https://www.sec.gov/Archives/edgar/data/1014473/"
  },
  {
    "date": "1998-09-30",
    "symbol": "VRSN",
    "reportedCurrency": "USD",
    "cik": "0001014473",
    "fillingDate": "1998-11-13",
    "acceptedDate": "1998-11-13 00:00:00",
    "calendarYear": "1998",
    "period": "Q3",
    "revenue": 10500000,
    "costOfRevenue": 4000000,
    "grossProfit": 6500000,
    "grossProfitRatio": 0.619047619,
    "researchAndDevelopmentExpenses": 2600000,
    "generalAndAdministrativeExpenses": 7800000,
    "sellingAndMarketingExpenses": 0,
    "sellingGeneralAndAdministrativeExpenses": 7800000,
    "otherExpenses": 0,
    "operatingExpenses": 11600000,
    "costAndExpenses": 15600000,
    "interestIncome": 0,
    "interestExpense": 0,
    "depreciationAndAmortization": 1200000,
    "ebitda": -3900000,
    "ebitdaratio": -0.3714285714,
    "operatingIncome": -5100000,
    "operatingIncomeRatio": -0.4857142857,
    "totalOtherIncomeExpensesNet": -3000000,
    "incomeBeforeTax": -8100000,
    "incomeBeforeTaxRatio": -0.7714285714,
    "incomeTaxExpense": 2600000,
    "netIncome": -7700000,
    "netIncomeRatio": -0.7333333333,
    "eps": -0.09,
    "epsdiluted": -0.09,
    "weightedAverageShsOut": 85555556,
    "weightedAverageShsOutDil": 85555556,
    "link": "https://www.sec.gov/Archives/edgar/data/1014473/000101287098002880/0001012870-98-002880-index.html",
    "finalLink": "https://www.sec.gov/Archives/edgar/data/1014473/"
  },
  {
    "date": "1998-06-30",
    "symbol": "VRSN",
    "reportedCurrency": "USD",
    "cik": "0001014473",
    "fillingDate": "1998-08-14",
    "acceptedDate": "1998-08-14 00:00:00",
    "calendarYear": "1998",
    "period": "Q2",
    "revenue": 5300000,
    "costOfRevenue": 2000000,
    "grossProfit": 3300000,
    "grossProfitRatio": 0.6226415094,
    "researchAndDevelopmentExpenses": 1900000,
    "generalAndAdministrativeExpenses": 6300000,
    "sellingAndMarketingExpenses": 0,
    "sellingGeneralAndAdministrativeExpenses": 6300000,
    "otherExpenses": 0,
    "operatingExpenses": 9100000,
    "costAndExpenses": 11100000,
    "interestIncome": 0,
    "interestExpense": 0,
    "depreciationAndAmortization": 900000,
    "ebitda": -4800000,
    "ebitdaratio": -0.9056603774,
    "operatingIncome": -5800000,
    "operatingIncomeRatio": -1.0943396226,
    "totalOtherIncomeExpensesNet": 500000,
    "incomeBeforeTax": -5200000,
    "incomeBeforeTaxRatio": -0.9811320755,
    "incomeTaxExpense": -900000,
    "netIncome": -4900000,
    "netIncomeRatio": -0.9245283019,
    "eps": -0.0612,
    "epsdiluted": -0.0612,
    "weightedAverageShsOut": 80000000,
    "weightedAverageShsOutDil": 80000000,
    "link": "https://www.sec.gov/Archives/edgar/data/1014473/000101287098002146/0001012870-98-002146-index.html",
    "finalLink": "https://www.sec.gov/Archives/edgar/data/1014473/"
  },
  {
    "date": "1998-03-31",
    "symbol": "VRSN",
    "reportedCurrency": "USD",
    "cik": "0001014473",
    "fillingDate": "1998-05-11",
    "acceptedDate": "1998-05-11 00:00:00",
    "calendarYear": "1998",
    "period": "Q1",
    "revenue": 4000000,
    "costOfRevenue": 2000000,
    "grossProfit": 2000000,
    "grossProfitRatio": 0.5,
    "researchAndDevelopmentExpenses": 1600000,
    "generalAndAdministrativeExpenses": 0,
    "sellingAndMarketingExpenses": 0,
    "sellingGeneralAndAdministrativeExpenses": 5600000,
    "otherExpenses": 800000,
    "operatingExpenses": 8000000,
    "costAndExpenses": 10000000,
    "interestIncome": 0,
    "interestExpense": 0,
    "depreciationAndAmortization": 800000,
    "ebitda": -4600000,
    "ebitdaratio": -1.15,
    "operatingIncome": -6000000,
    "operatingIncomeRatio": -1.5,
    "totalOtherIncomeExpensesNet": 400000,
    "incomeBeforeTax": -5600000,
    "incomeBeforeTaxRatio": -1.4,
    "incomeTaxExpense": -800000,
    "netIncome": -5200000,
    "netIncomeRatio": -1.3,
    "eps": -0.0774,
    "epsdiluted": -0.0774,
    "weightedAverageShsOut": 67142857,
    "weightedAverageShsOutDil": 67142857,
    "link": "https://www.sec.gov/Archives/edgar/data/1014473/000101287098001234/0001012870-98-001234-index.html",
    "finalLink": "https://www.sec.gov/Archives/edgar/data/1014473/"
  }
]