[
  {
    "date": "2024-12-31",
    "symbol": "VRSN",
    "reportedCurrency": "USD",
    "cik": "0001014473",
    "fillingDate": "2025-02-13",
    "acceptedDate": "2025-02-13 16:05:58",
    "calendarYear": "2024",
    "period": "FY",
    "revenue": 1557400000,
    "costOfRevenue": 191400000,
    "grossProfit": 1366000000,
    "grossProfitRatio": 0.8771028637,
    "researchAndDevelopmentExpenses": 96700000,
    "generalAndAdministrativeExpenses": 0,
    "sellingAndMarketingExpenses": 0,
    "sellingGeneralAndAdministrativeExpenses": 211100000,
    "otherExpenses": 0,
    "operatingExpenses": 307800000,
    "costAndExpenses": 499200000,
    "interestIncome": 37400000,
    "interestExpense": 75300000,
    "depreciationAndAmortization": 36900000,
    "ebitda": 1134100000,
    "ebitdaratio": 0.7282008476,
    "operatingIncome": 1058200000,
    "operatingIncomeRatio": 0.6794657763,
    "totalOtherIncomeExpensesNet": -36300000,
    "incomeBeforeTax": 1021900000,
    "incomeBeforeTaxRatio": 0.6561576987,
    "incomeTaxExpense": 236200000,
    "netIncome": 785700000,
    "netIncomeRatio": 0.5044946706,
    "eps": 8.01,
    "epsdiluted": 8,
    "weightedAverageShsOut": 98100000,
    "weightedAverageShsOutDil": 98200000,
    "link": "https://www.sec.gov/Archives/edgar/data/1014473/000101447325000006/0001014473-25-000006-index.htm",
    "finalLink": "https://www.sec.gov/Archives/edgar/data/1014473/000101447325000006/vrsn-20241231.htm"
  },
  {
    "date": "2023-12-31",
    "symbol": "VRSN",
    "reportedCurrency": "USD",
    "cik": "0001014473",
    "fillingDate": "2024-02-15",
    "acceptedDate": "2024-02-15 16:05:23",
    "calendarYear": "2023",
    "period": "FY",
    "revenue": 1493100000,
    "costOfRevenue": 197300000,
    "grossProfit": 1295800000,
    "grossProfitRatio": 0.8678588172,
    "researchAndDevelopmentExpenses": 91000000,
    "generalAndAdministrativeExpenses": 0,
    "sellingAndMarketingExpenses": 0,
    "sellingGeneralAndAdministrativeExpenses": 204200000,
    "otherExpenses": 0,
    "operatingExpenses": 295200000,
    "costAndExpenses": 492500000,
    "interestIncome": 46100000,
    "interestExpense": 75300000,
    "depreciationAndAmortization": 44100000,
    "ebitda": 1095900000,
    "ebitdaratio": 0.7339762909,
    "operatingIncome": 1000600000,
    "operatingIncomeRatio": 0.6701493537,
    "totalOtherIncomeExpensesNet": -24100000,
    "incomeBeforeTax": 976500000,
    "incomeBeforeTaxRatio": 0.6540084388,
    "incomeTaxExpense": 158900000,
    "netIncome": 817600000,
    "netIncomeRatio": 0.5475855602,
    "eps": 7.91,
    "epsdiluted": 7.9,
    "weightedAverageShsOut": 103400000,
    "weightedAverageShsOutDil": 103500000,
    "link": "https://www.sec.gov/Archives/edgar/data/1014473/000101447324000006/0001014473-24-000006-index.htm",
    "finalLink": "https://www.sec.gov/Archives/edgar/data/1014473/000101447324000006/vrsn-20231231.htm"
  },
  {
    "date": "2022-12-31",
    "symbol": "VRSN",
    "reportedCurrency": "USD",
    "cik": "0001014473",
    "fillingDate": "2023-02-17",
    "acceptedDate": "2023-02-17 16:05:09",
    "calendarYear": "2022",
    "period": "FY",
    "revenue": 1424900000,
    "costOfRevenue": 200700000,
    "grossProfit": 1224200000,
    "grossProfitRatio": 0.8591480104,
    "researchAndDevelopmentExpenses": 85700000,
    "generalAndAdministrativeExpenses": 0,
    "sellingAndMarketingExpenses": 0,
    "sellingGeneralAndAdministrativeExpenses": 195400000,
    "otherExpenses": 0,
    "operatingExpenses": 281100000,
    "costAndExpenses": 481800000,
    "interestIncome": 14900000,
    "interestExpense": 75300000,
    "depreciationAndAmortization": 46900000,
    "ebitda": 1002400000,
    "ebitdaratio": 0.7034879641,
    "operatingIncome": 943100000,
    "operatingIncomeRatio": 0.6618710085,
    "totalOtherIncomeExpensesNet": -62900000,
    "incomeBeforeTax": 880200000,
    "incomeBeforeTaxRatio": 0.6177275598,
    "incomeTaxExpense": 206400000,
    "netIncome": 673800000,
    "netIncomeRatio": 0.4728752895,
    "eps": 6.24,
    "epsdiluted": 6.24,
    "weightedAverageShsOut": 107900000,
    "weightedAverageShsOutDil": 108000000,
    "link": "https://www.sec.gov/Archives/edgar/data/1014473/000101447323000005/0001014473-23-000005-index.htm",
    "finalLink": "https://www.sec.gov/Archives/edgar/data/1014473/000101447323000005/vrsn-20221231.htm"
  },
  {
    "date": "2021-12-31",
    "symbol": "VRSN",
    "reportedCurrency": "USD",
    "cik": "0001014473",
    "fillingDate": "2022-02-18",
    "acceptedDate": "2022-02-18 16:07:17",
    "calendarYear": "2021",
    "period": "FY",
    "revenue": 1327576000,
    "costOfRevenue": 191933000,
    "grossProfit": 1135643000,
    "grossProfitRatio": 0.8554259794,
    "researchAndDevelopmentExpenses": 80529000,
    "generalAndAdministrativeExpenses": 148434000,
    "sellingAndMarketingExpenses": 39877000,
    "sellingGeneralAndAdministrativeExpenses": 188311000,
    "otherExpenses": -1329000,
    "operatingExpenses": 268840000,
    "costAndExpenses": 460773000,
    "interestIncome": 582000,
    "interestExpense": 83255000,
    "depreciationAndAmortization": 47940000,
    "ebitda": 913414000,
    "ebitdaratio": 0.6880314197,
    "operatingIncome": 866803000,
    "operatingIncomeRatio": 0.6529215653,
    "totalOtherIncomeExpensesNet": -84584000,
    "incomeBeforeTax": 782219000,
    "incomeBeforeTaxRatio": 0.5892084521,
    "incomeTaxExpense": -2611000,
    "netIncome": 784800000,
    "netIncomeRatio": 0.5911525969,
    "eps": 7.01,
    "epsdiluted": 7,
    "weightedAverageShsOut": 112015000,
    "weightedAverageShsOutDil": 112166000,
    "link": "https://www.sec.gov/Archives/edgar/data/1014473/000101447322000007/0001014473-22-000007-index.htm",
    "finalLink": "https://www.sec.gov/Archives/edgar/data/1014473/000101447322000007/vrsn-20211231.htm"
  },
  {
    "date": "2020-12-31",
    "symbol": "VRSN",
    "reportedCurrency": "USD",
    "cik": "0001014473",
    "fillingDate": "2021-02-19",
    "acceptedDate": "2021-02-19 16:11:48",
    "calendarYear": "2020",
    "period": "FY",
    "revenue": 1265052000,
    "costOfRevenue": 180177000,
    "grossProfit": 1084875000,
    "grossProfitRatio": 0.8575734436,
    "researchAndDevelopmentExpenses": 74671000,
    "generalAndAdministrativeExpenses": 149213000,
    "sellingAndMarketingExpenses": 36790000,
    "sellingGeneralAndAdministrativeExpenses": 186003000,
    "otherExpenses": 0,
    "operatingExpenses": 260674000,
    "costAndExpenses": 440851000,
    "interestIncome": 7815000,
    "interestExpense": 90144000,
    "depreciationAndAmortization": 46352000,
    "ebitda": 886740000,
    "ebitdaratio": 0.7009514233,
    "operatingIncome": 824201000,
    "operatingIncomeRatio": 0.6515155108,
    "totalOtherIncomeExpensesNet": -73957000,
    "incomeBeforeTax": 750244000,
    "incomeBeforeTaxRatio": 0.5930538824,
    "incomeTaxExpense": -64644000,
    "netIncome": 814888000,
    "netIncomeRatio": 0.6441537581,
    "eps": 7.08,
    "epsdiluted": 7.07,
    "weightedAverageShsOut": 115058000,
    "weightedAverageShsOutDil": 115298000,
    "link": "https://www.sec.gov/Archives/edgar/data/1014473/000101447321000005/0001014473-21-000005-index.htm",
    "finalLink": "https://www.sec.gov/Archives/edgar/data/1014473/000101447321000005/vrsn-20201231.htm"
  },
  {
    "date": "2019-12-31",
    "symbol": "VRSN",
    "reportedCurrency": "USD",
    "cik": "0001014473",
    "fillingDate": "2020-02-14",
    "acceptedDate": "2020-02-14 16:08:36",
    "calendarYear": "2019",
    "period": "FY",
    "revenue": 1231661000,
    "costOfRevenue": 180467000,
    "grossProfit": 1051194000,
    "grossProfitRatio": 0.8534767278,
    "researchAndDevelopmentExpenses": 60805000,
    "generalAndAdministrativeExpenses": 137625000,
    "sellingAndMarketingExpenses": 46637000,
    "sellingGeneralAndAdministrativeExpenses": 184262000,
    "otherExpenses": 0,
    "operatingExpenses": 245067000,
    "costAndExpenses": 425534000,
    "interestIncome": 26596000,
    "interestExpense": 90611000,
    "depreciationAndAmortization": 46330000,
    "ebitda": 895717000,
    "ebitdaratio": 0.7272431294,
    "operatingIncome": 806127000,
    "operatingIncomeRatio": 0.6545039585,
    "totalOtherIncomeExpensesNet": -47351000,
    "incomeBeforeTax": 758776000,
    "incomeBeforeTaxRatio": 0.6160591267,
    "incomeTaxExpense": 146477000,
    "netIncome": 612299000,
    "netIncomeRatio": 0.4971327338,
    "eps": 5.17,
    "epsdiluted": 5.15,
    "weightedAverageShsOut": 118513000,
    "weightedAverageShsOutDil": 118968000,
    "link": "https://www.sec.gov/Archives/edgar/data/1014473/000101447320000006/0001014473-20-000006-index.htm",
    "finalLink": "https://www.sec.gov/Archives/edgar/data/1014473/000101447320000006/vrsn-20191231x10k.htm"
  },
  {
    "date": "2018-12-31",
    "symbol": "VRSN",
    "reportedCurrency": "USD",
    "cik": "0001014473",
    "fillingDate": "2019-02-15",
    "acceptedDate": "2019-02-15 16:05:59",
    "calendarYear": "2018",
    "period": "FY",
    "revenue": 1214969000,
    "costOfRevenue": 192134000,
    "grossProfit": 1022835000,
    "grossProfitRatio": 0.8418609858,
    "researchAndDevelopmentExpenses": 57884000,
    "generalAndAdministrativeExpenses": 132668000,
    "sellingAndMarketingExpenses": 64891000,
    "sellingGeneralAndAdministrativeExpenses": 197559000,
    "otherExpenses": 0,
    "operatingExpenses": 255443000,
    "costAndExpenses": 447577000,
    "interestIncome": 26490000,
    "interestExpense": 114845000,
    "depreciationAndAmortization": 48367000,
    "ebitda": 892728000,
    "ebitdaratio": 0.7347743029,
    "operatingIncome": 767392000,
    "operatingIncomeRatio": 0.6316144692,
    "totalOtherIncomeExpensesNet": -37876000,
    "incomeBeforeTax": 729516000,
    "incomeBeforeTaxRatio": 0.6004400112,
    "incomeTaxExpense": 147027000,
    "netIncome": 582489000,
    "netIncomeRatio": 0.4794270471,
    "eps": 4.75,
    "epsdiluted": 4.75,
    "weightedAverageShsOut": 122629263,
    "weightedAverageShsOutDil": 122661000,
    "link": "https://www.sec.gov/Archives/edgar/data/1014473/000101447319000005/0001014473-19-000005-index.htm",
    "finalLink": "https://www.sec.gov/Archives/edgar/data/1014473/000101447319000005/vrsn-20181231x10k.htm"
  },
  {
    "date": "2017-12-31",
    "symbol": "VRSN",
    "reportedCurrency": "USD",
    "cik": "0001014473",
    "fillingDate": "2018-02-16",
    "acceptedDate": "2018-02-16 16:38:56",
    "calendarYear": "2017",
    "period": "FY",
    "revenue": 1165095000,
    "costOfRevenue": 193326000,
    "grossProfit": 971769000,
    "grossProfitRatio": 0.8340684665,
    "researchAndDevelopmentExpenses": 52342000,
    "generalAndAdministrativeExpenses": 129754000,
    "sellingAndMarketingExpenses": 81951000,
    "sellingGeneralAndAdministrativeExpenses": 211705000,
    "otherExpenses": 0,
    "operatingExpenses": 264047000,
    "costAndExpenses": 457373000,
    "interestIncome": 17944000,
    "interestExpense": 136336000,
    "depreciationAndAmortization": 49878000,
    "ebitda": 785226000,
    "ebitdaratio": 0.6739587759,
    "operatingIncome": 707722000,
    "operatingIncomeRatio": 0.6074371618,
    "totalOtherIncomeExpensesNet": -108710000,
    "incomeBeforeTax": 599012000,
    "incomeBeforeTaxRatio": 0.5141314657,
    "incomeTaxExpense": 141764000,
    "netIncome": 457248000,
    "netIncomeRatio": 0.3924555508,
    "eps": 4.56,
    "epsdiluted": 3.68,
    "weightedAverageShsOut": 100325000,
    "weightedAverageShsOutDil": 124180000,
    "link": "https://www.sec.gov/Archives/edgar/data/1014473/000101447318000018/0001014473-18-000018-index.htm",
    "finalLink": "https://www.sec.gov/Archives/edgar/data/1014473/000101447318000018/vrsn-20171231x10k.htm"
  },
  {
    "date": "2016-12-31",
    "symbol": "VRSN",
    "reportedCurrency": "USD",
    "cik": "0001014473",
    "fillingDate": "2017-02-17",
    "acceptedDate": "2017-02-17 16:07:20",
    "calendarYear": "2016",
    "period": "FY",
    "revenue": 1142167000,
    "costOfRevenue": 198242000,
    "grossProfit": 943925000,
    "grossProfitRatio": 0.8264334375,
    "researchAndDevelopmentExpenses": 59100000,
    "generalAndAdministrativeExpenses": 118003000,
    "sellingAndMarketingExpenses": 80250000,
    "sellingGeneralAndAdministrativeExpenses": 198253000,
    "otherExpenses": 0,
    "operatingExpenses": 257353000,
    "costAndExpenses": 455595000,
    "interestIncome": 6191000,
    "interestExpense": 115564000,
    "depreciationAndAmortization": 58167000,
    "ebitda": 754904000,
    "ebitdaratio": 0.6609401252,
    "operatingIncome": 686572000,
    "operatingIncomeRatio": 0.6011134974,
    "totalOtherIncomeExpensesNet": -105399000,
    "incomeBeforeTax": 581173000,
    "incomeBeforeTaxRatio": 0.5088336469,
    "incomeTaxExpense": 140528000,
    "netIncome": 440645000,
    "netIncomeRatio": 0.3857973484,
    "eps": 4.12,
    "epsdiluted": 3.42,
    "weightedAverageShsOut": 107001000,
    "weightedAverageShsOutDil": 128833000,
    "link": "https://www.sec.gov/Archives/edgar/data/1014473/000101447317000004/0001014473-17-000004-index.htm",
    "finalLink": "https://www.sec.gov/Archives/edgar/data/1014473/000101447317000004/vrsn-20161231x10k.htm"
  },
  {
    "date": "2015-12-31",
    "symbol": "VRSN",
    "reportedCurrency": "USD",
    "cik": "0001014473",
    "fillingDate": "2016-02-19",
    "acceptedDate": "2016-02-19 16:11:16",
    "calendarYear": "2015",
    "period": "FY",
    "revenue": 1059366000,
    "costOfRevenue": 192788000,
    "grossProfit": 866578000,
    "grossProfitRatio": 0.8180156811,
    "researchAndDevelopmentExpenses": 63718000,
    "generalAndAdministrativeExpenses": 106730000,
    "sellingAndMarketingExpenses": 90184000,
    "sellingGeneralAndAdministrativeExpenses": 196914000,
    "otherExpenses": 0,
    "operatingExpenses": 260632000,
    "costAndExpenses": 453420000,
    "interestIncome": 2128000,
    "interestExpense": 107631000,
    "depreciationAndAmortization": 61491000,
    "ebitda": 656772000,
    "ebitdaratio": 0.6199670369,
    "operatingIncome": 605946000,
    "operatingIncomeRatio": 0.5719892842,
    "totalOtherIncomeExpensesNet": -118296000,
    "incomeBeforeTax": 487650000,
    "incomeBeforeTaxRatio": 0.4603224948,
    "incomeTaxExpense": 112414000,
    "netIncome": 375236000,
    "netIncomeRatio": 0.3542080829,
    "eps": 3.29,
    "epsdiluted": 2.82,
    "weightedAverageShsOut": 114155000,
    "weightedAverageShsOutDil": 133031000,
    "link": "https://www.sec.gov/Archives/edgar/data/1014473/000101447316000086/0001014473-16-000086-index.htm",
    "finalLink": "https://www.sec.gov/Archives/edgar/data/1014473/000101447316000086/vrsn-20151231x10k.htm"
  },
  {
    "date": "2014-12-31",
    "symbol": "VRSN",
    "reportedCurrency": "USD",
    "cik": "0001014473",
    "fillingDate": "2015-02-13",
    "acceptedDate": "2015-02-13 16:31:57",
    "calendarYear": "2014",
    "period": "FY",
    "revenue": 1010117000,
    "costOfRevenue": 188425000,
    "grossProfit": 821692000,
    "grossProfitRatio": 0.8134622029,
    "researchAndDevelopmentExpenses": 67777000,
    "generalAndAdministrativeExpenses": 97487000,
    "sellingAndMarketingExpenses": 92001000,
    "sellingGeneralAndAdministrativeExpenses": 189488000,
    "otherExpenses": 0,
    "operatingExpenses": 257265000,
    "costAndExpenses": 445690000,
    "interestIncome": 922000,
    "interestExpense": 85994000,
    "depreciationAndAmortization": 63690000,
    "ebitda": 632995000,
    "ebitdaratio": 0.62665513,
    "operatingIncome": 564427000,
    "operatingIncomeRatio": 0.5587738846,
    "totalOtherIncomeExpensesNet": -81116000,
    "incomeBeforeTax": 483311000,
    "incomeBeforeTaxRatio": 0.4784703158,
    "incomeTaxExpense": 128051000,
    "netIncome": 355260000,
    "netIncomeRatio": 0.3517018326,
    "eps": 2.8,
    "epsdiluted": 2.52,
    "weightedAverageShsOut": 126710000,
    "weightedAverageShsOutDil": 140895000,
    "link": "https://www.sec.gov/Archives/edgar/data/1014473/000101447315000011/0001014473-15-000011-index.htm",
    "finalLink": "https://www.sec.gov/Archives/edgar/data/1014473/000101447315000011/vrsn-20141231x10k.htm"
  },
  {
    "date": "2013-12-31",
    "symbol": "VRSN",
    "reportedCurrency": "USD",
    "cik": "0001014473",
    "fillingDate": "2014-02-21",
    "acceptedDate": "2014-02-21 16:13:17",
    "calendarYear": "2013",
    "period": "FY",
    "revenue": 965087000,
    "costOfRevenue": 187013000,
    "grossProfit": 778074000,
    "grossProfitRatio": 0.8062216153,
    "researchAndDevelopmentExpenses": 70297000,
    "generalAndAdministrativeExpenses": 90208000,
    "sellingAndMarketingExpenses": 89337000,
    "sellingGeneralAndAdministrativeExpenses": 179545000,
    "otherExpenses": 0,
    "operatingExpenses": 249842000,
    "costAndExpenses": 436855000,
    "interestIncome": 1897000,
    "interestExpense": 74761000,
    "depreciationAndAmortization": 60655000,
    "ebitda": 592187000,
    "ebitdaratio": 0.6136099647,
    "operatingIncome": 528232000,
    "operatingIncomeRatio": 0.5473413278,
    "totalOtherIncomeExpensesNet": -71461000,
    "incomeBeforeTax": 456771000,
    "incomeBeforeTaxRatio": 0.4732951537,
    "incomeTaxExpense": -87679000,
    "netIncome": 544450000,
    "netIncomeRatio": 0.5641460304,
    "eps": 3.77,
    "epsdiluted": 3.49,
    "weightedAverageShsOut": 144591000,
    "weightedAverageShsOutDil": 155786000,
    "link": "https://www.sec.gov/Archives/edgar/data/1014473/000101447314000006/0001014473-14-000006-index.htm",
    "finalLink": "https://www.sec.gov/Archives/edgar/data/1014473/000101447314000006/vrsn-20131231x10k.htm"
  },
  {
    "date": "2012-12-31",
    "symbol": "VRSN",
    "reportedCurrency": "USD",
    "cik": "0001014473",
    "fillingDate": "2013-02-28",
    "acceptedDate": "2013-02-28 17:01:41",
    "calendarYear": "2012",
    "period": "FY",
    "revenue": 873592000,
    "costOfRevenue": 167600000,
    "grossProfit": 705992000,
    "grossProfitRatio": 0.8081484263,
    "researchAndDevelopmentExpenses": 61694000,
    "generalAndAdministrativeExpenses": 89927000,
    "sellingAndMarketingExpenses": 97809000,
    "sellingGeneralAndAdministrativeExpenses": 187736000,
    "otherExpenses": 0,
    "operatingExpenses": 249430000,
    "costAndExpenses": 417030000,
    "interestIncome": 2957000,
    "interestExpense": 50196000,
    "depreciationAndAmortization": 54819000,
    "ebitda": 517710000,
    "ebitdaratio": 0.5926221852,
    "operatingIncome": 457327000,
    "operatingIncomeRatio": 0.5235018178,
    "totalOtherIncomeExpensesNet": -44632000,
    "incomeBeforeTax": 412695000,
    "incomeBeforeTaxRatio": 0.4724116063,
    "incomeTaxExpense": 100210000,
    "netIncome": 320032000,
    "netIncomeRatio": 0.3663403511,
    "eps": 2.04,
    "epsdiluted": 1.95,
    "weightedAverageShsOut": 156953000,
    "weightedAverageShsOutDil": 163909000,
    "link": "https://www.sec.gov/Archives/edgar/data/1014473/000101447313000006/0001014473-13-000006-index.htm",
    "finalLink": "https://www.sec.gov/Archives/edgar/data/1014473/000101447313000006/vrsn-20121231x10k.htm"
  },
  {
    "date": "2011-12-31",
    "symbol": "VRSN",
    "reportedCurrency": "USD",
    "cik": "0001014473",
    "fillingDate": "2012-02-24",
    "acceptedDate": "2012-02-24 13:45:04",
    "calendarYear": "2011",
    "period": "FY",
    "revenue": 771978000,
    "costOfRevenue": 165246000,
    "grossProfit": 606732000,
    "grossProfitRatio": 0.7859446772,
    "researchAndDevelopmentExpenses": 53277000,
    "generalAndAdministrativeExpenses": 111122000,
    "sellingAndMarketingExpenses": 97432000,
    "sellingGeneralAndAdministrativeExpenses": 208554000,
    "otherExpenses": 0,
    "operatingExpenses": 261831000,
    "costAndExpenses": 427077000,
    "interestIncome": 5017000,
    "interestExpense": 147332000,
    "depreciationAndAmortization": 55706000,
    "ebitda": 396625000,
    "ebitdaratio": 0.5137775947,
    "operatingIncome": 329389000,
    "operatingIncomeRatio": 0.4266818484,
    "totalOtherIncomeExpensesNet": -135802000,
    "incomeBeforeTax": 193587000,
    "incomeBeforeTaxRatio": 0.2507675089,
    "incomeTaxExpense": 55031000,
    "netIncome": 142891000,
    "netIncomeRatio": 0.1850972437,
    "eps": 0.87,
    "epsdiluted": 0.86,
    "weightedAverageShsOut": 165408000,
    "weightedAverageShsOutDil": 166887000,
    "link": "https://www.sec.gov/Archives/edgar/data/1014473/000119312512077600/0001193125-12-077600-index.htm",
    "finalLink": "https://www.sec.gov/Archives/edgar/data/1014473/000119312512077600/d296041d10k.htm"
  },
  {
    "date": "2010-12-31",
    "symbol": "VRSN",
    "reportedCurrency": "USD",
    "cik": "0001014473",
    "fillingDate": "2011-02-24",
    "acceptedDate": "2011-02-24 15:23:27",
    "calendarYear": "2010",
    "period": "FY",
    "revenue": 680578000,
    "costOfRevenue": 156676000,
    "grossProfit": 523902000,
    "grossProfitRatio": 0.7697897963,
    "researchAndDevelopmentExpenses": 53664000,
    "generalAndAdministrativeExpenses": 137704000,
    "sellingAndMarketingExpenses": 83390000,
    "sellingGeneralAndAdministrativeExpenses": 221094000,
    "otherExpenses": 0,
    "operatingExpenses": 274758000,
    "costAndExpenses": 431434000,
    "interestIncome": 7652000,
    "interestExpense": 157667000,
    "depreciationAndAmortization": 67655000,
    "ebitda": 320676000,
    "ebitdaratio": 0.4711818484,
    "operatingIncome": 232283000,
    "operatingIncomeRatio": 0.3413025399,
    "totalOtherIncomeExpensesNet": -136929000,
    "incomeBeforeTax": 95354000,
    "incomeBeforeTaxRatio": 0.1401073793,
    "incomeTaxExpense": 25322000,
    "netIncome": 830967000,
    "netIncomeRatio": 1.2209724675,
    "eps": 4.68,
    "epsdiluted": 4.64,
    "weightedAverageShsOut": 177534000,
    "weightedAverageShsOutDil": 178965000,
    "link": "https://www.sec.gov/Archives/edgar/data/1014473/000119312511045196/0001193125-11-045196-index.htm",
    "finalLink": "https://www.sec.gov/Archives/edgar/data/1014473/000119312511045196/d10k.htm"
  },
  {
    "date": "2009-12-31",
    "symbol": "VRSN",
    "reportedCurrency": "USD",
    "cik": "0001014473",
    "fillingDate": "2010-02-26",
    "acceptedDate": "2010-02-26 17:22:02",
    "calendarYear": "2009",
    "period": "FY",
    "revenue": 1030619000,
    "costOfRevenue": 233040000,
    "grossProfit": 797579000,
    "grossProfitRatio": 0.7738834623,
    "researchAndDevelopmentExpenses": 96416000,
    "generalAndAdministrativeExpenses": 181992000,
    "sellingAndMarketingExpenses": 177029000,
    "sellingGeneralAndAdministrativeExpenses": 359021000,
    "otherExpenses": 12199000,
    "operatingExpenses": 467636000,
    "costAndExpenses": 700676000,
    "interestIncome": 4371000,
    "interestExpense": 47351000,
    "depreciationAndAmortization": 86266000,
    "ebitda": 414907000,
    "ebitdaratio": 0.402580391,
    "operatingIncome": 313727000,
    "operatingIncomeRatio": 0.304406381,
    "totalOtherIncomeExpensesNet": -32437000,
    "incomeBeforeTax": 281290000,
    "incomeBeforeTaxRatio": 0.2729330626,
    "incomeTaxExpense": 80105000,
    "netIncome": 245553000,
    "netIncomeRatio": 0.2382577849,
    "eps": 1.28,
    "epsdiluted": 1.28,
    "weightedAverageShsOut": 191821000,
    "weightedAverageShsOutDil": 192575000,
    "link": "https://www.sec.gov/Archives/edgar/data/1014473/000119312510043162/0001193125-10-043162-index.htm",
    "finalLink": "https://www.sec.gov/Archives/edgar/data/1014473/000119312510043162/d10k.htm"
  },
  {
    "date": "2008-12-31",
    "symbol": "VRSN",
    "reportedCurrency": "USD",
    "cik": "0001014473",
    "fillingDate": "2009-03-03",
    "acceptedDate": "2009-03-03 16:43:04",
    "calendarYear": "2008",
    "period": "FY",
    "revenue": 961735000,
    "costOfRevenue": 227351000,
    "grossProfit": 734384000,
    "grossProfitRatio": 0.7636032795,
    "researchAndDevelopmentExpenses": 91508000,
    "generalAndAdministrativeExpenses": 373478000,
    "sellingAndMarketingExpenses": 0,
    "sellingGeneralAndAdministrativeExpenses": 373478000,
    "otherExpenses": 90652000,
    "operatingExpenses": 555638000,
    "costAndExpenses": 782989000,
    "interestIncome": 14747000,
    "interestExpense": 44391000,
    "depreciationAndAmortization": 128031000,
    "ebitda": 285376000,
    "ebitdaratio": 0.2967303883,
    "operatingIncome": 70778000,
    "operatingIncomeRatio": 0.0735940774,
    "totalOtherIncomeExpensesNet": -47294000,
    "incomeBeforeTax": 123251000,
    "incomeBeforeTaxRatio": 0.1281548451,
    "incomeTaxExpense": 42800000,
    "netIncome": -374692000,
    "netIncomeRatio": -0.3896000458,
    "eps": -1.9,
    "epsdiluted": -1.87,
    "weightedAverageShsOut": 197201000,
    "weightedAverageShsOutDil": 200602000,
    "link": "https://www.sec.gov/Archives/edgar/data/1014473/000119312509043713/0001193125-09-043713-index.htm",
    "finalLink": "https://www.sec.gov/Archives/edgar/data/1014473/000119312509043713/d10k.htm"
  },
  {
    "date": "2007-12-31",
    "symbol": "VRSN",
    "reportedCurrency": "USD",
    "cik": "0001014473",
    "fillingDate": "2008-02-29",
    "acceptedDate": "2008-02-29 17:02:26",
    "calendarYear": "2007",
    "period": "FY",
    "revenue": 1496289000,
    "costOfRevenue": 596517000,
    "grossProfit": 899772000,
    "grossProfitRatio": 0.6013357045,
    "researchAndDevelopmentExpenses": 160186000,
    "generalAndAdministrativeExpenses": 552762000,
    "sellingAndMarketingExpenses": 0,
    "sellingGeneralAndAdministrativeExpenses": 552762000,
    "otherExpenses": 450101000,
    "operatingExpenses": 1163049000,
    "costAndExpenses": 1759566000,
    "interestIncome": 0,
    "interestExpense": 0,
    "depreciationAndAmortization": 231505000,
    "ebitda": 121127000,
    "ebitdaratio": 0.0809516076,
    "operatingIncome": -221501000,
    "operatingIncomeRatio": -0.1480335684,
    "totalOtherIncomeExpensesNet": 65741000,
    "incomeBeforeTax": -127742000,
    "incomeBeforeTaxRatio": -0.085372545,
    "incomeTaxExpense": 11080000,
    "netIncome": -139502000,
    "netIncomeRatio": -0.0932319893,
    "eps": -0.59,
    "epsdiluted": -0.59,
    "weightedAverageShsOut": 237707000,
    "weightedAverageShsOutDil": 237707000,
    "link": "https://www.sec.gov/Archives/edgar/data/1014473/000119312508043862/0001193125-08-043862-index.htm",
    "finalLink": "https://www.sec.gov/Archives/edgar/data/1014473/000119312508043862/d10k.htm"
  },
  {
    "date": "2006-12-31",
    "symbol": "VRSN",
    "reportedCurrency": "USD",
    "cik": "0001014473",
    "fillingDate": "2007-07-12",
    "acceptedDate": "2007-07-12 17:11:32",
    "calendarYear": "2006",
    "period": "FY",
    "revenue": 1575249000,
    "costOfRevenue": 580739000,
    "grossProfit": 994510000,
    "grossProfitRatio": 0.6313351096,
    "researchAndDevelopmentExpenses": 129343000,
    "generalAndAdministrativeExpenses": 634351000,
    "sellingAndMarketingExpenses": 0,
    "sellingGeneralAndAdministrativeExpenses": 634351000,
    "otherExpenses": 122767000,
    "operatingExpenses": 886461000,
    "costAndExpenses": 1467200000,
    "interestIncome": 0,
    "interestExpense": 0,
    "depreciationAndAmortization": 231529000,
    "ebitda": 378927000,
    "ebitdaratio": 0.2405505415,
    "operatingIncome": 95820000,
    "operatingIncomeRatio": 0.0608284785,
    "totalOtherIncomeExpensesNet": 40865000,
    "incomeBeforeTax": 136685000,
    "incomeBeforeTaxRatio": 0.086770409,
    "incomeTaxExpense": -241285000,
    "netIncome": 379015000,
    "netIncomeRatio": 0.2406064057,
    "eps": 1.55,
    "epsdiluted": 1.53,
    "weightedAverageShsOut": 244421000,
    "weightedAverageShsOutDil": 247073000,
    "link": "https://www.sec.gov/Archives/edgar/data/1014473/000119312507154202/0001193125-07-154202-index.htm",
    "finalLink": "https://www.sec.gov/Archives/edgar/data/1014473/000119312507154202/d10k.htm"
  },
  {
    "date": "2005-12-31",
    "symbol": "VRSN",
    "reportedCurrency": "USD",
    "cik": "0001014473",
    "fillingDate": "2006-03-13",
    "acceptedDate": "2006-03-10 19:24:42",
    "calendarYear": "2005",
    "period": "FY",
    "revenue": 1609494000,
    "costOfRevenue": 512225000,
    "grossProfit": 1097269000,
    "grossProfitRatio": 0.681747804,
    "researchAndDevelopmentExpenses": 95339000,
    "generalAndAdministrativeExpenses": 675140000,
    "sellingAndMarketingExpenses": 0,
    "sellingGeneralAndAdministrativeExpenses": 675140000,
    "otherExpenses": 101638000,
    "operatingExpenses": 872117000,
    "costAndExpenses": 1384342000,
    "interestIncome": 0,
    "interestExpense": 0,
    "depreciationAndAmortization": 197259000,
    "ebitda": 458877000,
    "ebitdaratio": 0.285106375,
    "operatingIncome": 196429000,
    "operatingIncomeRatio": 0.1220439467,
    "totalOtherIncomeExpensesNet": 51974000,
    "incomeBeforeTax": 243233000,
    "incomeBeforeTaxRatio": 0.1511238936,
    "incomeTaxExpense": 104655000,
    "netIncome": 406461000,
    "netIncomeRatio": 0.252539618,
    "eps": 1.67,
    "epsdiluted": 1.63,
    "weightedAverageShsOut": 257368000,
    "weightedAverageShsOutDil": 263689000,
    "link": "https://www.sec.gov/Archives/edgar/data/1014473/000119312506051312/0001193125-06-051312-index.htm",
    "finalLink": "https://www.sec.gov/Archives/edgar/data/1014473/000119312506051312/d10k.htm"
  },
  {
    "date": "2004-12-31",
    "symbol": "VRSN",
    "reportedCurrency": "USD",
    "cik": "0001014473",
    "fillingDate": "2005-03-16",
    "acceptedDate": "2005-03-16 13:43:08",
    "calendarYear": "2004",
    "period": "FY",
    "revenue": 1166455000,
    "costOfRevenue": 444759000,
    "grossProfit": 721696000,
    "grossProfitRatio": 0.6187088229,
    "researchAndDevelopmentExpenses": 67346000,
    "generalAndAdministrativeExpenses": 418402000,
    "sellingAndMarketingExpenses": 0,
    "sellingGeneralAndAdministrativeExpenses": 418402000,
    "otherExpenses": 79440000,
    "operatingExpenses": 565188000,
    "costAndExpenses": 1009947000,
    "interestIncome": 10151000,
    "interestExpense": 0,
    "depreciationAndAmortization": 168217000,
    "ebitda": 361665000,
    "ebitdaratio": 0.3100548242,
    "operatingIncome": 131728000,
    "operatingIncomeRatio": 0.1129302031,
    "totalOtherIncomeExpensesNet": 82077000,
    "incomeBeforeTax": 213805000,
    "incomeBeforeTaxRatio": 0.1832946835,
    "incomeTaxExpense": 27580000,
    "netIncome": 186225000,
    "netIncomeRatio": 0.1596503937,
    "eps": 0.61,
    "epsdiluted": 0.6,
    "weightedAverageShsOut": 250524590,
    "weightedAverageShsOutDil": 254700000,
    "link": "https://www.sec.gov/Archives/edgar/data/1014473/000119312505052424/0001193125-05-052424-index.htm",
    "finalLink": "https://www.sec.gov/Archives/edgar/data/1014473/000119312505052424/d10k.htm"
  },
  {
    "date": "2003-12-31",
    "symbol": "VRSN",
    "reportedCurrency": "USD",
    "cik": "0001014473",
    "fillingDate": "2004-03-15",
    "acceptedDate": "2004-03-15 13:01:32",
    "calendarYear": "2003",
    "period": "FY",
    "revenue": 1054780000,
    "costOfRevenue": 446207000,
    "grossProfit": 608573000,
    "grossProfitRatio": 0.5769667608,
    "researchAndDevelopmentExpenses": 55806000,
    "generalAndAdministrativeExpenses": 363710000,
    "sellingAndMarketingExpenses": 0,
    "sellingGeneralAndAdministrativeExpenses": 363710000,
    "otherExpenses": 342674000,
    "operatingExpenses": 762190000,
    "costAndExpenses": 1208397000,
    "interestIncome": 0,
    "interestExpense": 0,
    "depreciationAndAmortization": 457370000,
    "ebitda": 290572000,
    "ebitdaratio": 0.275481143,
    "operatingIncome": -228250000,
    "operatingIncomeRatio": -0.2163958361,
    "totalOtherIncomeExpensesNet": -21458000,
    "incomeBeforeTax": -236526000,
    "incomeBeforeTaxRatio": -0.224242022,
    "incomeTaxExpense": 23353000,
    "netIncome": -259879000,
    "netIncomeRatio": -0.246382184,
    "eps": -1.2,
    "epsdiluted": -1.2,
    "weightedAverageShsOut": 216565833,
    "weightedAverageShsOutDil": 216565833,
    "link": "https://www.sec.gov/Archives/edgar/data/1014473/000119312504041888/0001193125-04-041888-index.htm",
    "finalLink": "https://www.sec.gov/Archives/edgar/data/1014473/000119312504041888/d10k.htm"
  },
  {
    "date": "2002-12-31",
    "symbol": "VRSN",
    "reportedCurrency": "USD",
    "cik": "0001014473",
    "fillingDate": "2003-03-31",
    "acceptedDate": "2003-03-31 08:16:52",
    "calendarYear": "2002",
    "period": "FY",
    "revenue": 1221668000,
    "costOfRevenue": 571367000,
    "grossProfit": 650301000,
    "grossProfitRatio": 0.532305831,
    "researchAndDevelopmentExpenses": 48353000,
    "generalAndAdministrativeExpenses": 420293000,
    "sellingAndMarketingExpenses": 0,
    "sellingGeneralAndAdministrativeExpenses": 420293000,
    "otherExpenses": 4894714000,
    "operatingExpenses": 5363360000,
    "costAndExpenses": 5934727000,
    "interestIncome": 0,
    "interestExpense": 0,
    "depreciationAndAmortization": 5019152000,
    "ebitda": 306093000,
    "ebitdaratio": 0.2505533418,
    "operatingIncome": -4801633000,
    "operatingIncomeRatio": -3.9303910719,
    "totalOtherIncomeExpensesNet": -148873000,
    "incomeBeforeTax": -4950506000,
    "incomeBeforeTaxRatio": -4.0522515119,
    "incomeTaxExpense": 10375000,
    "netIncome": -4961297000,
    "netIncomeRatio": -4.0610845172,
    "eps": -20.97,
    "epsdiluted": -20.97,
    "weightedAverageShsOut": 236552000,
    "weightedAverageShsOutDil": 236552000,
    "link": "https://www.sec.gov/Archives/edgar/data/1014473/000101287003001482/0001012870-03-001482-index.htm",
    "finalLink": "https://www.sec.gov/Archives/edgar/data/1014473/000101287003001482/d10k.htm"
  },
  {
    "date": "2001-12-31",
    "symbol": "VRSN",
    "reportedCurrency": "USD",
    "cik": "0001014473",
    "fillingDate": "2002-03-19",
    "acceptedDate": "2002-03-19 00:00:00",
    "calendarYear": "2001",
    "period": "FY",
    "revenue": 983564000,
    "costOfRevenue": 343721000,
    "grossProfit": 639843000,
    "grossProfitRatio": 0.6505351965,
    "researchAndDevelopmentExpenses": 78134000,
    "generalAndAdministrativeExpenses": 402882000,
    "sellingAndMarketingExpenses": 0,
    "sellingGeneralAndAdministrativeExpenses": 402882000,
    "otherExpenses": 13569653000,
    "operatingExpenses": 14050669000,
    "costAndExpenses": 14394390000,
    "interestIncome": 0,
    "interestExpense": 0,
    "depreciationAndAmortization": 13636318000,
    "ebitda": 225492000,
    "ebitdaratio": 0.2292601193,
    "operatingIncome": -13410826000,
    "operatingIncomeRatio": -13.6349297046,
    "totalOtherIncomeExpensesNet": -23048000,
    "incomeBeforeTax": -13433874000,
    "incomeBeforeTaxRatio": -13.6583628518,
    "incomeTaxExpense": -77922000,
    "netIncome": -13355952000,
    "netIncomeRatio": -13.5791387241,
    "eps": -65.64,
    "epsdiluted": -65.64,
    "weightedAverageShsOut": 203478000,
    "weightedAverageShsOutDil": 203478000,
    "link": "https://www.sec.gov/Archives/edgar/data/1014473/000101287002001292/0001012870-02-001292-index.htm",
    "finalLink": "https://www.sec.gov/Archives/edgar/data/1014473/000101287002001292/d10k.txt"
  },
  {
    "date": "2000-12-31",
    "symbol": "VRSN",
    "reportedCurrency": "USD",
    "cik": "0001014473",
    "fillingDate": "2001-03-28",
    "acceptedDate": "2001-03-28 00:00:00",
    "calendarYear": "2000",
    "period": "FY",
    "revenue": 474766000,
    "costOfRevenue": 133472000,
    "grossProfit": 341294000,
    "grossProfitRatio": 0.7188678212,
    "researchAndDevelopmentExpenses": 41256000,
    "generalAndAdministrativeExpenses": 227820000,
    "sellingAndMarketingExpenses": 0,
    "sellingGeneralAndAdministrativeExpenses": 227820000,
    "otherExpenses": 3218527000,
    "operatingExpenses": 3487603000,
    "costAndExpenses": 3621075000,
    "interestIncome": 0,
    "interestExpense": 0,
    "depreciationAndAmortization": 3218527000,
    "ebitda": 72218000,
    "ebitdaratio": 0.1521128303,
    "operatingIncome": -3146309000,
    "operatingIncomeRatio": -6.6270731266,
    "totalOtherIncomeExpensesNet": -20482000,
    "incomeBeforeTax": -3166791000,
    "incomeBeforeTaxRatio": -6.6702143793,
    "incomeTaxExpense": -30835000,
    "netIncome": -3115474000,
    "netIncomeRatio": -6.5621253417,
    "eps": -19.57,
    "epsdiluted": -19.57,
    "weightedAverageShsOut": 159169000,
    "weightedAverageShsOutDil": 159169000,
    "link": "https://www.sec.gov/Archives/edgar/data/1014473/000101287001001360/0001012870-01-001360-index.htm",
    "finalLink": "https://www.sec.gov/Archives/edgar/data/1014473/000101287001001360/0001012870-01-001360-0001.txt"
  },
  {
    "date": "1999-12-31",
    "symbol": "VRSN",
    "reportedCurrency": "USD",
    "cik": "0001014473",
    "fillingDate": "2000-04-27",
    "acceptedDate": "2000-04-27 00:00:00",
    "calendarYear": "1999",
    "period": "FY",
    "revenue": 84776000,
    "costOfRevenue": 26494000,
    "grossProfit": 58282000,
    "grossProfitRatio": 0.6874823063,
    "researchAndDevelopmentExpenses": 13303000,
    "generalAndAdministrativeExpenses": 42885000,
    "sellingAndMarketingExpenses": 0,
    "sellingGeneralAndAdministrativeExpenses": 42885000,
    "otherExpenses": 5404000,
    "operatingExpenses": 61592000,
    "costAndExpenses": 88086000,
    "interestIncome": 7365000,
    "interestExpense": 0,
    "depreciationAndAmortization": 5404000,
    "ebitda": 2198000,
    "ebitdaratio": 0.0259271492,
    "operatingIncome": -3310000,
    "operatingIncomeRatio": -0.0390440691,
    "totalOtherIncomeExpensesNet": 7265000,
    "incomeBeforeTax": 3955000,
    "incomeBeforeTaxRatio": 0.0466523544,
    "incomeTaxExpense": 0,
    "netIncome": 3955000,
    "netIncomeRatio": 0.0466523544,
    "eps": 0.04,
    "epsdiluted": 0.03,
    "weightedAverageShsOut": 100531000,
    "weightedAverageShsOutDil": 114610000,
    "link": "https://www.sec.gov/Archives/edgar/data/1014473/000101287000002380/0001012870-00-002380-index.html",
    "finalLink": "https://www.sec.gov/Archives/edgar/data/1014473/000101287000002380/"
  },
  {
    "date": "1998-12-31",
    "symbol": "VRSN",
    "reportedCurrency": "USD",
    "cik": "0001014473",
    "fillingDate": "1999-02-22",
    "acceptedDate": "1999-02-22 00:00:00",
    "calendarYear": "1998",
    "period": "FY",
    "revenue": 38900000,
    "costOfRevenue": 15500000,
    "grossProfit": 23400000,
    "grossProfitRatio": 0.6015424165,
    "researchAndDevelopmentExpenses": 8400000,
    "generalAndAdministrativeExpenses": 30600000,
    "sellingAndMarketingExpenses": 0,
    "sellingGeneralAndAdministrativeExpenses": 30600000,
    "otherExpenses": 3900000,
    "operatingExpenses": 42900000,
    "costAndExpenses": 58400000,
    "interestIncome": 0,
    "interestExpense": 0,
    "depreciationAndAmortization": 3900000,
    "ebitda": -15600000,
    "ebitdaratio": -0.4010282776,
    "operatingIncome": -19500000,
    "operatingIncomeRatio": -0.501285347,
    "totalOtherIncomeExpensesNet": -1500000,
    "incomeBeforeTax": -21000000,
    "incomeBeforeTaxRatio": -0.5398457584,
    "incomeTaxExpense": 200000,
    "netIncome": -19700000,
    "netIncomeRatio": -0.5064267352,
    "eps": -0.24,
    "epsdiluted": -0.24,
    "weightedAverageShsOut": 83492000,
    "weightedAverageShsOutDil": 83492000,
    "link": "https://www.sec.gov/Archives/edgar/data/1014473/000101287099000609/0001012870-99-000609-index.html",
    "finalLink": "https://www.sec.gov/Archives/edgar/data/1014473/"
  },
  {
    "date": "1997-12-31",
    "symbol": "VRSN",
    "reportedCurrency": "USD",
    "cik": "0001014473",
    "fillingDate": "1997-12-31",
    "acceptedDate": "1997-12-31 00:00:00",
    "calendarYear": "1997",
    "period": "FY",
    "revenue": 9400000,
    "costOfRevenue": 5200000,
    "grossProfit": 4200000,
    "grossProfitRatio": 0.4468085106,
    "researchAndDevelopmentExpenses": 5200000,
    "generalAndAdministrativeExpenses": 0,
    "sellingAndMarketingExpenses": 0,
    "sellingGeneralAndAdministrativeExpenses": 15400000,
    "otherExpenses": 18000000,
    "operatingExpenses": 23200000,
    "costAndExpenses": 28400000,
    "interestIncome": 0,
    "interestExpense": 0,
    "depreciationAndAmortization": 2600000,
    "ebitda": -15900000,
    "ebitdaratio": -1.6914893617,
    "operatingIncome": -19000000,
    "operatingIncomeRatio": -2.0212765957,
    "totalOtherIncomeExpensesNet": -2200000,
    "incomeBeforeTax": -20700000,
    "incomeBeforeTaxRatio": -2.2021276596,
    "incomeTaxExpense": 200000,
    "netIncome": -19200000,
    "netIncomeRatio": -2.0425531915,
    "eps": -0.23,
    "epsdiluted": -0.23,
    "weightedAverageShsOut": 82972000,
    "weightedAverageShsOutDil": 82972000,
    "link": null,
    "finalLink": null
  }
]