[
  {
    "date": "2025-06-30",
    "symbol": "VST",
    "reportedCurrency": "USD",
    "cik": "0001692819",
    "fillingDate": "2025-08-08",
    "acceptedDate": "2025-08-07 18:40:48",
    "calendarYear": "2025",
    "period": "Q2",
    "revenue": 4250000000,
    "costOfRevenue": 3316000000,
    "grossProfit": 934000000,
    "grossProfitRatio": 0.2197647059,
    "researchAndDevelopmentExpenses": 0,
    "generalAndAdministrativeExpenses": 0,
    "sellingAndMarketingExpenses": 0,
    "sellingGeneralAndAdministrativeExpenses": 419000000,
    "otherExpenses": 0,
    "operatingExpenses": 419000000,
    "costAndExpenses": 3735000000,
    "interestIncome": 4000000,
    "interestExpense": 303000000,
    "depreciationAndAmortization": 794000000,
    "ebitda": 1118000000,
    "ebitdaratio": 0.2630588235,
    "operatingIncome": 515000000,
    "operatingIncomeRatio": 0.1211764706,
    "totalOtherIncomeExpensesNet": -112000000,
    "incomeBeforeTax": 403000000,
    "incomeBeforeTaxRatio": 0.0948235294,
    "incomeTaxExpense": 76000000,
    "netIncome": 327000000,
    "netIncomeRatio": 0.0769411765,
    "eps": 0.83,
    "epsdiluted": 0,
    "weightedAverageShsOut": 339800000,
    "weightedAverageShsOutDil": 339800000,
    "link": "https://www.sec.gov/Archives/edgar/data/1692819/000169281925000085/0001692819-25-000085-index.htm",
    "finalLink": "https://www.sec.gov/Archives/edgar/data/1692819/000169281925000085/vistra-20250630.htm"
  },
  {
    "date": "2025-03-31",
    "symbol": "VST",
    "reportedCurrency": "USD",
    "cik": "0001692819",
    "fillingDate": "2025-05-08",
    "acceptedDate": "2025-05-07 20:27:58",
    "calendarYear": "2025",
    "period": "Q1",
    "revenue": 5171000000,
    "costOfRevenue": 3631000000,
    "grossProfit": 1540000000,
    "grossProfitRatio": 0.297814736,
    "researchAndDevelopmentExpenses": 0,
    "generalAndAdministrativeExpenses": 0,
    "sellingAndMarketingExpenses": 0,
    "sellingGeneralAndAdministrativeExpenses": 373000000,
    "otherExpenses": 0,
    "operatingExpenses": 373000000,
    "costAndExpenses": 4004000000,
    "interestIncome": 6000000,
    "interestExpense": 271000000,
    "depreciationAndAmortization": 772000000,
    "ebitda": 599000000,
    "ebitdaratio": 0.1158383291,
    "operatingIncome": 1167000000,
    "operatingIncomeRatio": 0.2256816863,
    "totalOtherIncomeExpensesNet": -1611000000,
    "incomeBeforeTax": -444000000,
    "incomeBeforeTaxRatio": -0.0858634693,
    "incomeTaxExpense": -176000000,
    "netIncome": -268000000,
    "netIncomeRatio": -0.0518274995,
    "eps": -0.93,
    "epsdiluted": -0.93,
    "weightedAverageShsOut": 339800000,
    "weightedAverageShsOutDil": 339800000,
    "link": "https://www.sec.gov/Archives/edgar/data/1692819/000169281925000035/0001692819-25-000035-index.htm",
    "finalLink": "https://www.sec.gov/Archives/edgar/data/1692819/000169281925000035/vistra-20250331.htm"
  },
  {
    "date": "2024-12-31",
    "symbol": "VST",
    "reportedCurrency": "USD",
    "cik": "0001692819",
    "fillingDate": "2025-02-28",
    "acceptedDate": "2025-02-27 18:59:13",
    "calendarYear": "2024",
    "period": "Q4",
    "revenue": 7362000000,
    "costOfRevenue": 3140000000,
    "grossProfit": 4222000000,
    "grossProfitRatio": 0.5734854659,
    "researchAndDevelopmentExpenses": 0,
    "generalAndAdministrativeExpenses": 0,
    "sellingAndMarketingExpenses": 0,
    "sellingGeneralAndAdministrativeExpenses": 411000000,
    "otherExpenses": 0,
    "operatingExpenses": 411000000,
    "costAndExpenses": 3551000000,
    "interestIncome": 15000000,
    "interestExpense": 371000000,
    "depreciationAndAmortization": 740000000,
    "ebitda": 1562000000,
    "ebitdaratio": 0.2121706058,
    "operatingIncome": 3811000000,
    "operatingIncomeRatio": 0.517658245,
    "totalOtherIncomeExpensesNet": -3360000000,
    "incomeBeforeTax": 451000000,
    "incomeBeforeTaxRatio": 0.061260527,
    "incomeTaxExpense": -39000000,
    "netIncome": 441000000,
    "netIncomeRatio": 0.0599022005,
    "eps": 1.16,
    "epsdiluted": 1.13,
    "weightedAverageShsOut": 344788634,
    "weightedAverageShsOutDil": 352567060,
    "link": "https://www.sec.gov/Archives/edgar/data/1692819/000169281925000013/0001692819-25-000013-index.htm",
    "finalLink": "https://www.sec.gov/Archives/edgar/data/1692819/000169281925000013/vistra-20241231.htm"
  },
  {
    "date": "2024-09-30",
    "symbol": "VST",
    "reportedCurrency": "USD",
    "cik": "0001692819",
    "fillingDate": "2024-11-08",
    "acceptedDate": "2024-11-07 19:13:24",
    "calendarYear": "2024",
    "period": "Q3",
    "revenue": 5534000000,
    "costOfRevenue": 3161000000,
    "grossProfit": 2373000000,
    "grossProfitRatio": 0.4288037586,
    "researchAndDevelopmentExpenses": 0,
    "generalAndAdministrativeExpenses": 0,
    "sellingAndMarketingExpenses": 0,
    "sellingGeneralAndAdministrativeExpenses": 386000000,
    "otherExpenses": 0,
    "operatingExpenses": 386000000,
    "costAndExpenses": 3547000000,
    "interestIncome": 9000000,
    "interestExpense": 248000000,
    "depreciationAndAmortization": 714000000,
    "ebitda": 3354000000,
    "ebitdaratio": 0.6060715576,
    "operatingIncome": 1987000000,
    "operatingIncomeRatio": 0.3590531261,
    "totalOtherIncomeExpensesNet": 405000000,
    "incomeBeforeTax": 2392000000,
    "incomeBeforeTaxRatio": 0.4322370799,
    "incomeTaxExpense": 555000000,
    "netIncome": 1888000000,
    "netIncomeRatio": 0.3411637152,
    "eps": 5.36,
    "epsdiluted": 5.25,
    "weightedAverageShsOut": 342969916,
    "weightedAverageShsOutDil": 350203692,
    "link": "https://www.sec.gov/Archives/edgar/data/1692819/000169281924000069/0001692819-24-000069-index.htm",
    "finalLink": "https://www.sec.gov/Archives/edgar/data/1692819/000169281924000069/vistra-20240930.htm"
  },
  {
    "date": "2024-06-30",
    "symbol": "VST",
    "reportedCurrency": "USD",
    "cik": "0001692819",
    "fillingDate": "2024-08-09",
    "acceptedDate": "2024-08-08 18:03:53",
    "calendarYear": "2024",
    "period": "Q2",
    "revenue": 3688000000,
    "costOfRevenue": 2721000000,
    "grossProfit": 967000000,
    "grossProfitRatio": 0.2622017354,
    "researchAndDevelopmentExpenses": 0,
    "generalAndAdministrativeExpenses": 0,
    "sellingAndMarketingExpenses": 0,
    "sellingGeneralAndAdministrativeExpenses": 350000000,
    "otherExpenses": 0,
    "operatingExpenses": 350000000,
    "costAndExpenses": 3071000000,
    "interestIncome": 18000000,
    "interestExpense": 252000000,
    "depreciationAndAmortization": 623000000,
    "ebitda": 1501000000,
    "ebitdaratio": 0.4069956616,
    "operatingIncome": 617000000,
    "operatingIncomeRatio": 0.1672993492,
    "totalOtherIncomeExpensesNet": 9000000,
    "incomeBeforeTax": 626000000,
    "incomeBeforeTaxRatio": 0.1697396963,
    "incomeTaxExpense": 159000000,
    "netIncome": 365000000,
    "netIncomeRatio": 0.0989696312,
    "eps": 0.92,
    "epsdiluted": 0.9,
    "weightedAverageShsOut": 347046021,
    "weightedAverageShsOutDil": 354327393,
    "link": "https://www.sec.gov/Archives/edgar/data/1692819/000169281924000061/0001692819-24-000061-index.htm",
    "finalLink": "https://www.sec.gov/Archives/edgar/data/1692819/000169281924000061/vistra-20240630.htm"
  },
  {
    "date": "2024-03-31",
    "symbol": "VST",
    "reportedCurrency": "USD",
    "cik": "0001692819",
    "fillingDate": "2024-05-10",
    "acceptedDate": "2024-05-09 18:49:22",
    "calendarYear": "2024",
    "period": "Q1",
    "revenue": 2793000000,
    "costOfRevenue": 2662000000,
    "grossProfit": 131000000,
    "grossProfitRatio": 0.0469029717,
    "researchAndDevelopmentExpenses": 0,
    "generalAndAdministrativeExpenses": 0,
    "sellingAndMarketingExpenses": 0,
    "sellingGeneralAndAdministrativeExpenses": 318000000,
    "otherExpenses": 0,
    "operatingExpenses": 318000000,
    "costAndExpenses": 2980000000,
    "interestIncome": 23000000,
    "interestExpense": 219000000,
    "depreciationAndAmortization": 555000000,
    "ebitda": 772000000,
    "ebitdaratio": 0.276405299,
    "operatingIncome": -187000000,
    "operatingIncomeRatio": -0.066953097,
    "totalOtherIncomeExpensesNet": 185000000,
    "incomeBeforeTax": -2000000,
    "incomeBeforeTaxRatio": -0.0007160759,
    "incomeTaxExpense": -20000000,
    "netIncome": -35000000,
    "netIncomeRatio": -0.0125313283,
    "eps": -0.24,
    "epsdiluted": -0.24,
    "weightedAverageShsOut": 348966197,
    "weightedAverageShsOutDil": 348966197,
    "link": "https://www.sec.gov/Archives/edgar/data/1692819/000169281924000033/0001692819-24-000033-index.htm",
    "finalLink": "https://www.sec.gov/Archives/edgar/data/1692819/000169281924000033/vistra-20240331.htm"
  },
  {
    "date": "2023-12-31",
    "symbol": "VST",
    "reportedCurrency": "USD",
    "cik": "0001692819",
    "fillingDate": "2024-02-29",
    "acceptedDate": "2024-02-28 21:35:37",
    "calendarYear": "2023",
    "period": "Q4",
    "revenue": 3392000000,
    "costOfRevenue": 2512000000,
    "grossProfit": 880000000,
    "grossProfitRatio": 0.2594339623,
    "researchAndDevelopmentExpenses": 0,
    "generalAndAdministrativeExpenses": 0,
    "sellingAndMarketingExpenses": 0,
    "sellingGeneralAndAdministrativeExpenses": 344000000,
    "otherExpenses": 0,
    "operatingExpenses": 344000000,
    "costAndExpenses": 2856000000,
    "interestIncome": 44000000,
    "interestExpense": 234000000,
    "depreciationAndAmortization": 425000000,
    "ebitda": 513000000,
    "ebitdaratio": 0.1512382075,
    "operatingIncome": 536000000,
    "operatingIncomeRatio": 0.1580188679,
    "totalOtherIncomeExpensesNet": -682000000,
    "incomeBeforeTax": -146000000,
    "incomeBeforeTaxRatio": -0.0430424528,
    "incomeTaxExpense": 38000000,
    "netIncome": -184000000,
    "netIncomeRatio": -0.054245283,
    "eps": -0.6317,
    "epsdiluted": -0.6317,
    "weightedAverageShsOut": 351457016,
    "weightedAverageShsOutDil": 351457016,
    "link": "https://www.sec.gov/Archives/edgar/data/1692819/000169281924000012/0001692819-24-000012-index.htm",
    "finalLink": "https://www.sec.gov/Archives/edgar/data/1692819/000169281924000012/vistra-20231231.htm"
  },
  {
    "date": "2023-09-30",
    "symbol": "VST",
    "reportedCurrency": "USD",
    "cik": "0001692819",
    "fillingDate": "2023-11-07",
    "acceptedDate": "2023-11-07 10:00:15",
    "calendarYear": "2023",
    "period": "Q3",
    "revenue": 5204000000,
    "costOfRevenue": 2943000000,
    "grossProfit": 2261000000,
    "grossProfitRatio": 0.4344734819,
    "researchAndDevelopmentExpenses": 0,
    "generalAndAdministrativeExpenses": 0,
    "sellingAndMarketingExpenses": 0,
    "sellingGeneralAndAdministrativeExpenses": 335000000,
    "otherExpenses": 0,
    "operatingExpenses": 335000000,
    "costAndExpenses": 3278000000,
    "interestIncome": 16000000,
    "interestExpense": 186000000,
    "depreciationAndAmortization": 499000000,
    "ebitda": 1356000000,
    "ebitdaratio": 0.2605687932,
    "operatingIncome": 1926000000,
    "operatingIncomeRatio": 0.3700999231,
    "totalOtherIncomeExpensesNet": -1255000000,
    "incomeBeforeTax": 671000000,
    "incomeBeforeTaxRatio": 0.1289392775,
    "incomeTaxExpense": 169000000,
    "netIncome": 502000000,
    "netIncomeRatio": 0.0964642583,
    "eps": 1.27,
    "epsdiluted": 1.25,
    "weightedAverageShsOut": 366570040,
    "weightedAverageShsOutDil": 372149099,
    "link": "https://www.sec.gov/Archives/edgar/data/1692819/000162828023037205/0001628280-23-037205-index.htm",
    "finalLink": "https://www.sec.gov/Archives/edgar/data/1692819/000162828023037205/vistra-20230930.htm"
  },
  {
    "date": "2023-06-30",
    "symbol": "VST",
    "reportedCurrency": "USD",
    "cik": "0001692819",
    "fillingDate": "2023-08-09",
    "acceptedDate": "2023-08-09 10:07:10",
    "calendarYear": "2023",
    "period": "Q2",
    "revenue": 3190000000,
    "costOfRevenue": 2256000000,
    "grossProfit": 934000000,
    "grossProfitRatio": 0.2927899687,
    "researchAndDevelopmentExpenses": 0,
    "generalAndAdministrativeExpenses": 0,
    "sellingAndMarketingExpenses": 0,
    "sellingGeneralAndAdministrativeExpenses": 294000000,
    "otherExpenses": 0,
    "operatingExpenses": 294000000,
    "costAndExpenses": 2550000000,
    "interestIncome": 12000000,
    "interestExpense": 163000000,
    "depreciationAndAmortization": 465000000,
    "ebitda": 1227000000,
    "ebitdaratio": 0.3846394984,
    "operatingIncome": 640000000,
    "operatingIncomeRatio": 0.2006269592,
    "totalOtherIncomeExpensesNet": -41000000,
    "incomeBeforeTax": 599000000,
    "incomeBeforeTaxRatio": 0.1877742947,
    "incomeTaxExpense": 123000000,
    "netIncome": 476000000,
    "netIncomeRatio": 0.1492163009,
    "eps": 1.18,
    "epsdiluted": 1.17,
    "weightedAverageShsOut": 372956476,
    "weightedAverageShsOutDil": 376794258,
    "link": "https://www.sec.gov/Archives/edgar/data/1692819/000162828023028436/0001628280-23-028436-index.htm",
    "finalLink": "https://www.sec.gov/Archives/edgar/data/1692819/000162828023028436/vistra-20230630.htm"
  },
  {
    "date": "2023-03-31",
    "symbol": "VST",
    "reportedCurrency": "USD",
    "cik": "0001692819",
    "fillingDate": "2023-05-09",
    "acceptedDate": "2023-05-09 09:57:03",
    "calendarYear": "2023",
    "period": "Q1",
    "revenue": 3756000000,
    "costOfRevenue": 2662000000,
    "grossProfit": 1094000000,
    "grossProfitRatio": 0.2912673056,
    "researchAndDevelopmentExpenses": 0,
    "generalAndAdministrativeExpenses": 0,
    "sellingAndMarketingExpenses": 0,
    "sellingGeneralAndAdministrativeExpenses": 287000000,
    "otherExpenses": 0,
    "operatingExpenses": 287000000,
    "costAndExpenses": 2949000000,
    "interestIncome": 14000000,
    "interestExpense": 166000000,
    "depreciationAndAmortization": 477000000,
    "ebitda": 1519000000,
    "ebitdaratio": 0.4044195953,
    "operatingIncome": 807000000,
    "operatingIncomeRatio": 0.21485623,
    "totalOtherIncomeExpensesNet": 69000000,
    "incomeBeforeTax": 876000000,
    "incomeBeforeTaxRatio": 0.2332268371,
    "incomeTaxExpense": 178000000,
    "netIncome": 699000000,
    "netIncomeRatio": 0.1861022364,
    "eps": 1.72,
    "epsdiluted": 1.71,
    "weightedAverageShsOut": 383631369,
    "weightedAverageShsOutDil": 387553379,
    "link": "https://www.sec.gov/Archives/edgar/data/1692819/000162828023016662/0001628280-23-016662-index.htm",
    "finalLink": "https://www.sec.gov/Archives/edgar/data/1692819/000162828023016662/vistra-20230331.htm"
  },
  {
    "date": "2022-12-31",
    "symbol": "VST",
    "reportedCurrency": "USD",
    "cik": "0001692819",
    "fillingDate": "2023-03-01",
    "acceptedDate": "2023-03-01 09:41:10",
    "calendarYear": "2022",
    "period": "Q4",
    "revenue": 4313000000,
    "costOfRevenue": 4451000000,
    "grossProfit": -138000000,
    "grossProfitRatio": -0.0319962903,
    "researchAndDevelopmentExpenses": 0,
    "generalAndAdministrativeExpenses": 0,
    "sellingAndMarketingExpenses": 0,
    "sellingGeneralAndAdministrativeExpenses": 300000000,
    "otherExpenses": 0,
    "operatingExpenses": 300000000,
    "costAndExpenses": 4751000000,
    "interestIncome": 15000000,
    "interestExpense": 405000000,
    "depreciationAndAmortization": 482000000,
    "ebitda": 551000000,
    "ebitdaratio": 0.127753304,
    "operatingIncome": -438000000,
    "operatingIncomeRatio": -0.1015534431,
    "totalOtherIncomeExpensesNet": 102000000,
    "incomeBeforeTax": -336000000,
    "incomeBeforeTaxRatio": -0.0779040111,
    "incomeTaxExpense": -88000000,
    "netIncome": -246000000,
    "netIncomeRatio": -0.0570368653,
    "eps": -0.63,
    "epsdiluted": -0.63,
    "weightedAverageShsOut": 391261252,
    "weightedAverageShsOutDil": 391261252,
    "link": "https://www.sec.gov/Archives/edgar/data/1692819/000169281923000005/0001692819-23-000005-index.htm",
    "finalLink": "https://www.sec.gov/Archives/edgar/data/1692819/000169281923000005/vistra-20221231.htm"
  },
  {
    "date": "2022-09-30",
    "symbol": "VST",
    "reportedCurrency": "USD",
    "cik": "0001692819",
    "fillingDate": "2022-11-04",
    "acceptedDate": "2022-11-04 10:24:53",
    "calendarYear": "2022",
    "period": "Q3",
    "revenue": 5804000000,
    "costOfRevenue": 3798000000,
    "grossProfit": 2006000000,
    "grossProfitRatio": 0.3456237078,
    "researchAndDevelopmentExpenses": 0,
    "generalAndAdministrativeExpenses": 0,
    "sellingAndMarketingExpenses": 0,
    "sellingGeneralAndAdministrativeExpenses": 325000000,
    "otherExpenses": 0,
    "operatingExpenses": 325000000,
    "costAndExpenses": 4123000000,
    "interestIncome": 2000000,
    "interestExpense": 162000000,
    "depreciationAndAmortization": 497000000,
    "ebitda": 1573000000,
    "ebitdaratio": 0.2710199862,
    "operatingIncome": 1681000000,
    "operatingIncomeRatio": 0.2896278429,
    "totalOtherIncomeExpensesNet": -767000000,
    "incomeBeforeTax": 914000000,
    "incomeBeforeTaxRatio": 0.1574776017,
    "incomeTaxExpense": 236000000,
    "netIncome": 668000000,
    "netIncomeRatio": 0.1150930393,
    "eps": 1.525,
    "epsdiluted": 1.5114,
    "weightedAverageShsOut": 413762896,
    "weightedAverageShsOutDil": 417482511,
    "link": "https://www.sec.gov/Archives/edgar/data/1692819/000169281922000024/0001692819-22-000024-index.htm",
    "finalLink": "https://www.sec.gov/Archives/edgar/data/1692819/000169281922000024/vistra-20220930.htm"
  },
  {
    "date": "2022-06-30",
    "symbol": "VST",
    "reportedCurrency": "USD",
    "cik": "0001692819",
    "fillingDate": "2022-08-05",
    "acceptedDate": "2022-08-05 09:01:37",
    "calendarYear": "2022",
    "period": "Q2",
    "revenue": 3768000000,
    "costOfRevenue": 3240000000,
    "grossProfit": 528000000,
    "grossProfitRatio": 0.1401273885,
    "researchAndDevelopmentExpenses": 0,
    "generalAndAdministrativeExpenses": 0,
    "sellingAndMarketingExpenses": 0,
    "sellingGeneralAndAdministrativeExpenses": 277000000,
    "otherExpenses": 0,
    "operatingExpenses": 277000000,
    "costAndExpenses": 3517000000,
    "interestIncome": 0,
    "interestExpense": 154000000,
    "depreciationAndAmortization": 512000000,
    "ebitda": -1098000000,
    "ebitdaratio": -0.2914012739,
    "operatingIncome": 251000000,
    "operatingIncomeRatio": 0.0666135881,
    "totalOtherIncomeExpensesNet": -2015000000,
    "incomeBeforeTax": -1764000000,
    "incomeBeforeTaxRatio": -0.4681528662,
    "incomeTaxExpense": -407000000,
    "netIncome": -1365000000,
    "netIncomeRatio": -0.3622611465,
    "eps": -3.17,
    "epsdiluted": -3.16,
    "weightedAverageShsOut": 428746308,
    "weightedAverageShsOutDil": 429193031,
    "link": "https://www.sec.gov/Archives/edgar/data/1692819/000169281922000017/0001692819-22-000017-index.htm",
    "finalLink": "https://www.sec.gov/Archives/edgar/data/1692819/000169281922000017/vistra-20220630.htm"
  },
  {
    "date": "2022-03-31",
    "symbol": "VST",
    "reportedCurrency": "USD",
    "cik": "0001692819",
    "fillingDate": "2022-05-06",
    "acceptedDate": "2022-05-06 07:46:05",
    "calendarYear": "2022",
    "period": "Q1",
    "revenue": 3952000000,
    "costOfRevenue": 3217000000,
    "grossProfit": 735000000,
    "grossProfitRatio": 0.1859817814,
    "researchAndDevelopmentExpenses": 0,
    "generalAndAdministrativeExpenses": 0,
    "sellingAndMarketingExpenses": 0,
    "sellingGeneralAndAdministrativeExpenses": 305000000,
    "otherExpenses": 0,
    "operatingExpenses": 305000000,
    "costAndExpenses": 3522000000,
    "interestIncome": 0,
    "interestExpense": 133000000,
    "depreciationAndAmortization": 542000000,
    "ebitda": 300000000,
    "ebitdaratio": 0.0759109312,
    "operatingIncome": 430000000,
    "operatingIncomeRatio": 0.108805668,
    "totalOtherIncomeExpensesNet": -805000000,
    "incomeBeforeTax": -375000000,
    "incomeBeforeTaxRatio": -0.094888664,
    "incomeTaxExpense": -91000000,
    "netIncome": -285000000,
    "netIncomeRatio": -0.0721153846,
    "eps": -0.63,
    "epsdiluted": -0.63,
    "weightedAverageShsOut": 448611111,
    "weightedAverageShsOutDil": 451603354,
    "link": "https://www.sec.gov/Archives/edgar/data/1692819/000169281922000011/0001692819-22-000011-index.htm",
    "finalLink": "https://www.sec.gov/Archives/edgar/data/1692819/000169281922000011/vistra-20220331.htm"
  },
  {
    "date": "2021-12-31",
    "symbol": "VST",
    "reportedCurrency": "USD",
    "cik": "0001692819",
    "fillingDate": "2022-02-25",
    "acceptedDate": "2022-02-25 07:47:08",
    "calendarYear": "2021",
    "period": "Q4",
    "revenue": 3496000000,
    "costOfRevenue": 2413000000,
    "grossProfit": 1083000000,
    "grossProfitRatio": 0.3097826087,
    "researchAndDevelopmentExpenses": 0,
    "generalAndAdministrativeExpenses": 0,
    "sellingAndMarketingExpenses": 0,
    "sellingGeneralAndAdministrativeExpenses": 260000000,
    "otherExpenses": 0,
    "operatingExpenses": 260000000,
    "costAndExpenses": 2673000000,
    "interestIncome": 0,
    "interestExpense": 219000000,
    "depreciationAndAmortization": 488000000,
    "ebitda": 1548000000,
    "ebitdaratio": 0.442791762,
    "operatingIncome": 823000000,
    "operatingIncomeRatio": 0.2354118993,
    "totalOtherIncomeExpensesNet": 18000000,
    "incomeBeforeTax": 841000000,
    "incomeBeforeTaxRatio": 0.2405606407,
    "incomeTaxExpense": 111000000,
    "netIncome": 726000000,
    "netIncomeRatio": 0.2076659039,
    "eps": 1.51,
    "epsdiluted": 1.51,
    "weightedAverageShsOut": 482516965,
    "weightedAverageShsOutDil": 484494546,
    "link": "https://www.sec.gov/Archives/edgar/data/1692819/000169281922000005/0001692819-22-000005-index.htm",
    "finalLink": "https://www.sec.gov/Archives/edgar/data/1692819/000169281922000005/vistra-20211231.htm"
  },
  {
    "date": "2021-09-30",
    "symbol": "VST",
    "reportedCurrency": "USD",
    "cik": "0001692819",
    "fillingDate": "2021-11-05",
    "acceptedDate": "2021-11-05 07:47:39",
    "calendarYear": "2021",
    "period": "Q3",
    "revenue": 3910000000,
    "costOfRevenue": 2936000000,
    "grossProfit": 974000000,
    "grossProfitRatio": 0.2491048593,
    "researchAndDevelopmentExpenses": 0,
    "generalAndAdministrativeExpenses": 0,
    "sellingAndMarketingExpenses": 0,
    "sellingGeneralAndAdministrativeExpenses": 271000000,
    "otherExpenses": 0,
    "operatingExpenses": 271000000,
    "costAndExpenses": 3207000000,
    "interestIncome": 0,
    "interestExpense": 137000000,
    "depreciationAndAmortization": 559000000,
    "ebitda": 737000000,
    "ebitdaratio": 0.1884910486,
    "operatingIncome": 703000000,
    "operatingIncomeRatio": 0.1797953964,
    "totalOtherIncomeExpensesNet": -662000000,
    "incomeBeforeTax": 41000000,
    "incomeBeforeTaxRatio": 0.0104859335,
    "incomeTaxExpense": 31000000,
    "netIncome": 7000000,
    "netIncomeRatio": 0.0017902813,
    "eps": 0.0145,
    "epsdiluted": 0.0144,
    "weightedAverageShsOut": 482516965,
    "weightedAverageShsOutDil": 484494546,
    "link": "https://www.sec.gov/Archives/edgar/data/1692819/000169281921000015/0001692819-21-000015-index.htm",
    "finalLink": "https://www.sec.gov/Archives/edgar/data/1692819/000169281921000015/vistra-20210930.htm"
  },
  {
    "date": "2021-06-30",
    "symbol": "VST",
    "reportedCurrency": "USD",
    "cik": "0001692819",
    "fillingDate": "2021-08-05",
    "acceptedDate": "2021-08-05 07:58:56",
    "calendarYear": "2021",
    "period": "Q2",
    "revenue": 2748000000,
    "costOfRevenue": 2287000000,
    "grossProfit": 461000000,
    "grossProfitRatio": 0.1677583697,
    "researchAndDevelopmentExpenses": 0,
    "generalAndAdministrativeExpenses": 0,
    "sellingAndMarketingExpenses": 0,
    "sellingGeneralAndAdministrativeExpenses": 251000000,
    "otherExpenses": 0,
    "operatingExpenses": 251000000,
    "costAndExpenses": 2538000000,
    "interestIncome": 0,
    "interestExpense": 125000000,
    "depreciationAndAmortization": 464000000,
    "ebitda": 509000000,
    "ebitdaratio": 0.1852256186,
    "operatingIncome": 210000000,
    "operatingIncomeRatio": 0.076419214,
    "totalOtherIncomeExpensesNet": -290000000,
    "incomeBeforeTax": -80000000,
    "incomeBeforeTaxRatio": -0.0291120815,
    "incomeTaxExpense": -115000000,
    "netIncome": 36000000,
    "netIncomeRatio": 0.0131004367,
    "eps": 0.0741,
    "epsdiluted": 0.0739,
    "weightedAverageShsOut": 486022633,
    "weightedAverageShsOutDil": 487366226,
    "link": "https://www.sec.gov/Archives/edgar/data/1692819/000169281921000011/0001692819-21-000011-index.htm",
    "finalLink": "https://www.sec.gov/Archives/edgar/data/1692819/000169281921000011/vistra-20210630.htm"
  },
  {
    "date": "2021-03-31",
    "symbol": "VST",
    "reportedCurrency": "USD",
    "cik": "0001692819",
    "fillingDate": "2021-05-04",
    "acceptedDate": "2021-05-04 08:00:54",
    "calendarYear": "2021",
    "period": "Q1",
    "revenue": 3121000000,
    "costOfRevenue": 5579000000,
    "grossProfit": -2458000000,
    "grossProfitRatio": -0.7875680872,
    "researchAndDevelopmentExpenses": 0,
    "generalAndAdministrativeExpenses": 0,
    "sellingAndMarketingExpenses": 0,
    "sellingGeneralAndAdministrativeExpenses": 265000000,
    "otherExpenses": 0,
    "operatingExpenses": 265000000,
    "costAndExpenses": 5844000000,
    "interestIncome": 0,
    "interestExpense": 117000000,
    "depreciationAndAmortization": 511000000,
    "ebitda": -1897000000,
    "ebitdaratio": -0.607818007,
    "operatingIncome": -2723000000,
    "operatingIncomeRatio": -0.8724767703,
    "totalOtherIncomeExpensesNet": 198000000,
    "incomeBeforeTax": -2525000000,
    "incomeBeforeTaxRatio": -0.8090355655,
    "incomeTaxExpense": -485000000,
    "netIncome": -2043000000,
    "netIncomeRatio": -0.6545978853,
    "eps": -4.21,
    "epsdiluted": -4.21,
    "weightedAverageShsOut": 484699267,
    "weightedAverageShsOutDil": 484699267,
    "link": "https://www.sec.gov/Archives/edgar/data/1692819/000169281921000007/0001692819-21-000007-index.htm",
    "finalLink": "https://www.sec.gov/Archives/edgar/data/1692819/000169281921000007/vistra-20210331.htm"
  },
  {
    "date": "2020-12-31",
    "symbol": "VST",
    "reportedCurrency": "USD",
    "cik": "0001692819",
    "fillingDate": "2021-02-26",
    "acceptedDate": "2021-02-26 07:45:49",
    "calendarYear": "2020",
    "period": "Q4",
    "revenue": 2537000000,
    "costOfRevenue": 2220000000,
    "grossProfit": 317000000,
    "grossProfitRatio": 0.1249507292,
    "researchAndDevelopmentExpenses": 0,
    "generalAndAdministrativeExpenses": 0,
    "sellingAndMarketingExpenses": 0,
    "sellingGeneralAndAdministrativeExpenses": 281000000,
    "otherExpenses": 0,
    "operatingExpenses": 281000000,
    "costAndExpenses": 2501000000,
    "interestIncome": 1000000,
    "interestExpense": 115000000,
    "depreciationAndAmortization": 520000000,
    "ebitda": 591000000,
    "ebitdaratio": 0.2329523059,
    "operatingIncome": 36000000,
    "operatingIncomeRatio": 0.0141899882,
    "totalOtherIncomeExpensesNet": -80000000,
    "incomeBeforeTax": -44000000,
    "incomeBeforeTaxRatio": -0.0173433189,
    "incomeTaxExpense": -17000000,
    "netIncome": -29000000,
    "netIncomeRatio": -0.0114308238,
    "eps": -0.0598,
    "epsdiluted": -0.0598,
    "weightedAverageShsOut": 484699267,
    "weightedAverageShsOutDil": 484699267,
    "link": "https://www.sec.gov/Archives/edgar/data/1692819/000169281921000004/0001692819-21-000004-index.htm",
    "finalLink": "https://www.sec.gov/Archives/edgar/data/1692819/000169281921000004/vistra-20201231.htm"
  },
  {
    "date": "2020-09-30",
    "symbol": "VST",
    "reportedCurrency": "USD",
    "cik": "0001692819",
    "fillingDate": "2020-11-04",
    "acceptedDate": "2020-11-04 07:46:43",
    "calendarYear": "2020",
    "period": "Q3",
    "revenue": 3401000000,
    "costOfRevenue": 2350000000,
    "grossProfit": 1051000000,
    "grossProfitRatio": 0.3090267568,
    "researchAndDevelopmentExpenses": 0,
    "generalAndAdministrativeExpenses": 0,
    "sellingAndMarketingExpenses": 0,
    "sellingGeneralAndAdministrativeExpenses": 270000000,
    "otherExpenses": 0,
    "operatingExpenses": 270000000,
    "costAndExpenses": 2620000000,
    "interestIncome": 0,
    "interestExpense": 118000000,
    "depreciationAndAmortization": 472000000,
    "ebitda": 1231000000,
    "ebitdaratio": 0.361952367,
    "operatingIncome": 781000000,
    "operatingIncomeRatio": 0.2296383417,
    "totalOtherIncomeExpensesNet": -140000000,
    "incomeBeforeTax": 641000000,
    "incomeBeforeTaxRatio": 0.1884739782,
    "incomeTaxExpense": 199000000,
    "netIncome": 443000000,
    "netIncomeRatio": 0.1302558071,
    "eps": 0.91,
    "epsdiluted": 0.9,
    "weightedAverageShsOut": 488824580,
    "weightedAverageShsOutDil": 491025940,
    "link": "https://www.sec.gov/Archives/edgar/data/1692819/000169281920000019/0001692819-20-000019-index.htm",
    "finalLink": "https://www.sec.gov/Archives/edgar/data/1692819/000169281920000019/vistra-20200930.htm"
  },
  {
    "date": "2020-06-30",
    "symbol": "VST",
    "reportedCurrency": "USD",
    "cik": "0001692819",
    "fillingDate": "2020-08-05",
    "acceptedDate": "2020-08-05 07:55:34",
    "calendarYear": "2020",
    "period": "Q2",
    "revenue": 2515000000,
    "costOfRevenue": 1956000000,
    "grossProfit": 559000000,
    "grossProfitRatio": 0.2222664016,
    "researchAndDevelopmentExpenses": 0,
    "generalAndAdministrativeExpenses": 0,
    "sellingAndMarketingExpenses": 0,
    "sellingGeneralAndAdministrativeExpenses": 236000000,
    "otherExpenses": 0,
    "operatingExpenses": 236000000,
    "costAndExpenses": 2192000000,
    "interestIncome": 1000000,
    "interestExpense": 126000000,
    "depreciationAndAmortization": 512000000,
    "ebitda": 870000000,
    "ebitdaratio": 0.3459244533,
    "operatingIncome": 323000000,
    "operatingIncomeRatio": 0.1284294235,
    "totalOtherIncomeExpensesNet": -91000000,
    "incomeBeforeTax": 232000000,
    "incomeBeforeTaxRatio": 0.0922465209,
    "incomeTaxExpense": 68000000,
    "netIncome": 166000000,
    "netIncomeRatio": 0.0660039761,
    "eps": 0.34,
    "epsdiluted": 0.34,
    "weightedAverageShsOut": 488680442,
    "weightedAverageShsOutDil": 490468735,
    "link": "https://www.sec.gov/Archives/edgar/data/1692819/000169281920000015/0001692819-20-000015-index.htm",
    "finalLink": "https://www.sec.gov/Archives/edgar/data/1692819/000169281920000015/vistra-20200630.htm"
  },
  {
    "date": "2020-03-31",
    "symbol": "VST",
    "reportedCurrency": "USD",
    "cik": "0001692819",
    "fillingDate": "2020-05-05",
    "acceptedDate": "2020-05-05 07:59:22",
    "calendarYear": "2020",
    "period": "Q1",
    "revenue": 2609000000,
    "costOfRevenue": 2033000000,
    "grossProfit": 576000000,
    "grossProfitRatio": 0.220774243,
    "researchAndDevelopmentExpenses": 0,
    "generalAndAdministrativeExpenses": 0,
    "sellingAndMarketingExpenses": 0,
    "sellingGeneralAndAdministrativeExpenses": 233000000,
    "otherExpenses": 0,
    "operatingExpenses": 233000000,
    "costAndExpenses": 2266000000,
    "interestIncome": 1000000,
    "interestExpense": 134000000,
    "depreciationAndAmortization": 473000000,
    "ebitda": 669000000,
    "ebitdaratio": 0.2564200843,
    "operatingIncome": 343000000,
    "operatingIncomeRatio": 0.1314679954,
    "totalOtherIncomeExpensesNet": -281000000,
    "incomeBeforeTax": 62000000,
    "incomeBeforeTaxRatio": 0.0237638942,
    "incomeTaxExpense": 17000000,
    "netIncome": 56000000,
    "netIncomeRatio": 0.0214641625,
    "eps": 0.11,
    "epsdiluted": 0.11,
    "weightedAverageShsOut": 487944564,
    "weightedAverageShsOutDil": 490638626,
    "link": "https://www.sec.gov/Archives/edgar/data/1692819/000169281920000010/0001692819-20-000010-index.htm",
    "finalLink": "https://www.sec.gov/Archives/edgar/data/1692819/000169281920000010/vistra-20200331.htm"
  },
  {
    "date": "2019-12-31",
    "symbol": "VST",
    "reportedCurrency": "USD",
    "cik": "0001692819",
    "fillingDate": "2020-02-28",
    "acceptedDate": "2020-02-28 09:15:45",
    "calendarYear": "2019",
    "period": "Q4",
    "revenue": 2828000000,
    "costOfRevenue": 2261000000,
    "grossProfit": 567000000,
    "grossProfitRatio": 0.2004950495,
    "researchAndDevelopmentExpenses": 0,
    "generalAndAdministrativeExpenses": 0,
    "sellingAndMarketingExpenses": 0,
    "sellingGeneralAndAdministrativeExpenses": 269000000,
    "otherExpenses": 0,
    "operatingExpenses": 269000000,
    "costAndExpenses": 2530000000,
    "interestIncome": 1000000,
    "interestExpense": 181000000,
    "depreciationAndAmortization": 468000000,
    "ebitda": 903000000,
    "ebitdaratio": 0.3193069307,
    "operatingIncome": 298000000,
    "operatingIncomeRatio": 0.1053748232,
    "totalOtherIncomeExpensesNet": -44000000,
    "incomeBeforeTax": 254000000,
    "incomeBeforeTaxRatio": 0.0898161245,
    "incomeTaxExpense": 20000000,
    "netIncome": 234000000,
    "netIncomeRatio": 0.0827439887,
    "eps": 0.48,
    "epsdiluted": 0.48,
    "weightedAverageShsOut": 487944564,
    "weightedAverageShsOutDil": 490638626,
    "link": "https://www.sec.gov/Archives/edgar/data/1692819/000169281920000005/0001692819-20-000005-index.htm",
    "finalLink": "https://www.sec.gov/Archives/edgar/data/1692819/000169281920000005/vistra-20191231.htm"
  },
  {
    "date": "2019-09-30",
    "symbol": "VST",
    "reportedCurrency": "USD",
    "cik": "0001692819",
    "fillingDate": "2019-11-05",
    "acceptedDate": "2019-11-05 07:53:12",
    "calendarYear": "2019",
    "period": "Q3",
    "revenue": 3668000000,
    "costOfRevenue": 2506000000,
    "grossProfit": 1162000000,
    "grossProfitRatio": 0.3167938931,
    "researchAndDevelopmentExpenses": 0,
    "generalAndAdministrativeExpenses": 0,
    "sellingAndMarketingExpenses": 0,
    "sellingGeneralAndAdministrativeExpenses": 244000000,
    "otherExpenses": 0,
    "operatingExpenses": 244000000,
    "costAndExpenses": 2750000000,
    "interestIncome": 2000000,
    "interestExpense": 76000000,
    "depreciationAndAmortization": 491000000,
    "ebitda": 726000000,
    "ebitdaratio": 0.1979280262,
    "operatingIncome": 918000000,
    "operatingIncomeRatio": 0.2502726281,
    "totalOtherIncomeExpensesNet": -759000000,
    "incomeBeforeTax": 159000000,
    "incomeBeforeTaxRatio": 0.0433478735,
    "incomeTaxExpense": 45000000,
    "netIncome": 113000000,
    "netIncomeRatio": 0.0308069793,
    "eps": 0.23,
    "epsdiluted": 0.23,
    "weightedAverageShsOut": 490562179,
    "weightedAverageShsOutDil": 493670295,
    "link": "https://www.sec.gov/Archives/edgar/data/1692819/000169281919000018/0001692819-19-000018-index.htm",
    "finalLink": "https://www.sec.gov/Archives/edgar/data/1692819/000169281919000018/vistra-20190930x10q.htm"
  },
  {
    "date": "2019-06-30",
    "symbol": "VST",
    "reportedCurrency": "USD",
    "cik": "0001692819",
    "fillingDate": "2019-08-02",
    "acceptedDate": "2019-08-02 07:54:21",
    "calendarYear": "2019",
    "period": "Q2",
    "revenue": 2297000000,
    "costOfRevenue": 1883000000,
    "grossProfit": 414000000,
    "grossProfitRatio": 0.1802350892,
    "researchAndDevelopmentExpenses": 0,
    "generalAndAdministrativeExpenses": 0,
    "sellingAndMarketingExpenses": 0,
    "sellingGeneralAndAdministrativeExpenses": 210000000,
    "otherExpenses": 0,
    "operatingExpenses": 210000000,
    "costAndExpenses": 2093000000,
    "interestIncome": 3000000,
    "interestExpense": 50000000,
    "depreciationAndAmortization": 425000000,
    "ebitda": 977000000,
    "ebitdaratio": 0.4253373966,
    "operatingIncome": 204000000,
    "operatingIncomeRatio": 0.0888114933,
    "totalOtherIncomeExpensesNet": 298000000,
    "incomeBeforeTax": 502000000,
    "incomeBeforeTaxRatio": 0.2185459295,
    "incomeTaxExpense": 148000000,
    "netIncome": 356000000,
    "netIncomeRatio": 0.1549847627,
    "eps": 0.71,
    "epsdiluted": 0.7,
    "weightedAverageShsOut": 499778235,
    "weightedAverageShsOutDil": 507500383,
    "link": "https://www.sec.gov/Archives/edgar/data/1692819/000169281919000015/0001692819-19-000015-index.htm",
    "finalLink": "https://www.sec.gov/Archives/edgar/data/1692819/000169281919000015/vistra2019063010q.htm"
  },
  {
    "date": "2019-03-31",
    "symbol": "VST",
    "reportedCurrency": "USD",
    "cik": "0001692819",
    "fillingDate": "2019-05-03",
    "acceptedDate": "2019-05-03 07:49:17",
    "calendarYear": "2019",
    "period": "Q1",
    "revenue": 2711000000,
    "costOfRevenue": 2293000000,
    "grossProfit": 418000000,
    "grossProfitRatio": 0.154186647,
    "researchAndDevelopmentExpenses": 0,
    "generalAndAdministrativeExpenses": 0,
    "sellingAndMarketingExpenses": 0,
    "sellingGeneralAndAdministrativeExpenses": 182000000,
    "otherExpenses": 0,
    "operatingExpenses": 182000000,
    "costAndExpenses": 2475000000,
    "interestIncome": 4000000,
    "interestExpense": 75000000,
    "depreciationAndAmortization": 461000000,
    "ebitda": 837000000,
    "ebitdaratio": 0.3087421616,
    "operatingIncome": 236000000,
    "operatingIncomeRatio": 0.0870527481,
    "totalOtherIncomeExpensesNet": 65000000,
    "incomeBeforeTax": 301000000,
    "incomeBeforeTaxRatio": 0.1110291405,
    "incomeTaxExpense": 77000000,
    "netIncome": 225000000,
    "netIncomeRatio": 0.0829952047,
    "eps": 0.45,
    "epsdiluted": 0.44,
    "weightedAverageShsOut": 502367299,
    "weightedAverageShsOutDil": 509139988,
    "link": "https://www.sec.gov/Archives/edgar/data/1692819/000169281919000008/0001692819-19-000008-index.htm",
    "finalLink": "https://www.sec.gov/Archives/edgar/data/1692819/000169281919000008/vistra-2019331x10q.htm"
  },
  {
    "date": "2018-12-31",
    "symbol": "VST",
    "reportedCurrency": "USD",
    "cik": "0001692819",
    "fillingDate": "2019-02-28",
    "acceptedDate": "2019-02-28 16:48:18",
    "calendarYear": "2018",
    "period": "Q4",
    "revenue": 2777000000,
    "costOfRevenue": 2345000000,
    "grossProfit": 432000000,
    "grossProfitRatio": 0.1555635578,
    "researchAndDevelopmentExpenses": 0,
    "generalAndAdministrativeExpenses": 0,
    "sellingAndMarketingExpenses": 0,
    "sellingGeneralAndAdministrativeExpenses": 212000000,
    "otherExpenses": 0,
    "operatingExpenses": 212000000,
    "costAndExpenses": 2557000000,
    "interestIncome": 4000000,
    "interestExpense": 31000000,
    "depreciationAndAmortization": 468000000,
    "ebitda": 237000000,
    "ebitdaratio": 0.0853438963,
    "operatingIncome": 220000000,
    "operatingIncomeRatio": 0.0792221822,
    "totalOtherIncomeExpensesNet": -482000000,
    "incomeBeforeTax": -262000000,
    "incomeBeforeTaxRatio": -0.094346417,
    "incomeTaxExpense": -76000000,
    "netIncome": -186000000,
    "netIncomeRatio": -0.0669787541,
    "eps": -0.37,
    "epsdiluted": -0.37,
    "weightedAverageShsOut": 502367299,
    "weightedAverageShsOutDil": 509139988,
    "link": "https://www.sec.gov/Archives/edgar/data/1692819/000169281919000005/0001692819-19-000005-index.htm",
    "finalLink": "https://www.sec.gov/Archives/edgar/data/1692819/000169281919000005/vistra-20181231x10k.htm"
  },
  {
    "date": "2018-09-30",
    "symbol": "VST",
    "reportedCurrency": "USD",
    "cik": "0001692819",
    "fillingDate": "2018-11-02",
    "acceptedDate": "2018-11-01 21:46:32",
    "calendarYear": "2018",
    "period": "Q3",
    "revenue": 3543000000,
    "costOfRevenue": 2414000000,
    "grossProfit": 1129000000,
    "grossProfitRatio": 0.3186565058,
    "researchAndDevelopmentExpenses": 0,
    "generalAndAdministrativeExpenses": 0,
    "sellingAndMarketingExpenses": 0,
    "sellingGeneralAndAdministrativeExpenses": 194000000,
    "otherExpenses": 0,
    "operatingExpenses": 194000000,
    "costAndExpenses": 2608000000,
    "interestIncome": 3000000,
    "interestExpense": 203000000,
    "depreciationAndAmortization": 451000000,
    "ebitda": 1179000000,
    "ebitdaratio": 0.33276884,
    "operatingIncome": 935000000,
    "operatingIncomeRatio": 0.2639006492,
    "totalOtherIncomeExpensesNet": -410000000,
    "incomeBeforeTax": 525000000,
    "incomeBeforeTaxRatio": 0.1481795089,
    "incomeTaxExpense": 194000000,
    "netIncome": 330000000,
    "netIncomeRatio": 0.0931414056,
    "eps": 0.62,
    "epsdiluted": 0.61,
    "weightedAverageShsOut": 533142189,
    "weightedAverageShsOutDil": 540972802,
    "link": "https://www.sec.gov/Archives/edgar/data/1692819/000169281918000048/0001692819-18-000048-index.htm",
    "finalLink": "https://www.sec.gov/Archives/edgar/data/1692819/000169281918000048/vistra-2018930x10q.htm"
  },
  {
    "date": "2018-06-30",
    "symbol": "VST",
    "reportedCurrency": "USD",
    "cik": "0001692819",
    "fillingDate": "2018-08-06",
    "acceptedDate": "2018-08-06 07:29:36",
    "calendarYear": "2018",
    "period": "Q2",
    "revenue": 2528000000,
    "costOfRevenue": 2027000000,
    "grossProfit": 501000000,
    "grossProfitRatio": 0.1981803797,
    "researchAndDevelopmentExpenses": 0,
    "generalAndAdministrativeExpenses": 0,
    "sellingAndMarketingExpenses": 0,
    "sellingGeneralAndAdministrativeExpenses": 352000000,
    "otherExpenses": 0,
    "operatingExpenses": 352000000,
    "costAndExpenses": 2379000000,
    "interestIncome": 4000000,
    "interestExpense": 171000000,
    "depreciationAndAmortization": 439000000,
    "ebitda": 641000000,
    "ebitdaratio": 0.2535601266,
    "operatingIncome": 149000000,
    "operatingIncomeRatio": 0.0589398734,
    "totalOtherIncomeExpensesNet": -118000000,
    "incomeBeforeTax": 31000000,
    "incomeBeforeTaxRatio": 0.0122626582,
    "incomeTaxExpense": -74000000,
    "netIncome": 108000000,
    "netIncomeRatio": 0.042721519,
    "eps": 0.21,
    "epsdiluted": 0.2,
    "weightedAverageShsOut": 526332862,
    "weightedAverageShsOutDil": 533786824,
    "link": "https://www.sec.gov/Archives/edgar/data/1692819/000169281918000045/0001692819-18-000045-index.htm",
    "finalLink": "https://www.sec.gov/Archives/edgar/data/1692819/000169281918000045/vistra-2018630x10q.htm"
  },
  {
    "date": "2018-03-31",
    "symbol": "VST",
    "reportedCurrency": "USD",
    "cik": "0001692819",
    "fillingDate": "2018-05-04",
    "acceptedDate": "2018-05-03 21:07:26",
    "calendarYear": "2018",
    "period": "Q1",
    "revenue": 1211000000,
    "costOfRevenue": 996000000,
    "grossProfit": 215000000,
    "grossProfitRatio": 0.1775392238,
    "researchAndDevelopmentExpenses": 0,
    "generalAndAdministrativeExpenses": 0,
    "sellingAndMarketingExpenses": 0,
    "sellingGeneralAndAdministrativeExpenses": 162000000,
    "otherExpenses": 0,
    "operatingExpenses": 162000000,
    "costAndExpenses": 1158000000,
    "interestIncome": 6000000,
    "interestExpense": 50000000,
    "depreciationAndAmortization": 180000000,
    "ebitda": -165000000,
    "ebitdaratio": -0.1362510322,
    "operatingIncome": 53000000,
    "operatingIncomeRatio": 0.0437654831,
    "totalOtherIncomeExpensesNet": -448000000,
    "incomeBeforeTax": -395000000,
    "incomeBeforeTaxRatio": -0.3261767135,
    "incomeTaxExpense": -89000000,
    "netIncome": -306000000,
    "netIncomeRatio": -0.2526837325,
    "eps": -0.71,
    "epsdiluted": -0.71,
    "weightedAverageShsOut": 428450384,
    "weightedAverageShsOutDil": 428450384,
    "link": "https://www.sec.gov/Archives/edgar/data/1692819/000169281918000022/0001692819-18-000022-index.htm",
    "finalLink": "https://www.sec.gov/Archives/edgar/data/1692819/000169281918000022/vistra-2018331x10q.htm"
  },
  {
    "date": "2017-12-31",
    "symbol": "VST",
    "reportedCurrency": "USD",
    "cik": "0001692819",
    "fillingDate": "2018-02-26",
    "acceptedDate": "2018-02-26 08:01:10",
    "calendarYear": "2017",
    "period": "Q4",
    "revenue": 1219000000,
    "costOfRevenue": 1214000000,
    "grossProfit": 5000000,
    "grossProfitRatio": 0.0041017227,
    "researchAndDevelopmentExpenses": 0,
    "generalAndAdministrativeExpenses": 0,
    "sellingAndMarketingExpenses": 0,
    "sellingGeneralAndAdministrativeExpenses": 166000000,
    "otherExpenses": 0,
    "operatingExpenses": 166000000,
    "costAndExpenses": 1380000000,
    "interestIncome": 5000000,
    "interestExpense": 82000000,
    "depreciationAndAmortization": 214000000,
    "ebitda": -63000000,
    "ebitdaratio": -0.0516817063,
    "operatingIncome": -161000000,
    "operatingIncomeRatio": -0.1320754717,
    "totalOtherIncomeExpensesNet": -198000000,
    "incomeBeforeTax": -359000000,
    "incomeBeforeTaxRatio": -0.2945036916,
    "incomeTaxExpense": 220000000,
    "netIncome": -579000000,
    "netIncomeRatio": -0.4749794914,
    "eps": -1.35,
    "epsdiluted": -1.35,
    "weightedAverageShsOut": 428283628,
    "weightedAverageShsOutDil": 428450384,
    "link": "https://www.sec.gov/Archives/edgar/data/1692819/000169281918000018/0001692819-18-000018-index.htm",
    "finalLink": "https://www.sec.gov/Archives/edgar/data/1692819/000169281918000018/vistra-12312017x10k.htm"
  },
  {
    "date": "2017-09-30",
    "symbol": "VST",
    "reportedCurrency": "USD",
    "cik": "0001692819",
    "fillingDate": "2017-11-03",
    "acceptedDate": "2017-11-02 17:53:38",
    "calendarYear": "2017",
    "period": "Q3",
    "revenue": 1667000000,
    "costOfRevenue": 1243000000,
    "grossProfit": 424000000,
    "grossProfitRatio": 0.2543491302,
    "researchAndDevelopmentExpenses": 0,
    "generalAndAdministrativeExpenses": 0,
    "sellingAndMarketingExpenses": 0,
    "sellingGeneralAndAdministrativeExpenses": 147000000,
    "otherExpenses": 0,
    "operatingExpenses": 147000000,
    "costAndExpenses": 1390000000,
    "interestIncome": 4000000,
    "interestExpense": 52000000,
    "depreciationAndAmortization": 184000000,
    "ebitda": 760000000,
    "ebitdaratio": 0.4559088182,
    "operatingIncome": 277000000,
    "operatingIncomeRatio": 0.1661667666,
    "totalOtherIncomeExpensesNet": 247000000,
    "incomeBeforeTax": 524000000,
    "incomeBeforeTaxRatio": 0.3143371326,
    "incomeTaxExpense": 251000000,
    "netIncome": 273000000,
    "netIncomeRatio": 0.1637672466,
    "eps": 0.64,
    "epsdiluted": 0.64,
    "weightedAverageShsOut": 427591426,
    "weightedAverageShsOutDil": 428312438,
    "link": "https://www.sec.gov/Archives/edgar/data/1692819/000169281917000022/0001692819-17-000022-index.htm",
    "finalLink": "https://www.sec.gov/Archives/edgar/data/1692819/000169281917000022/vistra-2017930x10q.htm"
  },
  {
    "date": "2017-06-30",
    "symbol": "VST",
    "reportedCurrency": "USD",
    "cik": "0001692819",
    "fillingDate": "2017-08-04",
    "acceptedDate": "2017-08-03 18:28:31",
    "calendarYear": "2017",
    "period": "Q2",
    "revenue": 1304000000,
    "costOfRevenue": 1095000000,
    "grossProfit": 209000000,
    "grossProfitRatio": 0.1602760736,
    "researchAndDevelopmentExpenses": 0,
    "generalAndAdministrativeExpenses": 0,
    "sellingAndMarketingExpenses": 0,
    "sellingGeneralAndAdministrativeExpenses": 147000000,
    "otherExpenses": 0,
    "operatingExpenses": 147000000,
    "costAndExpenses": 1242000000,
    "interestIncome": 4000000,
    "interestExpense": 54000000,
    "depreciationAndAmortization": 211000000,
    "ebitda": 231000000,
    "ebitdaratio": 0.1771472393,
    "operatingIncome": 62000000,
    "operatingIncomeRatio": 0.0475460123,
    "totalOtherIncomeExpensesNet": -96000000,
    "incomeBeforeTax": -34000000,
    "incomeBeforeTaxRatio": -0.0260736196,
    "incomeTaxExpense": -8000000,
    "netIncome": -26000000,
    "netIncomeRatio": -0.0199386503,
    "eps": -0.0608,
    "epsdiluted": -0.0608,
    "weightedAverageShsOut": 427587401,
    "weightedAverageShsOutDil": 427587401,
    "link": "https://www.sec.gov/Archives/edgar/data/1692819/000169281917000010/0001692819-17-000010-index.htm",
    "finalLink": "https://www.sec.gov/Archives/edgar/data/1692819/000169281917000010/vistra-2017630x10q.htm"
  },
  {
    "date": "2017-03-31",
    "symbol": "VST",
    "reportedCurrency": "USD",
    "cik": "0001692819",
    "fillingDate": "2017-05-18",
    "acceptedDate": "2017-05-17 19:19:30",
    "calendarYear": "2017",
    "period": "Q1",
    "revenue": 1184000000,
    "costOfRevenue": 1064000000,
    "grossProfit": 120000000,
    "grossProfitRatio": 0.1013513514,
    "researchAndDevelopmentExpenses": 0,
    "generalAndAdministrativeExpenses": 0,
    "sellingAndMarketingExpenses": 0,
    "sellingGeneralAndAdministrativeExpenses": 135000000,
    "otherExpenses": 0,
    "operatingExpenses": 135000000,
    "costAndExpenses": 1199000000,
    "interestIncome": 1000000,
    "interestExpense": 54000000,
    "depreciationAndAmortization": 226000000,
    "ebitda": 399000000,
    "ebitdaratio": 0.3369932432,
    "operatingIncome": -15000000,
    "operatingIncomeRatio": -0.0126689189,
    "totalOtherIncomeExpensesNet": 134000000,
    "incomeBeforeTax": 119000000,
    "incomeBeforeTaxRatio": 0.1005067568,
    "incomeTaxExpense": 41000000,
    "netIncome": 78000000,
    "netIncomeRatio": 0.0658783784,
    "eps": 0.18,
    "epsdiluted": 0.18,
    "weightedAverageShsOut": 427583339,
    "weightedAverageShsOutDil": 427800350,
    "link": "https://www.sec.gov/Archives/edgar/data/1692819/000169281917000004/0001692819-17-000004-index.htm",
    "finalLink": "https://www.sec.gov/Archives/edgar/data/1692819/000169281917000004/vistra-2017331x10q.htm"
  },
  {
    "date": "2016-12-31",
    "symbol": "VST",
    "reportedCurrency": "USD",
    "cik": "0001692819",
    "fillingDate": "2016-12-31",
    "acceptedDate": "2016-12-31 00:00:00",
    "calendarYear": "2016",
    "period": "Q4",
    "revenue": 1285000000,
    "costOfRevenue": 1167000000,
    "grossProfit": 118000000,
    "grossProfitRatio": 0.0918287938,
    "researchAndDevelopmentExpenses": 0,
    "generalAndAdministrativeExpenses": 0,
    "sellingAndMarketingExpenses": 0,
    "sellingGeneralAndAdministrativeExpenses": 208000000,
    "otherExpenses": 0,
    "operatingExpenses": 208000000,
    "costAndExpenses": 1375000000,
    "interestIncome": 1000000,
    "interestExpense": 49000000,
    "depreciationAndAmortization": 285000000,
    "ebitda": 101000000,
    "ebitdaratio": 0.0785992218,
    "operatingIncome": -90000000,
    "operatingIncomeRatio": -0.0700389105,
    "totalOtherIncomeExpensesNet": -143000000,
    "incomeBeforeTax": -233000000,
    "incomeBeforeTaxRatio": -0.1813229572,
    "incomeTaxExpense": -70000000,
    "netIncome": -163000000,
    "netIncomeRatio": -0.126848249,
    "eps": -0.38,
    "epsdiluted": -0.38,
    "weightedAverageShsOut": 427560620,
    "weightedAverageShsOutDil": 427560620,
    "link": "",
    "finalLink": ""
  },
  {
    "date": "2016-09-30",
    "symbol": "VST",
    "reportedCurrency": "USD",
    "cik": "0001692819",
    "fillingDate": "2016-09-30",
    "acceptedDate": "2016-09-29 20:00:00",
    "calendarYear": "2016",
    "period": "Q3",
    "revenue": 1690000000,
    "costOfRevenue": 1221000000,
    "grossProfit": 469000000,
    "grossProfitRatio": 0.2775147929,
    "researchAndDevelopmentExpenses": 0,
    "generalAndAdministrativeExpenses": 0,
    "sellingAndMarketingExpenses": 0,
    "sellingGeneralAndAdministrativeExpenses": 165000000,
    "otherExpenses": 0,
    "operatingExpenses": 165000000,
    "costAndExpenses": 1386000000,
    "interestIncome": 2000000,
    "interestExpense": 371000000,
    "depreciationAndAmortization": 183000000,
    "ebitda": 738000000,
    "ebitdaratio": 0.4366863905,
    "operatingIncome": 304000000,
    "operatingIncomeRatio": 0.1798816568,
    "totalOtherIncomeExpensesNet": -120000000,
    "incomeBeforeTax": 184000000,
    "incomeBeforeTaxRatio": 0.1088757396,
    "incomeTaxExpense": -3000000,
    "netIncome": 187000000,
    "netIncomeRatio": 0.1106508876,
    "eps": 0.44,
    "epsdiluted": 0.44,
    "weightedAverageShsOut": 427500000,
    "weightedAverageShsOutDil": 427500000,
    "link": "",
    "finalLink": ""
  },
  {
    "date": "2016-06-30",
    "symbol": "VST",
    "reportedCurrency": "USD",
    "cik": "0001692819",
    "fillingDate": "2016-06-30",
    "acceptedDate": "2016-06-30 00:00:00",
    "calendarYear": "2016",
    "period": "Q2",
    "revenue": 1233000000,
    "costOfRevenue": 909000000,
    "grossProfit": 324000000,
    "grossProfitRatio": 0.2627737226,
    "researchAndDevelopmentExpenses": 0,
    "generalAndAdministrativeExpenses": 0,
    "sellingAndMarketingExpenses": 0,
    "sellingGeneralAndAdministrativeExpenses": 154000000,
    "otherExpenses": -4000000,
    "operatingExpenses": 318000000,
    "costAndExpenses": 1227000000,
    "interestIncome": 1000000,
    "interestExpense": 343000000,
    "depreciationAndAmortization": 182000000,
    "ebitda": 25000000,
    "ebitdaratio": 0.0202757502,
    "operatingIncome": -112000000,
    "operatingIncomeRatio": -0.0908353609,
    "totalOtherIncomeExpensesNet": -388000000,
    "incomeBeforeTax": -500000000,
    "incomeBeforeTaxRatio": -0.4055150041,
    "incomeTaxExpense": -1000000,
    "netIncome": -499000000,
    "netIncomeRatio": -0.404703974,
    "eps": -1.17,
    "epsdiluted": -1.17,
    "weightedAverageShsOut": 427500000,
    "weightedAverageShsOutDil": 427500000,
    "link": "",
    "finalLink": ""
  },
  {
    "date": "2016-03-31",
    "symbol": "VST",
    "reportedCurrency": "USD",
    "cik": "0001692819",
    "fillingDate": "2016-03-31",
    "acceptedDate": "2016-03-31 00:00:00",
    "calendarYear": "2016",
    "period": "Q1",
    "revenue": 1049000000,
    "costOfRevenue": 773000000,
    "grossProfit": 276000000,
    "grossProfitRatio": 0.2631077216,
    "researchAndDevelopmentExpenses": 0,
    "generalAndAdministrativeExpenses": 0,
    "sellingAndMarketingExpenses": 0,
    "sellingGeneralAndAdministrativeExpenses": 162000000,
    "otherExpenses": 139000000,
    "operatingExpenses": 301000000,
    "costAndExpenses": 1074000000,
    "interestIncome": 1000000,
    "interestExpense": 335000000,
    "depreciationAndAmortization": 167000000,
    "ebitda": 191000000,
    "ebitdaratio": 0.1820781697,
    "operatingIncome": 39000000,
    "operatingIncomeRatio": 0.037178265,
    "totalOtherIncomeExpensesNet": -376000000,
    "incomeBeforeTax": -337000000,
    "incomeBeforeTaxRatio": -0.3212583413,
    "incomeTaxExpense": 6000000,
    "netIncome": -343000000,
    "netIncomeRatio": -0.3269780744,
    "eps": -0.8,
    "epsdiluted": -0.8,
    "weightedAverageShsOut": 427500000,
    "weightedAverageShsOutDil": 427500000,
    "link": "",
    "finalLink": ""
  },
  {
    "date": "2015-12-31",
    "symbol": "VST",
    "reportedCurrency": "USD",
    "cik": "0001692819",
    "fillingDate": "2015-12-31",
    "acceptedDate": "2015-12-30 19:00:00",
    "calendarYear": "2015",
    "period": "Q4",
    "revenue": 1105000000,
    "costOfRevenue": 838000000,
    "grossProfit": 267000000,
    "grossProfitRatio": 0.2416289593,
    "researchAndDevelopmentExpenses": 0,
    "generalAndAdministrativeExpenses": 137000000,
    "sellingAndMarketingExpenses": 44000000,
    "sellingGeneralAndAdministrativeExpenses": 181000000,
    "otherExpenses": 1000000,
    "operatingExpenses": 399000000,
    "costAndExpenses": 1237000000,
    "interestIncome": 325000000,
    "interestExpense": 0,
    "depreciationAndAmortization": 247000000,
    "ebitda": -1104000000,
    "ebitdaratio": -0.9990950226,
    "operatingIncome": -4765000000,
    "operatingIncomeRatio": -4.3122171946,
    "totalOtherIncomeExpensesNet": -1649000000,
    "incomeBeforeTax": -1673000000,
    "incomeBeforeTaxRatio": -1.5140271493,
    "incomeTaxExpense": -63000000,
    "netIncome": -1610000000,
    "netIncomeRatio": -1.4570135747,
    "eps": -3.77,
    "epsdiluted": -3.77,
    "weightedAverageShsOut": 427500000,
    "weightedAverageShsOutDil": 427500000,
    "link": "",
    "finalLink": ""
  },
  {
    "date": "2015-09-30",
    "symbol": "VST",
    "reportedCurrency": "USD",
    "cik": "0001692819",
    "fillingDate": "2015-09-30",
    "acceptedDate": "2015-09-30 00:00:00",
    "calendarYear": "2015",
    "period": "Q3",
    "revenue": 1737000000,
    "costOfRevenue": 1020000000,
    "grossProfit": 717000000,
    "grossProfitRatio": 0.4127806563,
    "researchAndDevelopmentExpenses": 0,
    "generalAndAdministrativeExpenses": 0,
    "sellingAndMarketingExpenses": 0,
    "sellingGeneralAndAdministrativeExpenses": 173000000,
    "otherExpenses": 2000000,
    "operatingExpenses": 373000000,
    "costAndExpenses": 1393000000,
    "interestIncome": 0,
    "interestExpense": 325000000,
    "depreciationAndAmortization": 200000000,
    "ebitda": 546000000,
    "ebitdaratio": 0.3143350604,
    "operatingIncome": 447000000,
    "operatingIncomeRatio": 0.2573402418,
    "totalOtherIncomeExpensesNet": -2380000000,
    "incomeBeforeTax": -1933000000,
    "incomeBeforeTaxRatio": -1.1128382268,
    "incomeTaxExpense": -416000000,
    "netIncome": -1517000000,
    "netIncomeRatio": -0.8733448474,
    "eps": -3.55,
    "epsdiluted": -3.55,
    "weightedAverageShsOut": 427500000,
    "weightedAverageShsOutDil": 427500000,
    "link": "",
    "finalLink": ""
  },
  {
    "date": "2015-06-30",
    "symbol": "VST",
    "reportedCurrency": "USD",
    "cik": "0001692819",
    "fillingDate": "2015-06-30",
    "acceptedDate": "2015-06-29 20:00:00",
    "calendarYear": "2015",
    "period": "Q2",
    "revenue": 1256000000,
    "costOfRevenue": 863000000,
    "grossProfit": 393000000,
    "grossProfitRatio": 0.3128980892,
    "researchAndDevelopmentExpenses": 0,
    "generalAndAdministrativeExpenses": 0,
    "sellingAndMarketingExpenses": 0,
    "sellingGeneralAndAdministrativeExpenses": 161000000,
    "otherExpenses": 0,
    "operatingExpenses": 394000000,
    "costAndExpenses": 1257000000,
    "interestIncome": 320000000,
    "interestExpense": 0,
    "depreciationAndAmortization": 256000000,
    "ebitda": 289000000,
    "ebitdaratio": 0.2300955414,
    "operatingIncome": 33000000,
    "operatingIncomeRatio": 0.0262738854,
    "totalOtherIncomeExpensesNet": -354000000,
    "incomeBeforeTax": -321000000,
    "incomeBeforeTaxRatio": -0.2555732484,
    "incomeTaxExpense": 107000000,
    "netIncome": -214000000,
    "netIncomeRatio": -0.1703821656,
    "eps": -0.5,
    "epsdiluted": -0.5,
    "weightedAverageShsOut": 427500000,
    "weightedAverageShsOutDil": 427500000,
    "link": null,
    "finalLink": null
  },
  {
    "date": "2015-03-31",
    "symbol": "VST",
    "reportedCurrency": "USD",
    "cik": "0001692819",
    "fillingDate": "2015-03-31",
    "acceptedDate": "2015-03-30 20:00:00",
    "calendarYear": "2015",
    "period": "Q1",
    "revenue": 1272000000,
    "costOfRevenue": 806000000,
    "grossProfit": 466000000,
    "grossProfitRatio": 0.3663522013,
    "researchAndDevelopmentExpenses": 0,
    "generalAndAdministrativeExpenses": 0,
    "sellingAndMarketingExpenses": 0,
    "sellingGeneralAndAdministrativeExpenses": 161000000,
    "otherExpenses": 0,
    "operatingExpenses": 1779000000,
    "costAndExpenses": 2585000000,
    "interestIncome": 315000000,
    "interestExpense": 0,
    "depreciationAndAmortization": 251000000,
    "ebitda": 444000000,
    "ebitdaratio": 0.3490566038,
    "operatingIncome": 193000000,
    "operatingIncomeRatio": 0.1517295597,
    "totalOtherIncomeExpensesNet": -1821000000,
    "incomeBeforeTax": -1628000000,
    "incomeBeforeTaxRatio": -1.2798742138,
    "incomeTaxExpense": 292000000,
    "netIncome": -1336000000,
    "netIncomeRatio": -1.0503144654,
    "eps": -3.13,
    "epsdiluted": -3.13,
    "weightedAverageShsOut": 427500000,
    "weightedAverageShsOutDil": 427500000,
    "link": null,
    "finalLink": null
  },
  {
    "date": "2014-12-31",
    "symbol": "VST",
    "reportedCurrency": "USD",
    "cik": "0001692819",
    "fillingDate": "2014-12-31",
    "acceptedDate": "2014-12-30 19:00:00",
    "calendarYear": "2014",
    "period": "Q4",
    "revenue": 1247000000,
    "costOfRevenue": 840000000,
    "grossProfit": 407000000,
    "grossProfitRatio": 0.32638332,
    "researchAndDevelopmentExpenses": 0,
    "generalAndAdministrativeExpenses": 0,
    "sellingAndMarketingExpenses": 0,
    "sellingGeneralAndAdministrativeExpenses": 157000000,
    "otherExpenses": 0,
    "operatingExpenses": 6899000000,
    "costAndExpenses": 7739000000,
    "interestIncome": 323000000,
    "interestExpense": 0,
    "depreciationAndAmortization": 338000000,
    "ebitda": 406000000,
    "ebitdaratio": 0.3255813953,
    "operatingIncome": 68000000,
    "operatingIncomeRatio": 0.0545308741,
    "totalOtherIncomeExpensesNet": -6883000000,
    "incomeBeforeTax": -6815000000,
    "incomeBeforeTaxRatio": -5.4651162791,
    "incomeTaxExpense": 1748000000,
    "netIncome": -5067000000,
    "netIncomeRatio": -4.0633520449,
    "eps": -11.85,
    "epsdiluted": -11.85,
    "weightedAverageShsOut": 427500000,
    "weightedAverageShsOutDil": 427500000,
    "link": null,
    "finalLink": null
  },
  {
    "date": "2014-09-30",
    "symbol": "VST",
    "reportedCurrency": "USD",
    "cik": "0001692819",
    "fillingDate": "2014-09-30",
    "acceptedDate": "2014-09-29 20:00:00",
    "calendarYear": "2014",
    "period": "Q3",
    "revenue": 1807000000,
    "costOfRevenue": 1072000000,
    "grossProfit": 735000000,
    "grossProfitRatio": 0.4067515219,
    "researchAndDevelopmentExpenses": 0,
    "generalAndAdministrativeExpenses": 0,
    "sellingAndMarketingExpenses": 0,
    "sellingGeneralAndAdministrativeExpenses": 145000000,
    "otherExpenses": 0,
    "operatingExpenses": 469000000,
    "costAndExpenses": 1541000000,
    "interestIncome": 324000000,
    "interestExpense": 0,
    "depreciationAndAmortization": 379000000,
    "ebitda": 699000000,
    "ebitdaratio": 0.3868289983,
    "operatingIncome": 320000000,
    "operatingIncomeRatio": 0.177089098,
    "totalOtherIncomeExpensesNet": -378000000,
    "incomeBeforeTax": -58000000,
    "incomeBeforeTaxRatio": -0.032097399,
    "incomeTaxExpense": 21000000,
    "netIncome": -37000000,
    "netIncomeRatio": -0.020475927,
    "eps": -0.0865,
    "epsdiluted": -0.0865,
    "weightedAverageShsOut": 427500000,
    "weightedAverageShsOutDil": 427500000,
    "link": null,
    "finalLink": null
  },
  {
    "date": "2014-06-30",
    "symbol": "VST",
    "reportedCurrency": "USD",
    "cik": "0001692819",
    "fillingDate": "2014-06-30",
    "acceptedDate": "2014-06-29 20:00:00",
    "calendarYear": "2014",
    "period": "Q2",
    "revenue": 1406000000,
    "costOfRevenue": 898000000,
    "grossProfit": 508000000,
    "grossProfitRatio": 0.3613086771,
    "researchAndDevelopmentExpenses": 0,
    "generalAndAdministrativeExpenses": 0,
    "sellingAndMarketingExpenses": 0,
    "sellingGeneralAndAdministrativeExpenses": 151000000,
    "otherExpenses": 0,
    "operatingExpenses": 915000000,
    "costAndExpenses": 1813000000,
    "interestIncome": 444000000,
    "interestExpense": 0,
    "depreciationAndAmortization": 375000000,
    "ebitda": 412000000,
    "ebitdaratio": 0.293029872,
    "operatingIncome": 37000000,
    "operatingIncomeRatio": 0.0263157895,
    "totalOtherIncomeExpensesNet": -888000000,
    "incomeBeforeTax": -851000000,
    "incomeBeforeTaxRatio": -0.6052631579,
    "incomeTaxExpense": 268000000,
    "netIncome": -583000000,
    "netIncomeRatio": -0.4146514936,
    "eps": -1.36,
    "epsdiluted": -1.36,
    "weightedAverageShsOut": 427500000,
    "weightedAverageShsOutDil": 427500000,
    "link": null,
    "finalLink": null
  },
  {
    "date": "2014-03-31",
    "symbol": "VST",
    "reportedCurrency": "USD",
    "cik": "0001692819",
    "fillingDate": "2014-03-31",
    "acceptedDate": "2014-03-30 20:00:00",
    "calendarYear": "2014",
    "period": "Q1",
    "revenue": 1517000000,
    "costOfRevenue": 946000000,
    "grossProfit": 571000000,
    "grossProfitRatio": 0.376400791,
    "researchAndDevelopmentExpenses": 0,
    "generalAndAdministrativeExpenses": 0,
    "sellingAndMarketingExpenses": 0,
    "sellingGeneralAndAdministrativeExpenses": 177000000,
    "otherExpenses": 0,
    "operatingExpenses": 737000000,
    "costAndExpenses": 1683000000,
    "interestIncome": 660000000,
    "interestExpense": 0,
    "depreciationAndAmortization": 373000000,
    "ebitda": 203000000,
    "ebitdaratio": 0.1338167436,
    "operatingIncome": -170000000,
    "operatingIncomeRatio": -0.1120632828,
    "totalOtherIncomeExpensesNet": -656000000,
    "incomeBeforeTax": -826000000,
    "incomeBeforeTaxRatio": -0.5444957152,
    "incomeTaxExpense": 283000000,
    "netIncome": -543000000,
    "netIncomeRatio": -0.3579433092,
    "eps": -1.27,
    "epsdiluted": -1.27,
    "weightedAverageShsOut": 427500000,
    "weightedAverageShsOutDil": 427500000,
    "link": null,
    "finalLink": null
  },
  {
    "date": "2013-12-31",
    "symbol": "VST",
    "reportedCurrency": "USD",
    "cik": "0001692819",
    "fillingDate": "2013-12-31",
    "acceptedDate": "2013-12-30 19:00:00",
    "calendarYear": "2013",
    "period": "Q4",
    "revenue": 1327000000,
    "costOfRevenue": 869000000,
    "grossProfit": 458000000,
    "grossProfitRatio": 0.3451394122,
    "researchAndDevelopmentExpenses": 0,
    "generalAndAdministrativeExpenses": 0,
    "sellingAndMarketingExpenses": 0,
    "sellingGeneralAndAdministrativeExpenses": 179000000,
    "otherExpenses": 0,
    "operatingExpenses": 1755000000,
    "costAndExpenses": 2624000000,
    "interestIncome": 592000000,
    "interestExpense": 0,
    "depreciationAndAmortization": 366000000,
    "ebitda": 217000000,
    "ebitdaratio": 0.1635267521,
    "operatingIncome": -149000000,
    "operatingIncomeRatio": -0.1122833459,
    "totalOtherIncomeExpensesNet": -1740000000,
    "incomeBeforeTax": -1889000000,
    "incomeBeforeTaxRatio": -1.4235116805,
    "incomeTaxExpense": 264000000,
    "netIncome": -1518000000,
    "netIncomeRatio": -1.143933685,
    "eps": -3.55,
    "epsdiluted": -3.55,
    "weightedAverageShsOut": 427500000,
    "weightedAverageShsOutDil": 427500000,
    "link": null,
    "finalLink": null
  },
  {
    "date": "2013-09-30",
    "symbol": "VST",
    "reportedCurrency": "USD",
    "cik": "0001692819",
    "fillingDate": "2013-09-30",
    "acceptedDate": "2013-09-29 20:00:00",
    "calendarYear": "2013",
    "period": "Q3",
    "revenue": 1893000000,
    "costOfRevenue": 1041000000,
    "grossProfit": 852000000,
    "grossProfitRatio": 0.4500792393,
    "researchAndDevelopmentExpenses": 0,
    "generalAndAdministrativeExpenses": 0,
    "sellingAndMarketingExpenses": 0,
    "sellingGeneralAndAdministrativeExpenses": 175000000,
    "otherExpenses": 0,
    "operatingExpenses": 473000000,
    "costAndExpenses": 1514000000,
    "interestIncome": 335000000,
    "interestExpense": 0,
    "depreciationAndAmortization": 388000000,
    "ebitda": 774000000,
    "ebitdaratio": 0.4088748019,
    "operatingIncome": 386000000,
    "operatingIncomeRatio": 0.2039091389,
    "totalOtherIncomeExpensesNet": -342000000,
    "incomeBeforeTax": 44000000,
    "incomeBeforeTaxRatio": 0.0232435288,
    "incomeTaxExpense": 16000000,
    "netIncome": 60000000,
    "netIncomeRatio": 0.0316957211,
    "eps": 0.14,
    "epsdiluted": 0.14,
    "weightedAverageShsOut": 427500000,
    "weightedAverageShsOutDil": 427500000,
    "link": null,
    "finalLink": null
  },
  {
    "date": "2013-06-30",
    "symbol": "VST",
    "reportedCurrency": "USD",
    "cik": "0001692819",
    "fillingDate": "2013-06-30",
    "acceptedDate": "2013-06-29 20:00:00",
    "calendarYear": "2013",
    "period": "Q2",
    "revenue": 1419000000,
    "costOfRevenue": 953000000,
    "grossProfit": 466000000,
    "grossProfitRatio": 0.3284002819,
    "researchAndDevelopmentExpenses": 0,
    "generalAndAdministrativeExpenses": 0,
    "sellingAndMarketingExpenses": 0,
    "sellingGeneralAndAdministrativeExpenses": 169000000,
    "otherExpenses": 0,
    "operatingExpenses": 352000000,
    "costAndExpenses": 1305000000,
    "interestIncome": 403000000,
    "interestExpense": 0,
    "depreciationAndAmortization": 383000000,
    "ebitda": 495000000,
    "ebitdaratio": 0.3488372093,
    "operatingIncome": 112000000,
    "operatingIncomeRatio": 0.0789288231,
    "totalOtherIncomeExpensesNet": -401000000,
    "incomeBeforeTax": -289000000,
    "incomeBeforeTaxRatio": -0.2036645525,
    "incomeTaxExpense": 74000000,
    "netIncome": -215000000,
    "netIncomeRatio": -0.1515151515,
    "eps": -0.5,
    "epsdiluted": -0.5,
    "weightedAverageShsOut": 427500000,
    "weightedAverageShsOutDil": 427500000,
    "link": null,
    "finalLink": null
  },
  {
    "date": "2013-03-31",
    "symbol": "VST",
    "reportedCurrency": "USD",
    "cik": "0001692819",
    "fillingDate": "2013-03-31",
    "acceptedDate": "2013-03-30 20:00:00",
    "calendarYear": "2013",
    "period": "Q1",
    "revenue": 1260000000,
    "costOfRevenue": 865000000,
    "grossProfit": 395000000,
    "grossProfitRatio": 0.3134920635,
    "researchAndDevelopmentExpenses": 0,
    "generalAndAdministrativeExpenses": 0,
    "sellingAndMarketingExpenses": 0,
    "sellingGeneralAndAdministrativeExpenses": 158000000,
    "otherExpenses": 0,
    "operatingExpenses": 715000000,
    "costAndExpenses": 1580000000,
    "interestIncome": 582000000,
    "interestExpense": 0,
    "depreciationAndAmortization": 395000000,
    "ebitda": 74000000,
    "ebitdaratio": 0.0587301587,
    "operatingIncome": -321000000,
    "operatingIncomeRatio": -0.2547619048,
    "totalOtherIncomeExpensesNet": -581000000,
    "incomeBeforeTax": -902000000,
    "incomeBeforeTaxRatio": -0.7158730159,
    "incomeTaxExpense": 378000000,
    "netIncome": -524000000,
    "netIncomeRatio": -0.4158730159,
    "eps": -1.23,
    "epsdiluted": -1.23,
    "weightedAverageShsOut": 427500000,
    "weightedAverageShsOutDil": 427500000,
    "link": null,
    "finalLink": null
  },
  {
    "date": "2012-12-31",
    "symbol": "VST",
    "reportedCurrency": "USD",
    "cik": "0001692819",
    "fillingDate": "2012-12-31",
    "acceptedDate": "2012-12-30 19:00:00",
    "calendarYear": "2012",
    "period": "Q4",
    "revenue": 1278000000,
    "costOfRevenue": 915000000,
    "grossProfit": 363000000,
    "grossProfitRatio": 0.2840375587,
    "researchAndDevelopmentExpenses": 0,
    "generalAndAdministrativeExpenses": 0,
    "sellingAndMarketingExpenses": 0,
    "sellingGeneralAndAdministrativeExpenses": 175000000,
    "otherExpenses": 0,
    "operatingExpenses": 1741000000,
    "costAndExpenses": 2656000000,
    "interestIncome": 542000000,
    "interestExpense": 0,
    "depreciationAndAmortization": 394000000,
    "ebitda": 366000000,
    "ebitdaratio": 0.2863849765,
    "operatingIncome": -28000000,
    "operatingIncomeRatio": -0.0219092332,
    "totalOtherIncomeExpensesNet": -1892000000,
    "incomeBeforeTax": -1920000000,
    "incomeBeforeTaxRatio": -1.5023474178,
    "incomeTaxExpense": 224000000,
    "netIncome": -1696000000,
    "netIncomeRatio": -1.3270735524,
    "eps": -3.97,
    "epsdiluted": -3.97,
    "weightedAverageShsOut": 427500000,
    "weightedAverageShsOutDil": 427500000,
    "link": null,
    "finalLink": null
  },
  {
    "date": "2012-09-30",
    "symbol": "VST",
    "reportedCurrency": "USD",
    "cik": "0001692819",
    "fillingDate": "2012-09-30",
    "acceptedDate": "2012-09-29 20:00:00",
    "calendarYear": "2012",
    "period": "Q3",
    "revenue": 1752000000,
    "costOfRevenue": 1051000000,
    "grossProfit": 701000000,
    "grossProfitRatio": 0.4001141553,
    "researchAndDevelopmentExpenses": 0,
    "generalAndAdministrativeExpenses": 0,
    "sellingAndMarketingExpenses": 0,
    "sellingGeneralAndAdministrativeExpenses": 174000000,
    "otherExpenses": 0,
    "operatingExpenses": 552000000,
    "costAndExpenses": 1603000000,
    "interestIncome": 739000000,
    "interestExpense": 0,
    "depreciationAndAmortization": 385000000,
    "ebitda": 562000000,
    "ebitdaratio": 0.3207762557,
    "operatingIncome": 177000000,
    "operatingIncomeRatio": 0.1010273973,
    "totalOtherIncomeExpensesNet": -767000000,
    "incomeBeforeTax": -590000000,
    "incomeBeforeTaxRatio": -0.3367579909,
    "incomeTaxExpense": 221000000,
    "netIncome": -369000000,
    "netIncomeRatio": -0.2106164384,
    "eps": -0.86,
    "epsdiluted": -0.86,
    "weightedAverageShsOut": 427500000,
    "weightedAverageShsOutDil": 427500000,
    "link": null,
    "finalLink": null
  }
]