[
  {
    "date": "2024-12-31",
    "symbol": "VST",
    "reportedCurrency": "USD",
    "cik": "0001692819",
    "fillingDate": "2025-02-28",
    "acceptedDate": "2025-02-27 18:59:13",
    "calendarYear": "2024",
    "period": "FY",
    "revenue": 19377000000,
    "costOfRevenue": 11684000000,
    "grossProfit": 7693000000,
    "grossProfitRatio": 0.3970170821,
    "researchAndDevelopmentExpenses": 0,
    "generalAndAdministrativeExpenses": 0,
    "sellingAndMarketingExpenses": 0,
    "sellingGeneralAndAdministrativeExpenses": 1465000000,
    "otherExpenses": 0,
    "operatingExpenses": 1465000000,
    "costAndExpenses": 13149000000,
    "interestIncome": 65000000,
    "interestExpense": 1094000000,
    "depreciationAndAmortization": 2631000000,
    "ebitda": 7192000000,
    "ebitdaratio": 0.3711616865,
    "operatingIncome": 6228000000,
    "operatingIncomeRatio": 0.3214119833,
    "totalOtherIncomeExpensesNet": -2761000000,
    "incomeBeforeTax": 3467000000,
    "incomeBeforeTaxRatio": 0.178923466,
    "incomeTaxExpense": 655000000,
    "netIncome": 2659000000,
    "netIncomeRatio": 0.1372245446,
    "eps": 7.16,
    "epsdiluted": 7,
    "weightedAverageShsOut": 344788634,
    "weightedAverageShsOutDil": 352567060,
    "link": "https://www.sec.gov/Archives/edgar/data/1692819/000169281925000013/0001692819-25-000013-index.htm",
    "finalLink": "https://www.sec.gov/Archives/edgar/data/1692819/000169281925000013/vistra-20241231.htm"
  },
  {
    "date": "2023-12-31",
    "symbol": "VST",
    "reportedCurrency": "USD",
    "cik": "0001692819",
    "fillingDate": "2024-02-29",
    "acceptedDate": "2024-02-28 21:35:37",
    "calendarYear": "2023",
    "period": "FY",
    "revenue": 15543000000,
    "costOfRevenue": 10372000000,
    "grossProfit": 5171000000,
    "grossProfitRatio": 0.3326899569,
    "researchAndDevelopmentExpenses": 0,
    "generalAndAdministrativeExpenses": 0,
    "sellingAndMarketingExpenses": 0,
    "sellingGeneralAndAdministrativeExpenses": 1258000000,
    "otherExpenses": 0,
    "operatingExpenses": 1258000000,
    "costAndExpenses": 11630000000,
    "interestIncome": 86000000,
    "interestExpense": 749000000,
    "depreciationAndAmortization": 1867000000,
    "ebitda": 4616000000,
    "ebitdaratio": 0.2969825645,
    "operatingIncome": 3913000000,
    "operatingIncomeRatio": 0.2517532008,
    "totalOtherIncomeExpensesNet": -1913000000,
    "incomeBeforeTax": 2000000000,
    "incomeBeforeTaxRatio": 0.1286752879,
    "incomeTaxExpense": 508000000,
    "netIncome": 1493000000,
    "netIncomeRatio": 0.0960561024,
    "eps": 3.63,
    "epsdiluted": 3.58,
    "weightedAverageShsOut": 369771359,
    "weightedAverageShsOutDil": 375193110,
    "link": "https://www.sec.gov/Archives/edgar/data/1692819/000169281924000012/0001692819-24-000012-index.htm",
    "finalLink": "https://www.sec.gov/Archives/edgar/data/1692819/000169281924000012/vistra-20231231.htm"
  },
  {
    "date": "2022-12-31",
    "symbol": "VST",
    "reportedCurrency": "USD",
    "cik": "0001692819",
    "fillingDate": "2023-03-01",
    "acceptedDate": "2023-03-01 09:41:10",
    "calendarYear": "2022",
    "period": "FY",
    "revenue": 17837000000,
    "costOfRevenue": 14023000000,
    "grossProfit": 3814000000,
    "grossProfitRatio": 0.2138251948,
    "researchAndDevelopmentExpenses": 0,
    "generalAndAdministrativeExpenses": 0,
    "sellingAndMarketingExpenses": 0,
    "sellingGeneralAndAdministrativeExpenses": 1176000000,
    "otherExpenses": 0,
    "operatingExpenses": 1176000000,
    "costAndExpenses": 15199000000,
    "interestIncome": 19000000,
    "interestExpense": 853000000,
    "depreciationAndAmortization": 1994000000,
    "ebitda": 1287000000,
    "ebitdaratio": 0.072153389,
    "operatingIncome": 2638000000,
    "operatingIncomeRatio": 0.1478948254,
    "totalOtherIncomeExpensesNet": -4198000000,
    "incomeBeforeTax": -1560000000,
    "incomeBeforeTaxRatio": -0.0874586534,
    "incomeTaxExpense": -350000000,
    "netIncome": -1227000000,
    "netIncomeRatio": -0.0687895947,
    "eps": -2.86,
    "epsdiluted": -2.86,
    "weightedAverageShsOut": 422447074,
    "weightedAverageShsOutDil": 422447074,
    "link": "https://www.sec.gov/Archives/edgar/data/1692819/000169281923000005/0001692819-23-000005-index.htm",
    "finalLink": "https://www.sec.gov/Archives/edgar/data/1692819/000169281923000005/vistra-20221231.htm"
  },
  {
    "date": "2021-12-31",
    "symbol": "VST",
    "reportedCurrency": "USD",
    "cik": "0001692819",
    "fillingDate": "2022-02-25",
    "acceptedDate": "2022-02-25 07:47:08",
    "calendarYear": "2021",
    "period": "FY",
    "revenue": 13333000000,
    "costOfRevenue": 13273000000,
    "grossProfit": 60000000,
    "grossProfitRatio": 0.0045001125,
    "researchAndDevelopmentExpenses": 0,
    "generalAndAdministrativeExpenses": 0,
    "sellingAndMarketingExpenses": 0,
    "sellingGeneralAndAdministrativeExpenses": 1048000000,
    "otherExpenses": 0,
    "operatingExpenses": 1048000000,
    "costAndExpenses": 14321000000,
    "interestIncome": 0,
    "interestExpense": 598000000,
    "depreciationAndAmortization": 1976000000,
    "ebitda": 852000000,
    "ebitdaratio": 0.0639015975,
    "operatingIncome": -988000000,
    "operatingIncomeRatio": -0.0741018525,
    "totalOtherIncomeExpensesNet": -734000000,
    "incomeBeforeTax": -1722000000,
    "incomeBeforeTaxRatio": -0.1291532288,
    "incomeTaxExpense": -458000000,
    "netIncome": -1274000000,
    "netIncomeRatio": -0.0955523888,
    "eps": -2.62,
    "epsdiluted": -2.62,
    "weightedAverageShsOut": 482214544,
    "weightedAverageShsOutDil": 482214544,
    "link": "https://www.sec.gov/Archives/edgar/data/1692819/000169281922000005/0001692819-22-000005-index.htm",
    "finalLink": "https://www.sec.gov/Archives/edgar/data/1692819/000169281922000005/vistra-20211231.htm"
  },
  {
    "date": "2020-12-31",
    "symbol": "VST",
    "reportedCurrency": "USD",
    "cik": "0001692819",
    "fillingDate": "2021-02-26",
    "acceptedDate": "2021-02-26 07:45:49",
    "calendarYear": "2020",
    "period": "FY",
    "revenue": 11062000000,
    "costOfRevenue": 8561000000,
    "grossProfit": 2501000000,
    "grossProfitRatio": 0.2260893148,
    "researchAndDevelopmentExpenses": 0,
    "generalAndAdministrativeExpenses": 0,
    "sellingAndMarketingExpenses": 0,
    "sellingGeneralAndAdministrativeExpenses": 1019000000,
    "otherExpenses": 0,
    "operatingExpenses": 1019000000,
    "costAndExpenses": 9580000000,
    "interestIncome": 2000000,
    "interestExpense": 296000000,
    "depreciationAndAmortization": 1977000000,
    "ebitda": 3163000000,
    "ebitdaratio": 0.2859338275,
    "operatingIncome": 1482000000,
    "operatingIncomeRatio": 0.1339721569,
    "totalOtherIncomeExpensesNet": -592000000,
    "incomeBeforeTax": 890000000,
    "incomeBeforeTaxRatio": 0.0804556138,
    "incomeTaxExpense": 266000000,
    "netIncome": 636000000,
    "netIncomeRatio": 0.057494124,
    "eps": 1.3,
    "epsdiluted": 1.3,
    "weightedAverageShsOut": 488668263,
    "weightedAverageShsOutDil": 491090468,
    "link": "https://www.sec.gov/Archives/edgar/data/1692819/000169281921000004/0001692819-21-000004-index.htm",
    "finalLink": "https://www.sec.gov/Archives/edgar/data/1692819/000169281921000004/vistra-20201231.htm"
  },
  {
    "date": "2019-12-31",
    "symbol": "VST",
    "reportedCurrency": "USD",
    "cik": "0001692819",
    "fillingDate": "2020-02-28",
    "acceptedDate": "2020-02-28 09:15:45",
    "calendarYear": "2019",
    "period": "FY",
    "revenue": 11502000000,
    "costOfRevenue": 8943000000,
    "grossProfit": 2559000000,
    "grossProfitRatio": 0.2224830464,
    "researchAndDevelopmentExpenses": 0,
    "generalAndAdministrativeExpenses": 0,
    "sellingAndMarketingExpenses": 0,
    "sellingGeneralAndAdministrativeExpenses": 900000000,
    "otherExpenses": 0,
    "operatingExpenses": 900000000,
    "costAndExpenses": 9843000000,
    "interestIncome": 10000000,
    "interestExpense": 381000000,
    "depreciationAndAmortization": 1811000000,
    "ebitda": 3408000000,
    "ebitdaratio": 0.2962962963,
    "operatingIncome": 1659000000,
    "operatingIncomeRatio": 0.1442357851,
    "totalOtherIncomeExpensesNet": -443000000,
    "incomeBeforeTax": 1216000000,
    "incomeBeforeTaxRatio": 0.1057207442,
    "incomeTaxExpense": 290000000,
    "netIncome": 928000000,
    "netIncomeRatio": 0.0806816206,
    "eps": 1.88,
    "epsdiluted": 1.86,
    "weightedAverageShsOut": 494146268,
    "weightedAverageShsOutDil": 499935490,
    "link": "https://www.sec.gov/Archives/edgar/data/1692819/000169281920000005/0001692819-20-000005-index.htm",
    "finalLink": "https://www.sec.gov/Archives/edgar/data/1692819/000169281920000005/vistra-20191231.htm"
  },
  {
    "date": "2018-12-31",
    "symbol": "VST",
    "reportedCurrency": "USD",
    "cik": "0001692819",
    "fillingDate": "2019-07-19",
    "acceptedDate": "2019-07-19 17:10:55",
    "calendarYear": "2018",
    "period": "FY",
    "revenue": 10049000000,
    "costOfRevenue": 7805000000,
    "grossProfit": 2244000000,
    "grossProfitRatio": 0.2233058016,
    "researchAndDevelopmentExpenses": 0,
    "generalAndAdministrativeExpenses": 0,
    "sellingAndMarketingExpenses": 0,
    "sellingGeneralAndAdministrativeExpenses": 891000000,
    "otherExpenses": 0,
    "operatingExpenses": 891000000,
    "costAndExpenses": 8696000000,
    "interestIncome": 18000000,
    "interestExpense": 529000000,
    "depreciationAndAmortization": 1600000000,
    "ebitda": 2028000000,
    "ebitdaratio": 0.2018111255,
    "operatingIncome": 1353000000,
    "operatingIncomeRatio": 0.1346402627,
    "totalOtherIncomeExpensesNet": -1454000000,
    "incomeBeforeTax": -101000000,
    "incomeBeforeTaxRatio": -0.0100507513,
    "incomeTaxExpense": -45000000,
    "netIncome": -54000000,
    "netIncomeRatio": -0.005373669,
    "eps": -0.11,
    "epsdiluted": -0.11,
    "weightedAverageShsOut": 490909090,
    "weightedAverageShsOutDil": 504954371,
    "link": "https://www.sec.gov/Archives/edgar/data/1692819/000119312519198162/0001193125-19-198162-index.htm",
    "finalLink": "https://www.sec.gov/Archives/edgar/data/1692819/000119312519198162/d740310d10ka.htm"
  },
  {
    "date": "2017-12-31",
    "symbol": "VST",
    "reportedCurrency": "USD",
    "cik": "0001692819",
    "fillingDate": "2018-02-26",
    "acceptedDate": "2018-02-26 08:01:10",
    "calendarYear": "2017",
    "period": "FY",
    "revenue": 5380000000,
    "costOfRevenue": 4619000000,
    "grossProfit": 761000000,
    "grossProfitRatio": 0.1414498141,
    "researchAndDevelopmentExpenses": 0,
    "generalAndAdministrativeExpenses": 0,
    "sellingAndMarketingExpenses": 0,
    "sellingGeneralAndAdministrativeExpenses": 600000000,
    "otherExpenses": 0,
    "operatingExpenses": 600000000,
    "costAndExpenses": 5219000000,
    "interestIncome": 15000000,
    "interestExpense": 224000000,
    "depreciationAndAmortization": 835000000,
    "ebitda": 1309000000,
    "ebitdaratio": 0.2433085502,
    "operatingIncome": 161000000,
    "operatingIncomeRatio": 0.0299256506,
    "totalOtherIncomeExpensesNet": 89000000,
    "incomeBeforeTax": 250000000,
    "incomeBeforeTaxRatio": 0.0464684015,
    "incomeTaxExpense": 504000000,
    "netIncome": -254000000,
    "netIncomeRatio": -0.0472118959,
    "eps": -0.59,
    "epsdiluted": -0.59,
    "weightedAverageShsOut": 427761460,
    "weightedAverageShsOutDil": 427761460,
    "link": "https://www.sec.gov/Archives/edgar/data/1692819/000169281918000018/0001692819-18-000018-index.htm",
    "finalLink": "https://www.sec.gov/Archives/edgar/data/1692819/000169281918000018/vistra-12312017x10k.htm"
  },
  {
    "date": "2016-12-31",
    "symbol": "VST",
    "reportedCurrency": "USD",
    "cik": "0001692819",
    "fillingDate": "2016-12-31",
    "acceptedDate": "2016-12-30 19:00:00",
    "calendarYear": "2016",
    "period": "FY",
    "revenue": 5258000000,
    "costOfRevenue": 4340000000,
    "grossProfit": 918000000,
    "grossProfitRatio": 0.1745910993,
    "researchAndDevelopmentExpenses": 0,
    "generalAndAdministrativeExpenses": 0,
    "sellingAndMarketingExpenses": 0,
    "sellingGeneralAndAdministrativeExpenses": 647000000,
    "otherExpenses": 0,
    "operatingExpenses": 647000000,
    "costAndExpenses": 4987000000,
    "interestIncome": 4000000,
    "interestExpense": 1098000000,
    "depreciationAndAmortization": 817000000,
    "ebitda": 23266000000,
    "ebitdaratio": 4.4248763789,
    "operatingIncome": 271000000,
    "operatingIncomeRatio": 0.0515405097,
    "totalOtherIncomeExpensesNet": 21080000000,
    "incomeBeforeTax": 21351000000,
    "incomeBeforeTaxRatio": 4.0606694561,
    "incomeTaxExpense": -1337000000,
    "netIncome": 22688000000,
    "netIncomeRatio": 4.3149486497,
    "eps": 53.06,
    "epsdiluted": 53.06,
    "weightedAverageShsOut": 427561170,
    "weightedAverageShsOutDil": 427580232,
    "link": "",
    "finalLink": ""
  },
  {
    "date": "2015-12-31",
    "symbol": "VST",
    "reportedCurrency": "USD",
    "cik": "0001692819",
    "fillingDate": "2015-12-31",
    "acceptedDate": "2015-12-30 19:00:00",
    "calendarYear": "2015",
    "period": "FY",
    "revenue": 5370000000,
    "costOfRevenue": 4378000000,
    "grossProfit": 992000000,
    "grossProfitRatio": 0.1847299814,
    "researchAndDevelopmentExpenses": 0,
    "generalAndAdministrativeExpenses": 0,
    "sellingAndMarketingExpenses": 0,
    "sellingGeneralAndAdministrativeExpenses": 676000000,
    "otherExpenses": 0,
    "operatingExpenses": 676000000,
    "costAndExpenses": 5054000000,
    "interestIncome": 1000000,
    "interestExpense": 1289000000,
    "depreciationAndAmortization": 995000000,
    "ebitda": -3272000000,
    "ebitdaratio": -0.609310987,
    "operatingIncome": 316000000,
    "operatingIncomeRatio": 0.0588454376,
    "totalOtherIncomeExpensesNet": -5872000000,
    "incomeBeforeTax": -5556000000,
    "incomeBeforeTaxRatio": -1.0346368715,
    "incomeTaxExpense": -879000000,
    "netIncome": -4677000000,
    "netIncomeRatio": -0.8709497207,
    "eps": -10.94,
    "epsdiluted": -10.94,
    "weightedAverageShsOut": 427500000,
    "weightedAverageShsOutDil": 427500000,
    "link": "",
    "finalLink": ""
  },
  {
    "date": "2014-12-31",
    "symbol": "VST",
    "reportedCurrency": "USD",
    "cik": "0001692819",
    "fillingDate": "2014-12-31",
    "acceptedDate": "2014-12-31 00:00:00",
    "calendarYear": "2014",
    "period": "FY",
    "revenue": 5978000000,
    "costOfRevenue": 5026000000,
    "grossProfit": 952000000,
    "grossProfitRatio": 0.1592505855,
    "researchAndDevelopmentExpenses": 0,
    "generalAndAdministrativeExpenses": 0,
    "sellingAndMarketingExpenses": 0,
    "sellingGeneralAndAdministrativeExpenses": 630000000,
    "otherExpenses": -78000000,
    "operatingExpenses": 708000000,
    "costAndExpenses": 5734000000,
    "interestIncome": 0,
    "interestExpense": 1749000000,
    "depreciationAndAmortization": 1440000000,
    "ebitda": -5360000000,
    "ebitdaratio": -0.8966209435,
    "operatingIncome": 244000000,
    "operatingIncomeRatio": 0.0408163265,
    "totalOtherIncomeExpensesNet": -8793000000,
    "incomeBeforeTax": -8549000000,
    "incomeBeforeTaxRatio": -1.4300769488,
    "incomeTaxExpense": -2320000000,
    "netIncome": -6229000000,
    "netIncomeRatio": -1.0419872867,
    "eps": -14.57,
    "epsdiluted": -14.57,
    "weightedAverageShsOut": 427500000,
    "weightedAverageShsOutDil": 427500000,
    "link": "",
    "finalLink": ""
  },
  {
    "date": "2013-12-31",
    "symbol": "VST",
    "reportedCurrency": "USD",
    "cik": "0001692819",
    "fillingDate": "2013-12-31",
    "acceptedDate": "2013-12-30 19:00:00",
    "calendarYear": "2013",
    "period": "FY",
    "revenue": 5899000000,
    "costOfRevenue": 5062000000,
    "grossProfit": 837000000,
    "grossProfitRatio": 0.1418884557,
    "researchAndDevelopmentExpenses": 0,
    "generalAndAdministrativeExpenses": 0,
    "sellingAndMarketingExpenses": 0,
    "sellingGeneralAndAdministrativeExpenses": 681000000,
    "otherExpenses": -75000000,
    "operatingExpenses": 756000000,
    "costAndExpenses": 5818000000,
    "interestIncome": 6000000,
    "interestExpense": 1916000000,
    "depreciationAndAmortization": 1499000000,
    "ebitda": 379000000,
    "ebitdaratio": 0.0642481777,
    "operatingIncome": 81000000,
    "operatingIncomeRatio": 0.0137311409,
    "totalOtherIncomeExpensesNet": -3117000000,
    "incomeBeforeTax": -3036000000,
    "incomeBeforeTaxRatio": -0.5146635023,
    "incomeTaxExpense": 732000000,
    "netIncome": -2197000000,
    "netIncomeRatio": -0.3724360061,
    "eps": -5.14,
    "epsdiluted": -5.14,
    "weightedAverageShsOut": 427500000,
    "weightedAverageShsOutDil": 427500000,
    "link": null,
    "finalLink": null
  },
  {
    "date": "2012-12-31",
    "symbol": "VST",
    "reportedCurrency": "USD",
    "cik": "0001692819",
    "fillingDate": "2012-12-31",
    "acceptedDate": "2012-12-30 19:00:00",
    "calendarYear": "2012",
    "period": "FY",
    "revenue": 5636000000,
    "costOfRevenue": 5047000000,
    "grossProfit": 589000000,
    "grossProfitRatio": 0.1045067424,
    "researchAndDevelopmentExpenses": 0,
    "generalAndAdministrativeExpenses": 0,
    "sellingAndMarketingExpenses": 0,
    "sellingGeneralAndAdministrativeExpenses": 659000000,
    "otherExpenses": -80000000,
    "operatingExpenses": 739000000,
    "costAndExpenses": 5786000000,
    "interestIncome": 46000000,
    "interestExpense": 2752000000,
    "depreciationAndAmortization": 1521000000,
    "ebitda": 431000000,
    "ebitdaratio": 0.0764726757,
    "operatingIncome": -150000000,
    "operatingIncomeRatio": -0.0266146203,
    "totalOtherIncomeExpensesNet": -3692000000,
    "incomeBeforeTax": -3842000000,
    "incomeBeforeTaxRatio": -0.6816891412,
    "incomeTaxExpense": 894000000,
    "netIncome": -2948000000,
    "netIncomeRatio": -0.5230660043,
    "eps": -6.9,
    "epsdiluted": -6.9,
    "weightedAverageShsOut": 427500000,
    "weightedAverageShsOutDil": 427500000,
    "link": null,
    "finalLink": null
  }
]