[
  {
    "date": "2025-06-30",
    "symbol": "VTR",
    "reportedCurrency": "USD",
    "cik": "0000740260",
    "fillingDate": "2025-07-31",
    "acceptedDate": "2025-07-31 16:25:25",
    "calendarYear": "2025",
    "period": "Q2",
    "revenue": 1420893000,
    "costOfRevenue": 1139715000,
    "grossProfit": 281178000,
    "grossProfitRatio": 0.1978882294,
    "researchAndDevelopmentExpenses": 0,
    "generalAndAdministrativeExpenses": 42856000,
    "sellingAndMarketingExpenses": 0,
    "sellingGeneralAndAdministrativeExpenses": 42856000,
    "otherExpenses": 347719000,
    "operatingExpenses": 390575000,
    "costAndExpenses": 1188410000,
    "interestIncome": 0,
    "interestExpense": 150298000,
    "depreciationAndAmortization": 312819000,
    "ebitda": 545302000,
    "ebitdaratio": 0.3837741477,
    "operatingIncome": 232483000,
    "operatingIncomeRatio": 0.1636175279,
    "totalOtherIncomeExpensesNet": -157147000,
    "incomeBeforeTax": 75336000,
    "incomeBeforeTaxRatio": 0.0530201782,
    "incomeTaxExpense": 17240000,
    "netIncome": 68264000,
    "netIncomeRatio": 0.0480430265,
    "eps": -0.11,
    "epsdiluted": -0.1,
    "weightedAverageShsOut": 446314000,
    "weightedAverageShsOutDil": 453000000,
    "link": "https://www.sec.gov/Archives/edgar/data/740260/000074026025000231/0000740260-25-000231-index.htm",
    "finalLink": "https://www.sec.gov/Archives/edgar/data/740260/000074026025000231/vtr-20250630.htm"
  },
  {
    "date": "2025-03-31",
    "symbol": "VTR",
    "reportedCurrency": "USD",
    "cik": "0000740260",
    "fillingDate": "2025-05-01",
    "acceptedDate": "2025-05-01 16:27:33",
    "calendarYear": "2025",
    "period": "Q1",
    "revenue": 1358074000,
    "costOfRevenue": 785709000,
    "grossProfit": 572365000,
    "grossProfitRatio": 0.4214534701,
    "researchAndDevelopmentExpenses": 0,
    "generalAndAdministrativeExpenses": 53149000,
    "sellingAndMarketingExpenses": 0,
    "sellingGeneralAndAdministrativeExpenses": 53149000,
    "otherExpenses": 321525000,
    "operatingExpenses": 374674000,
    "costAndExpenses": 1160383000,
    "interestIncome": 0,
    "interestExpense": 149356000,
    "depreciationAndAmortization": 328888000,
    "ebitda": 516043000,
    "ebitdaratio": 0.3799815032,
    "operatingIncome": 197691000,
    "operatingIncomeRatio": 0.1455671782,
    "totalOtherIncomeExpensesNet": -159892000,
    "incomeBeforeTax": 37799000,
    "incomeBeforeTaxRatio": 0.0278327985,
    "incomeTaxExpense": -10557000,
    "netIncome": 46868000,
    "netIncomeRatio": 0.0345106379,
    "eps": 0.11,
    "epsdiluted": 0.11,
    "weightedAverageShsOut": 439931000,
    "weightedAverageShsOutDil": 446424000,
    "link": "https://www.sec.gov/Archives/edgar/data/740260/000074026025000155/0000740260-25-000155-index.htm",
    "finalLink": "https://www.sec.gov/Archives/edgar/data/740260/000074026025000155/vtr-20250331.htm"
  },
  {
    "date": "2024-12-31",
    "symbol": "VTR",
    "reportedCurrency": "USD",
    "cik": "0000740260",
    "fillingDate": "2025-02-13",
    "acceptedDate": "2025-02-13 16:37:17",
    "calendarYear": "2024",
    "period": "Q4",
    "revenue": 1287057000,
    "costOfRevenue": 741057000,
    "grossProfit": 546000000,
    "grossProfitRatio": 0.4242236358,
    "researchAndDevelopmentExpenses": 0,
    "generalAndAdministrativeExpenses": 41434000,
    "sellingAndMarketingExpenses": 0,
    "sellingGeneralAndAdministrativeExpenses": 41434000,
    "otherExpenses": 308772000,
    "operatingExpenses": 350206000,
    "costAndExpenses": 1091263000,
    "interestIncome": 0,
    "interestExpense": 153206000,
    "depreciationAndAmortization": 290372000,
    "ebitda": 465711000,
    "ebitdaratio": 0.3618417832,
    "operatingIncome": 195794000,
    "operatingIncomeRatio": 0.1521253526,
    "totalOtherIncomeExpensesNet": -182606000,
    "incomeBeforeTax": 13188000,
    "incomeBeforeTaxRatio": 0.0102466324,
    "incomeTaxExpense": -45539000,
    "netIncome": 56835000,
    "netIncomeRatio": 0.0441588834,
    "eps": 0.13,
    "epsdiluted": 0.13,
    "weightedAverageShsOut": 421496000,
    "weightedAverageShsOutDil": 427612000,
    "link": "https://www.sec.gov/Archives/edgar/data/740260/000074026025000052/0000740260-25-000052-index.htm",
    "finalLink": "https://www.sec.gov/Archives/edgar/data/740260/000074026025000052/vtr-20241231.htm"
  },
  {
    "date": "2024-09-30",
    "symbol": "VTR",
    "reportedCurrency": "USD",
    "cik": "0000740260",
    "fillingDate": "2024-10-31",
    "acceptedDate": "2024-10-31 16:04:02",
    "calendarYear": "2024",
    "period": "Q3",
    "revenue": 1236315000,
    "costOfRevenue": 714961000,
    "grossProfit": 521354000,
    "grossProfitRatio": 0.4216999713,
    "researchAndDevelopmentExpenses": 0,
    "generalAndAdministrativeExpenses": 35092000,
    "sellingAndMarketingExpenses": 0,
    "sellingGeneralAndAdministrativeExpenses": 35092000,
    "otherExpenses": 0,
    "operatingExpenses": 35092000,
    "costAndExpenses": 1054265000,
    "interestIncome": 0,
    "interestExpense": 150437000,
    "depreciationAndAmortization": 286968000,
    "ebitda": 482383000,
    "ebitdaratio": 0.3901780695,
    "operatingIncome": 1196844000,
    "operatingIncomeRatio": 0.9680736705,
    "totalOtherIncomeExpensesNet": -171417000,
    "incomeBeforeTax": 23998000,
    "incomeBeforeTaxRatio": 0.0194109106,
    "incomeTaxExpense": 3002000,
    "netIncome": 19243000,
    "netIncomeRatio": 0.0155648035,
    "eps": 0.0464,
    "epsdiluted": 0.0459,
    "weightedAverageShsOut": 414599000,
    "weightedAverageShsOutDil": 419474000,
    "link": "https://www.sec.gov/Archives/edgar/data/740260/000074026024000248/0000740260-24-000248-index.htm",
    "finalLink": "https://www.sec.gov/Archives/edgar/data/740260/000074026024000248/vtr-20240930.htm"
  },
  {
    "date": "2024-06-30",
    "symbol": "VTR",
    "reportedCurrency": "USD",
    "cik": "0000740260",
    "fillingDate": "2024-08-02",
    "acceptedDate": "2024-08-02 16:17:37",
    "calendarYear": "2024",
    "period": "Q2",
    "revenue": 1200980000,
    "costOfRevenue": 681801000,
    "grossProfit": 519179000,
    "grossProfitRatio": 0.4322961248,
    "researchAndDevelopmentExpenses": 0,
    "generalAndAdministrativeExpenses": 37727000,
    "sellingAndMarketingExpenses": 0,
    "sellingGeneralAndAdministrativeExpenses": 37727000,
    "otherExpenses": 0,
    "operatingExpenses": 37727000,
    "costAndExpenses": 1059334000,
    "interestIncome": 0,
    "interestExpense": 149259000,
    "depreciationAndAmortization": 294948000,
    "ebitda": 473366000,
    "ebitdaratio": 0.3941497777,
    "operatingIncome": 475017000,
    "operatingIncomeRatio": 0.3955244883,
    "totalOtherIncomeExpensesNet": 0,
    "incomeBeforeTax": 28934000,
    "incomeBeforeTaxRatio": 0.0240919915,
    "incomeTaxExpense": 7766000,
    "netIncome": 19387000,
    "netIncomeRatio": 0.0161426502,
    "eps": 0.0475,
    "epsdiluted": 0.0471,
    "weightedAverageShsOut": 408097000,
    "weightedAverageShsOutDil": 411823000,
    "link": "https://www.sec.gov/Archives/edgar/data/740260/000074026024000200/0000740260-24-000200-index.htm",
    "finalLink": "https://www.sec.gov/Archives/edgar/data/740260/000074026024000200/vtr-20240630.htm"
  },
  {
    "date": "2024-03-31",
    "symbol": "VTR",
    "reportedCurrency": "USD",
    "cik": "0000740260",
    "fillingDate": "2024-05-02",
    "acceptedDate": "2024-05-02 16:22:39",
    "calendarYear": "2024",
    "period": "Q1",
    "revenue": 1199914000,
    "costOfRevenue": 989505000,
    "grossProfit": 210409000,
    "grossProfitRatio": 0.1753534003,
    "researchAndDevelopmentExpenses": 0,
    "generalAndAdministrativeExpenses": 48737000,
    "sellingAndMarketingExpenses": 0,
    "sellingGeneralAndAdministrativeExpenses": 48737000,
    "otherExpenses": 14312000,
    "operatingExpenses": 63049000,
    "costAndExpenses": 1052554000,
    "interestIncome": 0,
    "interestExpense": 149933000,
    "depreciationAndAmortization": 294855000,
    "ebitda": 463329000,
    "ebitdaratio": 0.386135173,
    "operatingIncome": 147360000,
    "operatingIncomeRatio": 0.1228088013,
    "totalOtherIncomeExpensesNet": -162904000,
    "incomeBeforeTax": -15544000,
    "incomeBeforeTaxRatio": -0.0129542617,
    "incomeTaxExpense": -3004000,
    "netIncome": -14312000,
    "netIncomeRatio": -0.0119275215,
    "eps": -0.0355,
    "epsdiluted": -0.0351,
    "weightedAverageShsOut": 403365000,
    "weightedAverageShsOutDil": 407227000,
    "link": "https://www.sec.gov/Archives/edgar/data/740260/000074026024000139/0000740260-24-000139-index.htm",
    "finalLink": "https://www.sec.gov/Archives/edgar/data/740260/000074026024000139/vtr-20240331.htm"
  },
  {
    "date": "2023-12-31",
    "symbol": "VTR",
    "reportedCurrency": "USD",
    "cik": "0000740260",
    "fillingDate": "2024-02-15",
    "acceptedDate": "2024-02-15 17:22:31",
    "calendarYear": "2023",
    "period": "Q4",
    "revenue": 1164392000,
    "costOfRevenue": 1835267000,
    "grossProfit": -670875000,
    "grossProfitRatio": -0.5761590598,
    "researchAndDevelopmentExpenses": 0,
    "generalAndAdministrativeExpenses": 36382000,
    "sellingAndMarketingExpenses": 0,
    "sellingGeneralAndAdministrativeExpenses": 36382000,
    "otherExpenses": -22311000,
    "operatingExpenses": 14071000,
    "costAndExpenses": 1140989000,
    "interestIncome": 0,
    "interestExpense": 154853000,
    "depreciationAndAmortization": 1165861000,
    "ebitda": 480915000,
    "ebitdaratio": 0.4130181245,
    "operatingIncome": -684946000,
    "operatingIncomeRatio": -0.5882434781,
    "totalOtherIncomeExpensesNet": -237057000,
    "incomeBeforeTax": -922003000,
    "incomeBeforeTaxRatio": -0.7918321321,
    "incomeTaxExpense": 4698000,
    "netIncome": -90819000,
    "netIncomeRatio": -0.0779969289,
    "eps": -0.23,
    "epsdiluted": -0.22,
    "weightedAverageShsOut": 402995000,
    "weightedAverageShsOutDil": 406977000,
    "link": "https://www.sec.gov/Archives/edgar/data/740260/000074026024000067/0000740260-24-000067-index.htm",
    "finalLink": "https://www.sec.gov/Archives/edgar/data/740260/000074026024000067/vtr-20231231.htm"
  },
  {
    "date": "2023-09-30",
    "symbol": "VTR",
    "reportedCurrency": "USD",
    "cik": "0000740260",
    "fillingDate": "2023-11-03",
    "acceptedDate": "2023-11-03 15:52:07",
    "calendarYear": "2023",
    "period": "Q3",
    "revenue": 1149832000,
    "costOfRevenue": 657949000,
    "grossProfit": 491883000,
    "grossProfitRatio": 0.4277868419,
    "researchAndDevelopmentExpenses": 0,
    "generalAndAdministrativeExpenses": 33297000,
    "sellingAndMarketingExpenses": 0,
    "sellingGeneralAndAdministrativeExpenses": 33297000,
    "otherExpenses": 370311000,
    "operatingExpenses": 403608000,
    "costAndExpenses": 998289000,
    "interestIncome": 0,
    "interestExpense": 147919000,
    "depreciationAndAmortization": -567508000,
    "ebitda": 449220000,
    "ebitdaratio": 0.3906831607,
    "operatingIncome": 151543000,
    "operatingIncomeRatio": 0.1317957754,
    "totalOtherIncomeExpensesNet": -222764000,
    "incomeBeforeTax": -71221000,
    "incomeBeforeTaxRatio": -0.061940353,
    "incomeTaxExpense": -1662000,
    "netIncome": -71124000,
    "netIncomeRatio": -0.0618559929,
    "eps": -0.18,
    "epsdiluted": -0.18,
    "weightedAverageShsOut": 402859000,
    "weightedAverageShsOutDil": 402859000,
    "link": "https://www.sec.gov/Archives/edgar/data/740260/000074026023000188/0000740260-23-000188-index.htm",
    "finalLink": "https://www.sec.gov/Archives/edgar/data/740260/000074026023000188/vtr-20230930.htm"
  },
  {
    "date": "2023-06-30",
    "symbol": "VTR",
    "reportedCurrency": "USD",
    "cik": "0000740260",
    "fillingDate": "2023-08-04",
    "acceptedDate": "2023-08-04 15:15:14",
    "calendarYear": "2023",
    "period": "Q2",
    "revenue": 1106358000,
    "costOfRevenue": 624254000,
    "grossProfit": 482104000,
    "grossProfitRatio": 0.4357576842,
    "researchAndDevelopmentExpenses": 0,
    "generalAndAdministrativeExpenses": 34399000,
    "sellingAndMarketingExpenses": 0,
    "sellingGeneralAndAdministrativeExpenses": 34399000,
    "otherExpenses": 47086000,
    "operatingExpenses": 327023000,
    "costAndExpenses": 951277000,
    "interestIncome": 0,
    "interestExpense": 143265000,
    "depreciationAndAmortization": 293989000,
    "ebitda": 477729000,
    "ebitdaratio": 0.431803268,
    "operatingIncome": 105066000,
    "operatingIncomeRatio": 0.094965644,
    "totalOtherIncomeExpensesNet": -361199000,
    "incomeBeforeTax": 95293000,
    "incomeBeforeTaxRatio": 0.0861321561,
    "incomeTaxExpense": -9773000,
    "netIncome": 103453000,
    "netIncomeRatio": 0.0935077073,
    "eps": 0.26,
    "epsdiluted": 0.26,
    "weightedAverageShsOut": 400431000,
    "weightedAverageShsOutDil": 404122000,
    "link": "https://www.sec.gov/Archives/edgar/data/740260/000074026023000159/0000740260-23-000159-index.htm",
    "finalLink": "https://www.sec.gov/Archives/edgar/data/740260/000074026023000159/vtr-20230630.htm"
  },
  {
    "date": "2023-03-31",
    "symbol": "VTR",
    "reportedCurrency": "USD",
    "cik": "0000740260",
    "fillingDate": "2023-05-09",
    "acceptedDate": "2023-05-09 15:09:39",
    "calendarYear": "2023",
    "period": "Q1",
    "revenue": 1077245000,
    "costOfRevenue": 609637000,
    "grossProfit": 467608000,
    "grossProfitRatio": 0.4340776704,
    "researchAndDevelopmentExpenses": 0,
    "generalAndAdministrativeExpenses": 44798000,
    "sellingAndMarketingExpenses": 0,
    "sellingGeneralAndAdministrativeExpenses": 44798000,
    "otherExpenses": 274055000,
    "operatingExpenses": 318853000,
    "costAndExpenses": 928490000,
    "interestIncome": 0,
    "interestExpense": 128075000,
    "depreciationAndAmortization": 273519000,
    "ebitda": 423112000,
    "ebitdaratio": 0.3927723034,
    "operatingIncome": 135370000,
    "operatingIncomeRatio": 0.12566315,
    "totalOtherIncomeExpensesNet": -132645000,
    "incomeBeforeTax": 16110000,
    "incomeBeforeTaxRatio": 0.0149548153,
    "incomeTaxExpense": -2802000,
    "netIncome": 17517000,
    "netIncomeRatio": 0.0162609249,
    "eps": 0.0438,
    "epsdiluted": 0.0434,
    "weightedAverageShsOut": 399989000,
    "weightedAverageShsOutDil": 403792000,
    "link": "https://www.sec.gov/Archives/edgar/data/740260/000074026023000106/0000740260-23-000106-index.htm",
    "finalLink": "https://www.sec.gov/Archives/edgar/data/740260/000074026023000106/vtr-20230331.htm"
  },
  {
    "date": "2022-12-31",
    "symbol": "VTR",
    "reportedCurrency": "USD",
    "cik": "0000740260",
    "fillingDate": "2023-02-10",
    "acceptedDate": "2023-02-10 17:04:45",
    "calendarYear": "2022",
    "period": "Q4",
    "revenue": 1051425000,
    "costOfRevenue": 591539000,
    "grossProfit": 459886000,
    "grossProfitRatio": 0.4373930618,
    "researchAndDevelopmentExpenses": 0,
    "generalAndAdministrativeExpenses": 76538000,
    "sellingAndMarketingExpenses": -42998000,
    "sellingGeneralAndAdministrativeExpenses": 33540000,
    "otherExpenses": 344114000,
    "operatingExpenses": 377654000,
    "costAndExpenses": 969193000,
    "interestIncome": 0,
    "interestExpense": 123399000,
    "depreciationAndAmortization": 1089998000,
    "ebitda": 378230000,
    "ebitdaratio": 0.3597308415,
    "operatingIncome": 85898000,
    "operatingIncomeRatio": 0.0816967449,
    "totalOtherIncomeExpensesNet": -128235000,
    "incomeBeforeTax": -46003000,
    "incomeBeforeTaxRatio": -0.0437530019,
    "incomeTaxExpense": -2619000,
    "netIncome": -43384000,
    "netIncomeRatio": -0.0412620967,
    "eps": -0.11,
    "epsdiluted": -0.11,
    "weightedAverageShsOut": 399655000,
    "weightedAverageShsOutDil": 399655000,
    "link": "https://www.sec.gov/Archives/edgar/data/740260/000074026023000070/0000740260-23-000070-index.htm",
    "finalLink": "https://www.sec.gov/Archives/edgar/data/740260/000074026023000070/vtr-20221231.htm"
  },
  {
    "date": "2022-09-30",
    "symbol": "VTR",
    "reportedCurrency": "USD",
    "cik": "0000740260",
    "fillingDate": "2022-11-04",
    "acceptedDate": "2022-11-04 16:56:52",
    "calendarYear": "2022",
    "period": "Q3",
    "revenue": 1037276000,
    "costOfRevenue": 571576000,
    "grossProfit": 465700000,
    "grossProfitRatio": 0.4489644029,
    "researchAndDevelopmentExpenses": 0,
    "generalAndAdministrativeExpenses": 35421000,
    "sellingAndMarketingExpenses": 0,
    "sellingGeneralAndAdministrativeExpenses": 35421000,
    "otherExpenses": 301418000,
    "operatingExpenses": 336839000,
    "costAndExpenses": 908415000,
    "interestIncome": 0,
    "interestExpense": 119413000,
    "depreciationAndAmortization": 273381000,
    "ebitda": 426221000,
    "ebitdaratio": 0.4109041374,
    "operatingIncome": 121669000,
    "operatingIncomeRatio": 0.1172966501,
    "totalOtherIncomeExpensesNet": -131825000,
    "incomeBeforeTax": -2964000,
    "incomeBeforeTaxRatio": -0.0028574844,
    "incomeTaxExpense": -6027000,
    "netIncome": 3063000,
    "netIncomeRatio": 0.0029529267,
    "eps": 0.0077,
    "epsdiluted": 0.0076,
    "weightedAverageShsOut": 399646000,
    "weightedAverageShsOutDil": 403543000,
    "link": "https://www.sec.gov/Archives/edgar/data/740260/000074026022000167/0000740260-22-000167-index.htm",
    "finalLink": "https://www.sec.gov/Archives/edgar/data/740260/000074026022000167/vtr-20220930.htm"
  },
  {
    "date": "2022-06-30",
    "symbol": "VTR",
    "reportedCurrency": "USD",
    "cik": "0000740260",
    "fillingDate": "2022-08-05",
    "acceptedDate": "2022-08-05 15:13:27",
    "calendarYear": "2022",
    "period": "Q2",
    "revenue": 1022938000,
    "costOfRevenue": 575769000,
    "grossProfit": 447169000,
    "grossProfitRatio": 0.4371418405,
    "researchAndDevelopmentExpenses": 0,
    "generalAndAdministrativeExpenses": 32915000,
    "sellingAndMarketingExpenses": 0,
    "sellingGeneralAndAdministrativeExpenses": 32915000,
    "otherExpenses": -48116000,
    "operatingExpenses": 315928000,
    "costAndExpenses": 891697000,
    "interestIncome": 0,
    "interestExpense": 113951000,
    "depreciationAndAmortization": 270475000,
    "ebitda": 366200000,
    "ebitdaratio": 0.3579884607,
    "operatingIncome": 141628000,
    "operatingIncomeRatio": 0.1384521838,
    "totalOtherIncomeExpensesNet": -176233000,
    "incomeBeforeTax": -44992000,
    "incomeBeforeTaxRatio": -0.0439831153,
    "incomeTaxExpense": -3790000,
    "netIncome": -42416000,
    "netIncomeRatio": -0.0414648786,
    "eps": -0.11,
    "epsdiluted": -0.11,
    "weightedAverageShsOut": 399592000,
    "weightedAverageShsOutDil": 403526000,
    "link": "https://www.sec.gov/Archives/edgar/data/740260/000074026022000147/0000740260-22-000147-index.htm",
    "finalLink": "https://www.sec.gov/Archives/edgar/data/740260/000074026022000147/vtr-20220630.htm"
  },
  {
    "date": "2022-03-31",
    "symbol": "VTR",
    "reportedCurrency": "USD",
    "cik": "0000740260",
    "fillingDate": "2022-05-06",
    "acceptedDate": "2022-05-06 15:39:34",
    "calendarYear": "2022",
    "period": "Q1",
    "revenue": 1017554000,
    "costOfRevenue": 544034000,
    "grossProfit": 473520000,
    "grossProfitRatio": 0.4653512246,
    "researchAndDevelopmentExpenses": 0,
    "generalAndAdministrativeExpenses": 42998000,
    "sellingAndMarketingExpenses": 0,
    "sellingGeneralAndAdministrativeExpenses": 42998000,
    "otherExpenses": 289010000,
    "operatingExpenses": 332008000,
    "costAndExpenses": 876042000,
    "interestIncome": 0,
    "interestExpense": 110794000,
    "depreciationAndAmortization": 274764000,
    "ebitda": 456606000,
    "ebitdaratio": 0.4487290109,
    "operatingIncome": 164433000,
    "operatingIncomeRatio": 0.1615963379,
    "totalOtherIncomeExpensesNet": -146900000,
    "incomeBeforeTax": 36102000,
    "incomeBeforeTaxRatio": 0.0354791982,
    "incomeTaxExpense": -4490000,
    "netIncome": 38732000,
    "netIncomeRatio": 0.0380638276,
    "eps": 0.097,
    "epsdiluted": 0.096,
    "weightedAverageShsOut": 399297000,
    "weightedAverageShsOutDil": 403260000,
    "link": "https://www.sec.gov/Archives/edgar/data/740260/000074026022000125/0000740260-22-000125-index.htm",
    "finalLink": "https://www.sec.gov/Archives/edgar/data/740260/000074026022000125/vtr-20220331.htm"
  },
  {
    "date": "2021-12-31",
    "symbol": "VTR",
    "reportedCurrency": "USD",
    "cik": "0000740260",
    "fillingDate": "2022-02-18",
    "acceptedDate": "2022-02-18 16:50:51",
    "calendarYear": "2021",
    "period": "Q4",
    "revenue": 1022444000,
    "costOfRevenue": 582576000,
    "grossProfit": 439868000,
    "grossProfitRatio": 0.4302123148,
    "researchAndDevelopmentExpenses": 0,
    "generalAndAdministrativeExpenses": 89449000,
    "sellingAndMarketingExpenses": -60847000,
    "sellingGeneralAndAdministrativeExpenses": 28602000,
    "otherExpenses": -26355000,
    "operatingExpenses": 347500000,
    "costAndExpenses": 930076000,
    "interestIncome": 0,
    "interestExpense": 110455000,
    "depreciationAndAmortization": 272559000,
    "ebitda": 385689000,
    "ebitdaratio": 0.3772226156,
    "operatingIncome": 63707000,
    "operatingIncomeRatio": 0.062308547,
    "totalOtherIncomeExpensesNet": -136220000,
    "incomeBeforeTax": -43852000,
    "incomeBeforeTaxRatio": -0.0428893905,
    "incomeTaxExpense": -4747000,
    "netIncome": -39105000,
    "netIncomeRatio": -0.0382465935,
    "eps": -0.098,
    "epsdiluted": -0.097,
    "weightedAverageShsOut": 399142000,
    "weightedAverageShsOutDil": 403108000,
    "link": "https://www.sec.gov/Archives/edgar/data/740260/000074026022000057/0000740260-22-000057-index.htm",
    "finalLink": "https://www.sec.gov/Archives/edgar/data/740260/000074026022000057/vtr-20211231.htm"
  },
  {
    "date": "2021-09-30",
    "symbol": "VTR",
    "reportedCurrency": "USD",
    "cik": "0000740260",
    "fillingDate": "2021-11-05",
    "acceptedDate": "2021-11-05 15:29:05",
    "calendarYear": "2021",
    "period": "Q3",
    "revenue": 976078000,
    "costOfRevenue": 523850000,
    "grossProfit": 452228000,
    "grossProfitRatio": 0.4633113337,
    "researchAndDevelopmentExpenses": 0,
    "generalAndAdministrativeExpenses": 30259000,
    "sellingAndMarketingExpenses": 0,
    "sellingGeneralAndAdministrativeExpenses": 30259000,
    "otherExpenses": -33673000,
    "operatingExpenses": 343795000,
    "costAndExpenses": 867645000,
    "interestIncome": 0,
    "interestExpense": 108816000,
    "depreciationAndAmortization": 237696000,
    "ebitda": 388356000,
    "ebitdaratio": 0.3978739404,
    "operatingIncome": 62774000,
    "operatingIncomeRatio": 0.0643124832,
    "totalOtherIncomeExpensesNet": -41879000,
    "incomeBeforeTax": 66554000,
    "incomeBeforeTaxRatio": 0.0681851245,
    "incomeTaxExpense": 3780000,
    "netIncome": 60680000,
    "netIncomeRatio": 0.0621671629,
    "eps": 0.16,
    "epsdiluted": 0.16,
    "weightedAverageShsOut": 381996000,
    "weightedAverageShsOutDil": 385523000,
    "link": "https://www.sec.gov/Archives/edgar/data/740260/000074026021000183/0000740260-21-000183-index.htm",
    "finalLink": "https://www.sec.gov/Archives/edgar/data/740260/000074026021000183/vtr-20210930.htm"
  },
  {
    "date": "2021-06-30",
    "symbol": "VTR",
    "reportedCurrency": "USD",
    "cik": "0000740260",
    "fillingDate": "2021-08-06",
    "acceptedDate": "2021-08-06 16:42:02",
    "calendarYear": "2021",
    "period": "Q2",
    "revenue": 919194000,
    "costOfRevenue": 494853000,
    "grossProfit": 424341000,
    "grossProfitRatio": 0.4616446583,
    "researchAndDevelopmentExpenses": 0,
    "generalAndAdministrativeExpenses": 30588000,
    "sellingAndMarketingExpenses": 0,
    "sellingGeneralAndAdministrativeExpenses": 30588000,
    "otherExpenses": 13490000,
    "operatingExpenses": 281229000,
    "costAndExpenses": 776082000,
    "interestIncome": 0,
    "interestExpense": 110051000,
    "depreciationAndAmortization": 232100000,
    "ebitda": 407302000,
    "ebitdaratio": 0.4431077662,
    "operatingIncome": 88288000,
    "operatingIncomeRatio": 0.096049365,
    "totalOtherIncomeExpensesNet": -306065000,
    "incomeBeforeTax": 91929000,
    "incomeBeforeTaxRatio": 0.1000104439,
    "incomeTaxExpense": 3641000,
    "netIncome": 86391000,
    "netIncomeRatio": 0.0939856004,
    "eps": 0.23,
    "epsdiluted": 0.23,
    "weightedAverageShsOut": 375067000,
    "weightedAverageShsOutDil": 378408000,
    "link": "https://www.sec.gov/Archives/edgar/data/740260/000074026021000161/0000740260-21-000161-index.htm",
    "finalLink": "https://www.sec.gov/Archives/edgar/data/740260/000074026021000161/vtr-20210630.htm"
  },
  {
    "date": "2021-03-31",
    "symbol": "VTR",
    "reportedCurrency": "USD",
    "cik": "0000740260",
    "fillingDate": "2021-05-07",
    "acceptedDate": "2021-05-07 17:03:17",
    "calendarYear": "2021",
    "period": "Q1",
    "revenue": 910291000,
    "costOfRevenue": 487218000,
    "grossProfit": 423073000,
    "grossProfitRatio": 0.4647667614,
    "researchAndDevelopmentExpenses": 0,
    "generalAndAdministrativeExpenses": 40309000,
    "sellingAndMarketingExpenses": 0,
    "sellingGeneralAndAdministrativeExpenses": 40309000,
    "otherExpenses": 9428000,
    "operatingExpenses": 345555000,
    "costAndExpenses": 832773000,
    "interestIncome": 0,
    "interestExpense": 110767000,
    "depreciationAndAmortization": 235648000,
    "ebitda": 401094000,
    "ebitdaratio": 0.4406217352,
    "operatingIncome": -55398000,
    "operatingIncomeRatio": -0.0608574621,
    "totalOtherIncomeExpensesNet": -130763000,
    "incomeBeforeTax": -53245000,
    "incomeBeforeTaxRatio": -0.0584922843,
    "incomeTaxExpense": 2153000,
    "netIncome": -57209000,
    "netIncomeRatio": -0.0628469358,
    "eps": -0.15,
    "epsdiluted": -0.15,
    "weightedAverageShsOut": 374669000,
    "weightedAverageShsOutDil": 377922000,
    "link": "https://www.sec.gov/Archives/edgar/data/740260/000074026021000101/0000740260-21-000101-index.htm",
    "finalLink": "https://www.sec.gov/Archives/edgar/data/740260/000074026021000101/vtr-20210331.htm"
  },
  {
    "date": "2020-12-31",
    "symbol": "VTR",
    "reportedCurrency": "USD",
    "cik": "0000740260",
    "fillingDate": "2021-02-23",
    "acceptedDate": "2021-02-23 15:24:41",
    "calendarYear": "2020",
    "period": "Q4",
    "revenue": 921165000,
    "costOfRevenue": 463373000,
    "grossProfit": 457792000,
    "grossProfitRatio": 0.4969706839,
    "researchAndDevelopmentExpenses": 0,
    "generalAndAdministrativeExpenses": 29537000,
    "sellingAndMarketingExpenses": 0,
    "sellingGeneralAndAdministrativeExpenses": 29537000,
    "otherExpenses": 16043000,
    "operatingExpenses": 281087000,
    "costAndExpenses": 744460000,
    "interestIncome": 644000,
    "interestExpense": 114208000,
    "depreciationAndAmortization": 267474000,
    "ebitda": 492956000,
    "ebitdaratio": 0.5351440839,
    "operatingIncome": 32576000,
    "operatingIncomeRatio": 0.0353639142,
    "totalOtherIncomeExpensesNet": -71557000,
    "incomeBeforeTax": 111274000,
    "incomeBeforeTaxRatio": 0.1207970342,
    "incomeTaxExpense": -679000,
    "netIncome": 110451000,
    "netIncomeRatio": 0.1199036003,
    "eps": 0.29,
    "epsdiluted": 0.29,
    "weightedAverageShsOut": 374473000,
    "weightedAverageShsOutDil": 377696000,
    "link": "https://www.sec.gov/Archives/edgar/data/740260/000074026021000048/0000740260-21-000048-index.htm",
    "finalLink": "https://www.sec.gov/Archives/edgar/data/740260/000074026021000048/vtr-20201231.htm"
  },
  {
    "date": "2020-09-30",
    "symbol": "VTR",
    "reportedCurrency": "USD",
    "cik": "0000740260",
    "fillingDate": "2020-11-06",
    "acceptedDate": "2020-11-06 16:56:25",
    "calendarYear": "2020",
    "period": "Q3",
    "revenue": 918940000,
    "costOfRevenue": 495542000,
    "grossProfit": 423398000,
    "grossProfitRatio": 0.460746077,
    "researchAndDevelopmentExpenses": 0,
    "generalAndAdministrativeExpenses": 34228000,
    "sellingAndMarketingExpenses": 0,
    "sellingGeneralAndAdministrativeExpenses": 34228000,
    "otherExpenses": -3534000,
    "operatingExpenses": 288593000,
    "costAndExpenses": 784135000,
    "interestIncome": 572000,
    "interestExpense": 115505000,
    "depreciationAndAmortization": 254924000,
    "ebitda": 380971000,
    "ebitdaratio": 0.4145765774,
    "operatingIncome": 13737000,
    "operatingIncomeRatio": 0.0149487453,
    "totalOtherIncomeExpensesNet": -126410000,
    "incomeBeforeTax": 10542000,
    "incomeBeforeTaxRatio": 0.0114719133,
    "incomeTaxExpense": -3195000,
    "netIncome": 12751000,
    "netIncomeRatio": 0.0138757699,
    "eps": 0.03,
    "epsdiluted": 0.03,
    "weightedAverageShsOut": 373177000,
    "weightedAverageShsOutDil": 376295000,
    "link": "https://www.sec.gov/Archives/edgar/data/740260/000074026020000163/0000740260-20-000163-index.htm",
    "finalLink": "https://www.sec.gov/Archives/edgar/data/740260/000074026020000163/vtr-20200930.htm"
  },
  {
    "date": "2020-06-30",
    "symbol": "VTR",
    "reportedCurrency": "USD",
    "cik": "0000740260",
    "fillingDate": "2020-08-07",
    "acceptedDate": "2020-08-07 21:27:25",
    "calendarYear": "2020",
    "period": "Q2",
    "revenue": 943198000,
    "costOfRevenue": 499148000,
    "grossProfit": 444050000,
    "grossProfitRatio": 0.4707919228,
    "researchAndDevelopmentExpenses": 0,
    "generalAndAdministrativeExpenses": 29984000,
    "sellingAndMarketingExpenses": 0,
    "sellingGeneralAndAdministrativeExpenses": 29984000,
    "otherExpenses": -3382000,
    "operatingExpenses": 409233000,
    "costAndExpenses": 908381000,
    "interestIncome": 1540000,
    "interestExpense": 123132000,
    "depreciationAndAmortization": 355396000,
    "ebitda": 375649000,
    "ebitdaratio": 0.3982716248,
    "operatingIncome": -159235000,
    "operatingIncomeRatio": -0.1688245734,
    "totalOtherIncomeExpensesNet": -243614000,
    "incomeBeforeTax": -102879000,
    "incomeBeforeTaxRatio": -0.1090746588,
    "incomeTaxExpense": 56356000,
    "netIncome": -157170000,
    "netIncomeRatio": -0.1666352134,
    "eps": -0.42,
    "epsdiluted": -0.42,
    "weightedAverageShsOut": 372982000,
    "weightedAverageShsOutDil": 376024000,
    "link": "https://www.sec.gov/Archives/edgar/data/740260/000074026020000135/0000740260-20-000135-index.htm",
    "finalLink": "https://www.sec.gov/Archives/edgar/data/740260/000074026020000135/vtr-20200630.htm"
  },
  {
    "date": "2020-03-31",
    "symbol": "VTR",
    "reportedCurrency": "USD",
    "cik": "0000740260",
    "fillingDate": "2020-05-08",
    "acceptedDate": "2020-05-08 16:39:05",
    "calendarYear": "2020",
    "period": "Q1",
    "revenue": 1012054000,
    "costOfRevenue": 481695000,
    "grossProfit": 530359000,
    "grossProfitRatio": 0.5240421954,
    "researchAndDevelopmentExpenses": 0,
    "generalAndAdministrativeExpenses": 42535000,
    "sellingAndMarketingExpenses": 0,
    "sellingGeneralAndAdministrativeExpenses": 42535000,
    "otherExpenses": -3708000,
    "operatingExpenses": 291372000,
    "costAndExpenses": 773067000,
    "interestIncome": 4853000,
    "interestExpense": 116696000,
    "depreciationAndAmortization": 252688000,
    "ebitda": 477091000,
    "ebitdaratio": 0.4714086403,
    "operatingIncome": 474730000,
    "operatingIncomeRatio": 0.4690757608,
    "totalOtherIncomeExpensesNet": -149016000,
    "incomeBeforeTax": 325714000,
    "incomeBeforeTaxRatio": 0.3218346057,
    "incomeTaxExpense": -149016000,
    "netIncome": 473117000,
    "netIncomeRatio": 0.4674819723,
    "eps": 1.27,
    "epsdiluted": 1.26,
    "weightedAverageShsOut": 372829000,
    "weightedAverageShsOutDil": 375997000,
    "link": "https://www.sec.gov/Archives/edgar/data/740260/000074026020000092/0000740260-20-000092-index.htm",
    "finalLink": "https://www.sec.gov/Archives/edgar/data/740260/000074026020000092/vtr3312020doc.htm"
  },
  {
    "date": "2019-12-31",
    "symbol": "VTR",
    "reportedCurrency": "USD",
    "cik": "0000740260",
    "fillingDate": "2020-02-24",
    "acceptedDate": "2020-02-21 19:52:51",
    "calendarYear": "2019",
    "period": "Q4",
    "revenue": 996004000,
    "costOfRevenue": 480854000,
    "grossProfit": 515150000,
    "grossProfitRatio": 0.5172167983,
    "researchAndDevelopmentExpenses": 0,
    "generalAndAdministrativeExpenses": 41627000,
    "sellingAndMarketingExpenses": 0,
    "sellingGeneralAndAdministrativeExpenses": 41627000,
    "otherExpenses": 8315000,
    "operatingExpenses": 390537000,
    "costAndExpenses": 871391000,
    "interestIncome": 875000,
    "interestExpense": 116707000,
    "depreciationAndAmortization": 354985000,
    "ebitda": 485279000,
    "ebitdaratio": 0.4872259549,
    "operatingIncome": 439297000,
    "operatingIncomeRatio": 0.4410594737,
    "totalOtherIncomeExpensesNet": -111026000,
    "incomeBeforeTax": 13587000,
    "incomeBeforeTaxRatio": 0.0136415115,
    "incomeTaxExpense": 694000,
    "netIncome": 11443000,
    "netIncomeRatio": 0.0114889097,
    "eps": 0.03,
    "epsdiluted": 0.03,
    "weightedAverageShsOut": 372663000,
    "weightedAverageShsOutDil": 376453000,
    "link": "https://www.sec.gov/Archives/edgar/data/740260/000074026020000042/0000740260-20-000042-index.htm",
    "finalLink": "https://www.sec.gov/Archives/edgar/data/740260/000074026020000042/vtr123119doc10k.htm"
  },
  {
    "date": "2019-09-30",
    "symbol": "VTR",
    "reportedCurrency": "USD",
    "cik": "0000740260",
    "fillingDate": "2019-10-25",
    "acceptedDate": "2019-10-25 15:27:16",
    "calendarYear": "2019",
    "period": "Q3",
    "revenue": 983155000,
    "costOfRevenue": 462120000,
    "grossProfit": 521035000,
    "grossProfitRatio": 0.5299622135,
    "researchAndDevelopmentExpenses": 0,
    "generalAndAdministrativeExpenses": 40530000,
    "sellingAndMarketingExpenses": 0,
    "sellingGeneralAndAdministrativeExpenses": 40530000,
    "otherExpenses": -2164000,
    "operatingExpenses": 275133000,
    "costAndExpenses": 737253000,
    "interestIncome": 620000,
    "interestExpense": 113967000,
    "depreciationAndAmortization": 239926000,
    "ebitda": 442816000,
    "ebitdaratio": 0.4504030392,
    "operatingIncome": 86918000,
    "operatingIncomeRatio": 0.0884072196,
    "totalOtherIncomeExpensesNet": -156979000,
    "incomeBeforeTax": 88923000,
    "incomeBeforeTaxRatio": 0.0904465725,
    "incomeTaxExpense": 2005000,
    "netIncome": 85259000,
    "netIncomeRatio": 0.0867197949,
    "eps": 0.23,
    "epsdiluted": 0.23,
    "weightedAverageShsOut": 372426000,
    "weightedAverageShsOutDil": 376625000,
    "link": "https://www.sec.gov/Archives/edgar/data/740260/000074026019000168/0000740260-19-000168-index.htm",
    "finalLink": "https://www.sec.gov/Archives/edgar/data/740260/000074026019000168/vtr9302019doc.htm"
  },
  {
    "date": "2019-06-30",
    "symbol": "VTR",
    "reportedCurrency": "USD",
    "cik": "0000740260",
    "fillingDate": "2019-07-26",
    "acceptedDate": "2019-07-26 15:26:22",
    "calendarYear": "2019",
    "period": "Q2",
    "revenue": 950717000,
    "costOfRevenue": 436416000,
    "grossProfit": 514301000,
    "grossProfitRatio": 0.5409611903,
    "researchAndDevelopmentExpenses": 0,
    "generalAndAdministrativeExpenses": 43079000,
    "sellingAndMarketingExpenses": 0,
    "sellingGeneralAndAdministrativeExpenses": 43079000,
    "otherExpenses": 11481000,
    "operatingExpenses": 269266000,
    "costAndExpenses": 705682000,
    "interestIncome": 9202000,
    "interestExpense": 110369000,
    "depreciationAndAmortization": 231643000,
    "ebitda": 496158000,
    "ebitdaratio": 0.5218776986,
    "operatingIncome": 211898000,
    "operatingIncomeRatio": 0.2228823088,
    "totalOtherIncomeExpensesNet": -305345000,
    "incomeBeforeTax": 154146000,
    "incomeBeforeTaxRatio": 0.1621365769,
    "incomeTaxExpense": -57752000,
    "netIncome": 210529000,
    "netIncomeRatio": 0.221442343,
    "eps": 0.58,
    "epsdiluted": 0.58,
    "weightedAverageShsOut": 361722000,
    "weightedAverageShsOutDil": 365553000,
    "link": "https://www.sec.gov/Archives/edgar/data/740260/000074026019000139/0000740260-19-000139-index.htm",
    "finalLink": "https://www.sec.gov/Archives/edgar/data/740260/000074026019000139/vtr6302019doc.htm"
  },
  {
    "date": "2019-03-31",
    "symbol": "VTR",
    "reportedCurrency": "USD",
    "cik": "0000740260",
    "fillingDate": "2019-04-29",
    "acceptedDate": "2019-04-26 17:57:54",
    "calendarYear": "2019",
    "period": "Q1",
    "revenue": 942874000,
    "costOfRevenue": 431137000,
    "grossProfit": 511737000,
    "grossProfitRatio": 0.5427416601,
    "researchAndDevelopmentExpenses": 0,
    "generalAndAdministrativeExpenses": 40760000,
    "sellingAndMarketingExpenses": 0,
    "sellingGeneralAndAdministrativeExpenses": 40760000,
    "otherExpenses": -23000,
    "operatingExpenses": 276680000,
    "costAndExpenses": 707817000,
    "interestIncome": 287000,
    "interestExpense": 110619000,
    "depreciationAndAmortization": 242051000,
    "ebitda": 479001000,
    "ebitdaratio": 0.5080222808,
    "operatingIncome": 124725000,
    "operatingIncomeRatio": 0.1322817259,
    "totalOtherIncomeExpensesNet": -108726000,
    "incomeBeforeTax": 126331000,
    "incomeBeforeTaxRatio": 0.1339850288,
    "incomeTaxExpense": -1257000,
    "netIncome": 125785000,
    "netIncomeRatio": 0.1334059482,
    "eps": 0.35,
    "epsdiluted": 0.35,
    "weightedAverageShsOut": 356853000,
    "weightedAverageShsOutDil": 360619000,
    "link": "https://www.sec.gov/Archives/edgar/data/740260/000074026019000086/0000740260-19-000086-index.htm",
    "finalLink": "https://www.sec.gov/Archives/edgar/data/740260/000074026019000086/vtr3312019doc.htm"
  },
  {
    "date": "2018-12-31",
    "symbol": "VTR",
    "reportedCurrency": "USD",
    "cik": "0000740260",
    "fillingDate": "2019-02-08",
    "acceptedDate": "2019-02-08 17:23:47",
    "calendarYear": "2018",
    "period": "Q4",
    "revenue": 923263000,
    "costOfRevenue": 427503000,
    "grossProfit": 495760000,
    "grossProfitRatio": 0.5369650901,
    "researchAndDevelopmentExpenses": 0,
    "generalAndAdministrativeExpenses": 38475000,
    "sellingAndMarketingExpenses": 0,
    "sellingGeneralAndAdministrativeExpenses": 38475000,
    "otherExpenses": -58877000,
    "operatingExpenses": 282751000,
    "costAndExpenses": 710254000,
    "interestIncome": 357000,
    "interestExpense": 110524000,
    "depreciationAndAmortization": 244276000,
    "ebitda": 430704000,
    "ebitdaratio": 0.466501961,
    "operatingIncome": 415991000,
    "operatingIncomeRatio": 0.4505660901,
    "totalOtherIncomeExpensesNet": -178357000,
    "incomeBeforeTax": 34652000,
    "incomeBeforeTaxRatio": 0.0375321008,
    "incomeTaxExpense": -28650000,
    "netIncome": 62273000,
    "netIncomeRatio": 0.0674488201,
    "eps": 0.17,
    "epsdiluted": 0.17,
    "weightedAverageShsOut": 356389000,
    "weightedAverageShsOutDil": 359989000,
    "link": "https://www.sec.gov/Archives/edgar/data/740260/000074026019000037/0000740260-19-000037-index.htm",
    "finalLink": "https://www.sec.gov/Archives/edgar/data/740260/000074026019000037/a4q18doc10k.htm"
  },
  {
    "date": "2018-09-30",
    "symbol": "VTR",
    "reportedCurrency": "USD",
    "cik": "0000740260",
    "fillingDate": "2018-10-26",
    "acceptedDate": "2018-10-26 16:08:10",
    "calendarYear": "2018",
    "period": "Q3",
    "revenue": 936538000,
    "costOfRevenue": 428820000,
    "grossProfit": 507718000,
    "grossProfitRatio": 0.5421221563,
    "researchAndDevelopmentExpenses": 0,
    "generalAndAdministrativeExpenses": 39677000,
    "sellingAndMarketingExpenses": 0,
    "sellingGeneralAndAdministrativeExpenses": 39677000,
    "otherExpenses": -1244000,
    "operatingExpenses": 258256000,
    "costAndExpenses": 687076000,
    "interestIncome": 12554000,
    "interestExpense": 107581000,
    "depreciationAndAmortization": 223456000,
    "ebitda": 426991000,
    "ebitdaratio": 0.4559249064,
    "operatingIncome": 103263000,
    "operatingIncomeRatio": 0.1102603418,
    "totalOtherIncomeExpensesNet": -153508000,
    "incomeBeforeTax": 95936000,
    "incomeBeforeTaxRatio": 0.1024368472,
    "incomeTaxExpense": -7327000,
    "netIncome": 101972000,
    "netIncomeRatio": 0.1088818606,
    "eps": 0.29,
    "epsdiluted": 0.28,
    "weightedAverageShsOut": 356318000,
    "weightedAverageShsOutDil": 359355000,
    "link": "https://www.sec.gov/Archives/edgar/data/740260/000074026018000179/0000740260-18-000179-index.htm",
    "finalLink": "https://www.sec.gov/Archives/edgar/data/740260/000074026018000179/vtr9302018-10q.htm"
  },
  {
    "date": "2018-06-30",
    "symbol": "VTR",
    "reportedCurrency": "USD",
    "cik": "0000740260",
    "fillingDate": "2018-07-27",
    "acceptedDate": "2018-07-27 15:56:44",
    "calendarYear": "2018",
    "period": "Q2",
    "revenue": 942304000,
    "costOfRevenue": 421947000,
    "grossProfit": 520357000,
    "grossProfitRatio": 0.5522177556,
    "researchAndDevelopmentExpenses": 0,
    "generalAndAdministrativeExpenses": 36656000,
    "sellingAndMarketingExpenses": 0,
    "sellingGeneralAndAdministrativeExpenses": 36656000,
    "otherExpenses": -3527000,
    "operatingExpenses": 260290000,
    "costAndExpenses": 682237000,
    "interestIncome": 2347000,
    "interestExpense": 113029000,
    "depreciationAndAmortization": 228507000,
    "ebitda": 478676000,
    "ebitdaratio": 0.5079846843,
    "operatingIncome": 149385000,
    "operatingIncomeRatio": 0.1585316416,
    "totalOtherIncomeExpensesNet": -91501000,
    "incomeBeforeTax": 132739000,
    "incomeBeforeTaxRatio": 0.1408664295,
    "incomeTaxExpense": -734000,
    "netIncome": 166519000,
    "netIncomeRatio": 0.1767147332,
    "eps": 0.47,
    "epsdiluted": 0.46,
    "weightedAverageShsOut": 356228000,
    "weightedAverageShsOutDil": 359000000,
    "link": "https://www.sec.gov/Archives/edgar/data/740260/000074026018000145/0000740260-18-000145-index.htm",
    "finalLink": "https://www.sec.gov/Archives/edgar/data/740260/000074026018000145/vtr6302018-10q.htm"
  },
  {
    "date": "2018-03-31",
    "symbol": "VTR",
    "reportedCurrency": "USD",
    "cik": "0000740260",
    "fillingDate": "2018-04-27",
    "acceptedDate": "2018-04-27 16:58:09",
    "calendarYear": "2018",
    "period": "Q1",
    "revenue": 943705000,
    "costOfRevenue": 413028000,
    "grossProfit": 530677000,
    "grossProfitRatio": 0.5623335682,
    "researchAndDevelopmentExpenses": 0,
    "generalAndAdministrativeExpenses": 37174000,
    "sellingAndMarketingExpenses": 0,
    "sellingGeneralAndAdministrativeExpenses": 37174000,
    "otherExpenses": -3120000,
    "operatingExpenses": 270324000,
    "costAndExpenses": 683352000,
    "interestIncome": 9634000,
    "interestExpense": 111363000,
    "depreciationAndAmortization": 236927000,
    "ebitda": 425156000,
    "ebitdaratio": 0.4505179055,
    "operatingIncome": 80060000,
    "operatingIncomeRatio": 0.0848358332,
    "totalOtherIncomeExpensesNet": -183487000,
    "incomeBeforeTax": 76818000,
    "incomeBeforeTaxRatio": 0.0814004376,
    "incomeTaxExpense": -3242000,
    "netIncome": 78703000,
    "netIncomeRatio": 0.0833978839,
    "eps": 0.22,
    "epsdiluted": 0.22,
    "weightedAverageShsOut": 356112000,
    "weightedAverageShsOutDil": 358853000,
    "link": "https://www.sec.gov/Archives/edgar/data/740260/000074026018000090/0000740260-18-000090-index.htm",
    "finalLink": "https://www.sec.gov/Archives/edgar/data/740260/000074026018000090/vtr3312018-10q.htm"
  },
  {
    "date": "2017-12-31",
    "symbol": "VTR",
    "reportedCurrency": "USD",
    "cik": "0000740260",
    "fillingDate": "2018-02-09",
    "acceptedDate": "2018-02-09 15:49:50",
    "calendarYear": "2017",
    "period": "Q4",
    "revenue": 895288000,
    "costOfRevenue": 373731000,
    "grossProfit": 521557000,
    "grossProfitRatio": 0.5825577915,
    "researchAndDevelopmentExpenses": 0,
    "generalAndAdministrativeExpenses": 34930000,
    "sellingAndMarketingExpenses": 0,
    "sellingGeneralAndAdministrativeExpenses": 34930000,
    "otherExpenses": -3986000,
    "operatingExpenses": 267580000,
    "costAndExpenses": 641311000,
    "interestIncome": 5180000,
    "interestExpense": 111951000,
    "depreciationAndAmortization": 237522000,
    "ebitda": 481628000,
    "ebitdaratio": 0.5379587351,
    "operatingIncome": 643949000,
    "operatingIncomeRatio": 0.7192646389,
    "totalOtherIncomeExpensesNet": -121822000,
    "incomeBeforeTax": 132155000,
    "incomeBeforeTaxRatio": 0.1476117182,
    "incomeTaxExpense": -46680000,
    "netIncome": 392554000,
    "netIncomeRatio": 0.438466728,
    "eps": 1.1,
    "epsdiluted": 1.09,
    "weightedAverageShsOut": 356112000,
    "weightedAverageShsOutDil": 358853000,
    "link": "https://www.sec.gov/Archives/edgar/data/740260/000074026018000054/0000740260-18-000054-index.htm",
    "finalLink": "https://www.sec.gov/Archives/edgar/data/740260/000074026018000054/vtr-2017123110k.htm"
  },
  {
    "date": "2017-09-30",
    "symbol": "VTR",
    "reportedCurrency": "USD",
    "cik": "0000740260",
    "fillingDate": "2017-10-27",
    "acceptedDate": "2017-10-27 17:01:16",
    "calendarYear": "2017",
    "period": "Q3",
    "revenue": 899928000,
    "costOfRevenue": 376625000,
    "grossProfit": 523303000,
    "grossProfitRatio": 0.5814942973,
    "researchAndDevelopmentExpenses": 0,
    "generalAndAdministrativeExpenses": 33317000,
    "sellingAndMarketingExpenses": 0,
    "sellingGeneralAndAdministrativeExpenses": 33317000,
    "otherExpenses": -13030000,
    "operatingExpenses": 246724000,
    "costAndExpenses": 623349000,
    "interestIncome": 171000,
    "interestExpense": 113869000,
    "depreciationAndAmortization": 218009000,
    "ebitda": 480993000,
    "ebitdaratio": 0.534479425,
    "operatingIncome": 162881000,
    "operatingIncomeRatio": 0.1809933684,
    "totalOtherIncomeExpensesNet": -127464000,
    "incomeBeforeTax": 149115000,
    "incomeBeforeTaxRatio": 0.1656965891,
    "incomeTaxExpense": -7815000,
    "netIncome": 613958000,
    "netIncomeRatio": 0.682230134,
    "eps": 1.72,
    "epsdiluted": 1.71,
    "weightedAverageShsOut": 355929000,
    "weightedAverageShsOutDil": 359333000,
    "link": "https://www.sec.gov/Archives/edgar/data/740260/000074026017000141/0000740260-17-000141-index.htm",
    "finalLink": "https://www.sec.gov/Archives/edgar/data/740260/000074026017000141/vtr9302017-10q.htm"
  },
  {
    "date": "2017-06-30",
    "symbol": "VTR",
    "reportedCurrency": "USD",
    "cik": "0000740260",
    "fillingDate": "2017-07-28",
    "acceptedDate": "2017-07-28 15:32:19",
    "calendarYear": "2017",
    "period": "Q2",
    "revenue": 895490000,
    "costOfRevenue": 366382000,
    "grossProfit": 529108000,
    "grossProfitRatio": 0.5908586361,
    "researchAndDevelopmentExpenses": 0,
    "generalAndAdministrativeExpenses": 33282000,
    "sellingAndMarketingExpenses": 0,
    "sellingGeneralAndAdministrativeExpenses": 33282000,
    "otherExpenses": -1848000,
    "operatingExpenses": 257390000,
    "costAndExpenses": 623772000,
    "interestIncome": 202000,
    "interestExpense": 113572000,
    "depreciationAndAmortization": 228232000,
    "ebitda": 491917000,
    "ebitdaratio": 0.549327184,
    "operatingIncome": 158348000,
    "operatingIncomeRatio": 0.1768283286,
    "totalOtherIncomeExpensesNet": -121605000,
    "incomeBeforeTax": 150113000,
    "incomeBeforeTaxRatio": 0.167632246,
    "incomeTaxExpense": -2159000,
    "netIncome": 151831000,
    "netIncomeRatio": 0.1695507488,
    "eps": 0.43,
    "epsdiluted": 0.42,
    "weightedAverageShsOut": 355024000,
    "weightedAverageShsOutDil": 358311000,
    "link": "https://www.sec.gov/Archives/edgar/data/740260/000074026017000122/0000740260-17-000122-index.htm",
    "finalLink": "https://www.sec.gov/Archives/edgar/data/740260/000074026017000122/vtr-6302017x10q.htm"
  },
  {
    "date": "2017-03-31",
    "symbol": "VTR",
    "reportedCurrency": "USD",
    "cik": "0000740260",
    "fillingDate": "2017-04-28",
    "acceptedDate": "2017-04-28 16:23:48",
    "calendarYear": "2017",
    "period": "Q1",
    "revenue": 883443000,
    "costOfRevenue": 369725000,
    "grossProfit": 513718000,
    "grossProfitRatio": 0.581495354,
    "researchAndDevelopmentExpenses": 0,
    "generalAndAdministrativeExpenses": 33961000,
    "sellingAndMarketingExpenses": 0,
    "sellingGeneralAndAdministrativeExpenses": 33961000,
    "otherExpenses": -1188000,
    "operatingExpenses": 251744000,
    "costAndExpenses": 621469000,
    "interestIncome": 481000,
    "interestExpense": 108804000,
    "depreciationAndAmortization": 220243000,
    "ebitda": 481814000,
    "ebitdaratio": 0.5453821016,
    "operatingIncome": 153651000,
    "operatingIncomeRatio": 0.1739229356,
    "totalOtherIncomeExpensesNet": -109207000,
    "incomeBeforeTax": 152767000,
    "incomeBeforeTaxRatio": 0.1729223051,
    "incomeTaxExpense": -3145000,
    "netIncome": 198127000,
    "netIncomeRatio": 0.224266874,
    "eps": 0.56,
    "epsdiluted": 0.55,
    "weightedAverageShsOut": 354410000,
    "weightedAverageShsOutDil": 357572000,
    "link": "https://www.sec.gov/Archives/edgar/data/740260/000074026017000085/0000740260-17-000085-index.htm",
    "finalLink": "https://www.sec.gov/Archives/edgar/data/740260/000074026017000085/vtr-3312017x10q.htm"
  },
  {
    "date": "2016-12-31",
    "symbol": "VTR",
    "reportedCurrency": "USD",
    "cik": "0000740260",
    "fillingDate": "2017-02-14",
    "acceptedDate": "2017-02-13 21:18:07",
    "calendarYear": "2016",
    "period": "Q4",
    "revenue": 875713000,
    "costOfRevenue": 366502000,
    "grossProfit": 509211000,
    "grossProfitRatio": 0.5814816041,
    "researchAndDevelopmentExpenses": 0,
    "generalAndAdministrativeExpenses": 31488000,
    "sellingAndMarketingExpenses": 0,
    "sellingGeneralAndAdministrativeExpenses": 31488000,
    "otherExpenses": -1087000,
    "operatingExpenses": 263677000,
    "costAndExpenses": 630179000,
    "interestIncome": 84000,
    "interestExpense": 107739000,
    "depreciationAndAmortization": 232189000,
    "ebitda": 482850000,
    "ebitdaratio": 0.5513792761,
    "operatingIncome": 554209000,
    "operatingIncomeRatio": 0.6328660189,
    "totalOtherIncomeExpensesNet": -105795000,
    "incomeBeforeTax": 139739000,
    "incomeBeforeTaxRatio": 0.1595716862,
    "incomeTaxExpense": -2836000,
    "netIncome": 207637000,
    "netIncomeRatio": 0.2371062209,
    "eps": 0.59,
    "epsdiluted": 0.58,
    "weightedAverageShsOut": 353911000,
    "weightedAverageShsOutDil": 357435000,
    "link": "https://www.sec.gov/Archives/edgar/data/740260/000074026017000056/0000740260-17-000056-index.htm",
    "finalLink": "https://www.sec.gov/Archives/edgar/data/740260/000074026017000056/vtr-20161231x10k.htm"
  },
  {
    "date": "2016-09-30",
    "symbol": "VTR",
    "reportedCurrency": "USD",
    "cik": "0000740260",
    "fillingDate": "2016-10-28",
    "acceptedDate": "2016-10-28 17:04:37",
    "calendarYear": "2016",
    "period": "Q3",
    "revenue": 867116000,
    "costOfRevenue": 362091000,
    "grossProfit": 505025000,
    "grossProfitRatio": 0.5824191919,
    "researchAndDevelopmentExpenses": 0,
    "generalAndAdministrativeExpenses": 31567000,
    "sellingAndMarketingExpenses": 0,
    "sellingGeneralAndAdministrativeExpenses": 31567000,
    "otherExpenses": -2430000,
    "operatingExpenses": 239954000,
    "costAndExpenses": 602045000,
    "interestIncome": 562000,
    "interestExpense": 105063000,
    "depreciationAndAmortization": 210874000,
    "ebitda": 457846000,
    "ebitdaratio": 0.5280100932,
    "operatingIncome": 160570000,
    "operatingIncomeRatio": 0.1851770697,
    "totalOtherIncomeExpensesNet": -123162000,
    "incomeBeforeTax": 141909000,
    "incomeBeforeTaxRatio": 0.1636563043,
    "incomeTaxExpense": -8537000,
    "netIncome": 149452000,
    "netIncomeRatio": 0.1723552558,
    "eps": 0.43,
    "epsdiluted": 0.42,
    "weightedAverageShsOut": 350274000,
    "weightedAverageShsOutDil": 354186000,
    "link": "https://www.sec.gov/Archives/edgar/data/740260/000074026016000329/0000740260-16-000329-index.htm",
    "finalLink": "https://www.sec.gov/Archives/edgar/data/740260/000074026016000329/vtr-2016930x10q.htm"
  },
  {
    "date": "2016-06-30",
    "symbol": "VTR",
    "reportedCurrency": "USD",
    "cik": "0000740260",
    "fillingDate": "2016-07-29",
    "acceptedDate": "2016-07-29 16:03:30",
    "calendarYear": "2016",
    "period": "Q2",
    "revenue": 848404000,
    "costOfRevenue": 353807000,
    "grossProfit": 494597000,
    "grossProfitRatio": 0.5829734419,
    "researchAndDevelopmentExpenses": 0,
    "generalAndAdministrativeExpenses": 32094000,
    "sellingAndMarketingExpenses": 0,
    "sellingGeneralAndAdministrativeExpenses": 32094000,
    "otherExpenses": -2303000,
    "operatingExpenses": 254055000,
    "costAndExpenses": 607862000,
    "interestIncome": 111000,
    "interestExpense": 103665000,
    "depreciationAndAmortization": 224202000,
    "ebitda": 454167000,
    "ebitdaratio": 0.5353192583,
    "operatingIncome": 136988000,
    "operatingIncomeRatio": 0.1614655282,
    "totalOtherIncomeExpensesNet": -114242000,
    "incomeBeforeTax": 126300000,
    "incomeBeforeTaxRatio": 0.1488677564,
    "incomeTaxExpense": -11549000,
    "netIncome": 143162000,
    "netIncomeRatio": 0.1687427216,
    "eps": 0.42,
    "epsdiluted": 0.42,
    "weightedAverageShsOut": 338901000,
    "weightedAverageShsOutDil": 342571000,
    "link": "https://www.sec.gov/Archives/edgar/data/740260/000074026016000285/0000740260-16-000285-index.htm",
    "finalLink": "https://www.sec.gov/Archives/edgar/data/740260/000074026016000285/vtr-2016630x10q.htm"
  },
  {
    "date": "2016-03-31",
    "symbol": "VTR",
    "reportedCurrency": "USD",
    "cik": "0000740260",
    "fillingDate": "2016-04-29",
    "acceptedDate": "2016-04-29 16:24:19",
    "calendarYear": "2016",
    "period": "Q1",
    "revenue": 852289000,
    "costOfRevenue": 359673000,
    "grossProfit": 492616000,
    "grossProfitRatio": 0.5779917375,
    "researchAndDevelopmentExpenses": 0,
    "generalAndAdministrativeExpenses": 31726000,
    "sellingAndMarketingExpenses": 0,
    "sellingGeneralAndAdministrativeExpenses": 31726000,
    "otherExpenses": -4168000,
    "operatingExpenses": 268113000,
    "costAndExpenses": 627786000,
    "interestIncome": 119000,
    "interestExpense": 103273000,
    "depreciationAndAmortization": 238833000,
    "ebitda": 457024000,
    "ebitdaratio": 0.5362312549,
    "operatingIncome": 121349000,
    "operatingIncomeRatio": 0.1423801082,
    "totalOtherIncomeExpensesNet": -109585000,
    "incomeBeforeTax": 114918000,
    "incomeBeforeTaxRatio": 0.1348345456,
    "incomeTaxExpense": -8421000,
    "netIncome": 148980000,
    "netIncomeRatio": 0.1747998625,
    "eps": 0.44,
    "epsdiluted": 0.44,
    "weightedAverageShsOut": 335559000,
    "weightedAverageShsOutDil": 339202000,
    "link": "https://www.sec.gov/Archives/edgar/data/740260/000074026016000247/0000740260-16-000247-index.htm",
    "finalLink": "https://www.sec.gov/Archives/edgar/data/740260/000074026016000247/vtr-2016331x10q.htm"
  },
  {
    "date": "2015-12-31",
    "symbol": "VTR",
    "reportedCurrency": "USD",
    "cik": "0000740260",
    "fillingDate": "2016-02-12",
    "acceptedDate": "2016-02-12 16:59:29",
    "calendarYear": "2015",
    "period": "Q4",
    "revenue": 841274000,
    "costOfRevenue": 359801000,
    "grossProfit": 481473000,
    "grossProfitRatio": 0.5723141331,
    "researchAndDevelopmentExpenses": 0,
    "generalAndAdministrativeExpenses": 27636000,
    "sellingAndMarketingExpenses": 0,
    "sellingGeneralAndAdministrativeExpenses": 27636000,
    "otherExpenses": -4009000,
    "operatingExpenses": 264431000,
    "costAndExpenses": 624232000,
    "interestIncome": 333000,
    "interestExpense": 103692000,
    "depreciationAndAmortization": 239190000,
    "ebitda": 454565000,
    "ebitdaratio": 0.5403293101,
    "operatingIncome": 212810000,
    "operatingIncomeRatio": 0.2529615797,
    "totalOtherIncomeExpensesNet": -105359000,
    "incomeBeforeTax": 111683000,
    "incomeBeforeTaxRatio": 0.1327546079,
    "incomeTaxExpense": -11548000,
    "netIncome": 124728000,
    "netIncomeRatio": 0.148260852,
    "eps": 0.37,
    "epsdiluted": 0.37,
    "weightedAverageShsOut": 335559000,
    "weightedAverageShsOutDil": 339202000,
    "link": "https://www.sec.gov/Archives/edgar/data/740260/000074026016000201/0000740260-16-000201-index.htm",
    "finalLink": "https://www.sec.gov/Archives/edgar/data/740260/000074026016000201/vtr-20151231x10k.htm"
  },
  {
    "date": "2015-09-30",
    "symbol": "VTR",
    "reportedCurrency": "USD",
    "cik": "0000740260",
    "fillingDate": "2015-10-26",
    "acceptedDate": "2015-10-26 17:20:21",
    "calendarYear": "2015",
    "period": "Q3",
    "revenue": 827606000,
    "costOfRevenue": 354261000,
    "grossProfit": 473345000,
    "grossProfitRatio": 0.5719448627,
    "researchAndDevelopmentExpenses": 0,
    "generalAndAdministrativeExpenses": 32114000,
    "sellingAndMarketingExpenses": 0,
    "sellingGeneralAndAdministrativeExpenses": 32114000,
    "otherExpenses": -4795000,
    "operatingExpenses": 258446000,
    "costAndExpenses": 612707000,
    "interestIncome": 74000,
    "interestExpense": 97135000,
    "depreciationAndAmortization": 242352000,
    "ebitda": 374025000,
    "ebitdaratio": 0.4519360662,
    "operatingIncome": 45235000,
    "operatingIncomeRatio": 0.0546576511,
    "totalOtherIncomeExpensesNet": -180361000,
    "incomeBeforeTax": 34538000,
    "incomeBeforeTaxRatio": 0.0417324186,
    "incomeTaxExpense": -10697000,
    "netIncome": 22852000,
    "netIncomeRatio": 0.0276121729,
    "eps": 0.07,
    "epsdiluted": 0.07,
    "weightedAverageShsOut": 332491000,
    "weightedAverageShsOutDil": 336338000,
    "link": "https://www.sec.gov/Archives/edgar/data/740260/000074026015000156/0000740260-15-000156-index.htm",
    "finalLink": "https://www.sec.gov/Archives/edgar/data/740260/000074026015000156/vtr-2015930x10q.htm"
  },
  {
    "date": "2015-06-30",
    "symbol": "VTR",
    "reportedCurrency": "USD",
    "cik": "0000740260",
    "fillingDate": "2015-07-27",
    "acceptedDate": "2015-07-27 06:12:37",
    "calendarYear": "2015",
    "period": "Q2",
    "revenue": 891322000,
    "costOfRevenue": 348337000,
    "grossProfit": 542985000,
    "grossProfitRatio": 0.609190618,
    "researchAndDevelopmentExpenses": 0,
    "generalAndAdministrativeExpenses": 33962000,
    "sellingAndMarketingExpenses": 0,
    "sellingGeneralAndAdministrativeExpenses": 33962000,
    "otherExpenses": -5091000,
    "operatingExpenses": 283157000,
    "costAndExpenses": 631494000,
    "interestIncome": 236000,
    "interestExpense": 107591000,
    "depreciationAndAmortization": 249195000,
    "ebitda": 449379000,
    "ebitdaratio": 0.504171332,
    "operatingIncome": 152473000,
    "operatingIncomeRatio": 0.1710638804,
    "totalOtherIncomeExpensesNet": -100039000,
    "incomeBeforeTax": 133025000,
    "incomeBeforeTaxRatio": 0.1492446052,
    "incomeTaxExpense": -9789000,
    "netIncome": 149821000,
    "netIncomeRatio": 0.1680885247,
    "eps": 0.45,
    "epsdiluted": 0.45,
    "weightedAverageShsOut": 330715000,
    "weightedAverageShsOutDil": 334026000,
    "link": "https://www.sec.gov/Archives/edgar/data/740260/000074026015000131/0000740260-15-000131-index.htm",
    "finalLink": "https://www.sec.gov/Archives/edgar/data/740260/000074026015000131/vtr-2015630x10q.htm"
  },
  {
    "date": "2015-03-31",
    "symbol": "VTR",
    "reportedCurrency": "USD",
    "cik": "0000740260",
    "fillingDate": "2015-04-24",
    "acceptedDate": "2015-04-24 16:35:39",
    "calendarYear": "2015",
    "period": "Q1",
    "revenue": 884024000,
    "costOfRevenue": 347629000,
    "grossProfit": 536395000,
    "grossProfitRatio": 0.6067652009,
    "researchAndDevelopmentExpenses": 0,
    "generalAndAdministrativeExpenses": 34330000,
    "sellingAndMarketingExpenses": 0,
    "sellingGeneralAndAdministrativeExpenses": 34330000,
    "otherExpenses": -5296000,
    "operatingExpenses": 281771000,
    "costAndExpenses": 629400000,
    "interestIncome": 472000,
    "interestExpense": 106590000,
    "depreciationAndAmortization": 246934000,
    "ebitda": 418511000,
    "ebitdaratio": 0.4734158801,
    "operatingIncome": 114544000,
    "operatingIncomeRatio": 0.1295711429,
    "totalOtherIncomeExpensesNet": -118087000,
    "incomeBeforeTax": 107294000,
    "incomeBeforeTaxRatio": 0.1213700081,
    "incomeTaxExpense": -7250000,
    "netIncome": 120442000,
    "netIncomeRatio": 0.1362429074,
    "eps": 0.37,
    "epsdiluted": 0.37,
    "weightedAverageShsOut": 325454000,
    "weightedAverageShsOutDil": 329203000,
    "link": "https://www.sec.gov/Archives/edgar/data/740260/000074026015000097/0000740260-15-000097-index.htm",
    "finalLink": "https://www.sec.gov/Archives/edgar/data/740260/000074026015000097/vtr-2015331x10q.htm"
  },
  {
    "date": "2014-12-31",
    "symbol": "VTR",
    "reportedCurrency": "USD",
    "cik": "0000740260",
    "fillingDate": "2015-02-13",
    "acceptedDate": "2015-02-13 16:57:46",
    "calendarYear": "2014",
    "period": "Q4",
    "revenue": 803987000,
    "costOfRevenue": 319805000,
    "grossProfit": 484182000,
    "grossProfitRatio": 0.6022261554,
    "researchAndDevelopmentExpenses": 0,
    "generalAndAdministrativeExpenses": 28108000,
    "sellingAndMarketingExpenses": 0,
    "sellingGeneralAndAdministrativeExpenses": 28108000,
    "otherExpenses": -13604000,
    "operatingExpenses": 269383000,
    "costAndExpenses": 589188000,
    "interestIncome": 3453000,
    "interestExpense": 99031000,
    "depreciationAndAmortization": 241595000,
    "ebitda": 433674000,
    "ebitdaratio": 0.5394042441,
    "operatingIncome": 200507000,
    "operatingIncomeRatio": 0.2493908484,
    "totalOtherIncomeExpensesNet": -121751000,
    "incomeBeforeTax": 93048000,
    "incomeBeforeTaxRatio": 0.1157332146,
    "incomeTaxExpense": -13552000,
    "netIncome": 107190000,
    "netIncomeRatio": 0.1333230512,
    "eps": 0.33,
    "epsdiluted": 0.33,
    "weightedAverageShsOut": 325454000,
    "weightedAverageShsOutDil": 329203000,
    "link": "https://www.sec.gov/Archives/edgar/data/740260/000074026015000062/0000740260-15-000062-index.htm",
    "finalLink": "https://www.sec.gov/Archives/edgar/data/740260/000074026015000062/vtr-20141231x10k.htm"
  },
  {
    "date": "2014-09-30",
    "symbol": "VTR",
    "reportedCurrency": "USD",
    "cik": "0000740260",
    "fillingDate": "2014-10-24",
    "acceptedDate": "2014-10-24 15:22:48",
    "calendarYear": "2014",
    "period": "Q3",
    "revenue": 779035000,
    "costOfRevenue": 310989000,
    "grossProfit": 468046000,
    "grossProfitRatio": 0.6008022746,
    "researchAndDevelopmentExpenses": 0,
    "generalAndAdministrativeExpenses": 29466000,
    "sellingAndMarketingExpenses": 0,
    "sellingGeneralAndAdministrativeExpenses": 29466000,
    "otherExpenses": -15229000,
    "operatingExpenses": 230690000,
    "costAndExpenses": 541679000,
    "interestIncome": 368000,
    "interestExpense": 98469000,
    "depreciationAndAmortization": 203548000,
    "ebitda": 366844000,
    "ebitdaratio": 0.4708954026,
    "operatingIncome": 106335000,
    "operatingIncomeRatio": 0.1364957929,
    "totalOtherIncomeExpensesNet": -105387000,
    "incomeBeforeTax": 104448000,
    "incomeBeforeTaxRatio": 0.1340735654,
    "incomeTaxExpense": -1887000,
    "netIncome": 109132000,
    "netIncomeRatio": 0.1400861322,
    "eps": 0.37,
    "epsdiluted": 0.37,
    "weightedAverageShsOut": 294030000,
    "weightedAverageShsOutDil": 296495000,
    "link": "https://www.sec.gov/Archives/edgar/data/740260/000074026014000207/0000740260-14-000207-index.htm",
    "finalLink": "https://www.sec.gov/Archives/edgar/data/740260/000074026014000207/vtr-2014930x10q.htm"
  },
  {
    "date": "2014-06-30",
    "symbol": "VTR",
    "reportedCurrency": "USD",
    "cik": "0000740260",
    "fillingDate": "2014-08-11",
    "acceptedDate": "2014-08-11 16:06:05",
    "calendarYear": "2014",
    "period": "Q2",
    "revenue": 751254000,
    "costOfRevenue": 290385000,
    "grossProfit": 460869000,
    "grossProfitRatio": 0.6134662844,
    "researchAndDevelopmentExpenses": 0,
    "generalAndAdministrativeExpenses": 31306000,
    "sellingAndMarketingExpenses": 0,
    "sellingGeneralAndAdministrativeExpenses": 31306000,
    "otherExpenses": -4863000,
    "operatingExpenses": 222124000,
    "costAndExpenses": 512509000,
    "interestIncome": 173000,
    "interestExpense": 91501000,
    "depreciationAndAmortization": 191101000,
    "ebitda": 412808000,
    "ebitdaratio": 0.5494919162,
    "operatingIncome": 147417000,
    "operatingIncomeRatio": 0.1962279069,
    "totalOtherIncomeExpensesNet": -108539000,
    "incomeBeforeTax": 130206000,
    "incomeBeforeTaxRatio": 0.1733182119,
    "incomeTaxExpense": 3274000,
    "netIncome": 138398000,
    "netIncomeRatio": 0.1842226464,
    "eps": 0.47,
    "epsdiluted": 0.47,
    "weightedAverageShsOut": 293988000,
    "weightedAverageShsOutDil": 296504000,
    "link": "https://www.sec.gov/Archives/edgar/data/740260/000074026014000136/0000740260-14-000136-index.htm",
    "finalLink": "https://www.sec.gov/Archives/edgar/data/740260/000074026014000136/vtr-2014630x10q.htm"
  },
  {
    "date": "2014-03-31",
    "symbol": "VTR",
    "reportedCurrency": "USD",
    "cik": "0000740260",
    "fillingDate": "2014-09-04",
    "acceptedDate": "2014-09-04 16:36:14",
    "calendarYear": "2014",
    "period": "Q1",
    "revenue": 741470000,
    "costOfRevenue": 291011000,
    "grossProfit": 450459000,
    "grossProfitRatio": 0.607521545,
    "researchAndDevelopmentExpenses": 0,
    "generalAndAdministrativeExpenses": 32866000,
    "sellingAndMarketingExpenses": 0,
    "sellingGeneralAndAdministrativeExpenses": 32866000,
    "otherExpenses": -5229000,
    "operatingExpenses": 226460000,
    "costAndExpenses": 517471000,
    "interestIncome": 273000,
    "interestExpense": 87841000,
    "depreciationAndAmortization": 191911000,
    "ebitda": 402111000,
    "ebitdaratio": 0.54231594,
    "operatingIncome": 136431000,
    "operatingIncomeRatio": 0.1840007013,
    "totalOtherIncomeExpensesNet": -103323000,
    "incomeBeforeTax": 120676000,
    "incomeBeforeTaxRatio": 0.1627523703,
    "incomeTaxExpense": 3433000,
    "netIncome": 121047000,
    "netIncomeRatio": 0.1632527277,
    "eps": 0.41,
    "epsdiluted": 0.41,
    "weightedAverageShsOut": 293875000,
    "weightedAverageShsOutDil": 296245000,
    "link": "https://www.sec.gov/Archives/edgar/data/740260/000074026014000168/0000740260-14-000168-index.htm",
    "finalLink": "https://www.sec.gov/Archives/edgar/data/740260/000074026014000168/vtr-2014331x10qa.htm"
  },
  {
    "date": "2013-12-31",
    "symbol": "VTR",
    "reportedCurrency": "USD",
    "cik": "0000740260",
    "fillingDate": "2014-09-04",
    "acceptedDate": "2014-09-04 16:28:44",
    "calendarYear": "2013",
    "period": "Q4",
    "revenue": 732856000,
    "costOfRevenue": 291419000,
    "grossProfit": 441437000,
    "grossProfitRatio": 0.6023516216,
    "researchAndDevelopmentExpenses": 0,
    "generalAndAdministrativeExpenses": 30349000,
    "sellingAndMarketingExpenses": 0,
    "sellingGeneralAndAdministrativeExpenses": 30349000,
    "otherExpenses": -5407000,
    "operatingExpenses": 228385000,
    "costAndExpenses": 519804000,
    "interestIncome": 146000,
    "interestExpense": 90168000,
    "depreciationAndAmortization": 198036000,
    "ebitda": 397722000,
    "ebitdaratio": 0.5427014311,
    "operatingIncome": 206604000,
    "operatingIncomeRatio": 0.2819162291,
    "totalOtherIncomeExpensesNet": -101917000,
    "incomeBeforeTax": 109829000,
    "incomeBeforeTaxRatio": 0.1498643663,
    "incomeTaxExpense": 1272000,
    "netIncome": 108440000,
    "netIncomeRatio": 0.1479690417,
    "eps": 0.37,
    "epsdiluted": 0.37,
    "weightedAverageShsOut": 293674000,
    "weightedAverageShsOutDil": 296047000,
    "link": "https://www.sec.gov/Archives/edgar/data/740260/000074026014000166/0000740260-14-000166-index.htm",
    "finalLink": "https://www.sec.gov/Archives/edgar/data/740260/000074026014000166/vtr-20131231x10ka.htm"
  },
  {
    "date": "2013-09-30",
    "symbol": "VTR",
    "reportedCurrency": "USD",
    "cik": "0000740260",
    "fillingDate": "2013-10-25",
    "acceptedDate": "2013-10-25 16:02:11",
    "calendarYear": "2013",
    "period": "Q3",
    "revenue": 712386000,
    "costOfRevenue": 286763000,
    "grossProfit": 425623000,
    "grossProfitRatio": 0.5974612078,
    "researchAndDevelopmentExpenses": 0,
    "generalAndAdministrativeExpenses": 28659000,
    "sellingAndMarketingExpenses": 0,
    "sellingGeneralAndAdministrativeExpenses": 28659000,
    "otherExpenses": -4353000,
    "operatingExpenses": 206369000,
    "costAndExpenses": 493132000,
    "interestIncome": 66000,
    "interestExpense": 84089000,
    "depreciationAndAmortization": 184418000,
    "ebitda": 393175000,
    "ebitdaratio": 0.5519128675,
    "operatingIncome": 135231000,
    "operatingIncomeRatio": 0.1898282673,
    "totalOtherIncomeExpensesNet": -94026000,
    "incomeBeforeTax": 124903000,
    "incomeBeforeTaxRatio": 0.175330509,
    "incomeTaxExpense": -2780000,
    "netIncome": 118296000,
    "netIncomeRatio": 0.1660560427,
    "eps": 0.4,
    "epsdiluted": 0.4,
    "weightedAverageShsOut": 292818000,
    "weightedAverageShsOutDil": 295190000,
    "link": "https://www.sec.gov/Archives/edgar/data/740260/000074026013000123/0000740260-13-000123-index.htm",
    "finalLink": "https://www.sec.gov/Archives/edgar/data/740260/000074026013000123/vtr-2013930x10q.htm"
  },
  {
    "date": "2013-06-30",
    "symbol": "VTR",
    "reportedCurrency": "USD",
    "cik": "0000740260",
    "fillingDate": "2013-07-26",
    "acceptedDate": "2013-07-26 15:19:34",
    "calendarYear": "2013",
    "period": "Q2",
    "revenue": 685846000,
    "costOfRevenue": 271405000,
    "grossProfit": 414441000,
    "grossProfitRatio": 0.6042770534,
    "researchAndDevelopmentExpenses": 0,
    "generalAndAdministrativeExpenses": 27327000,
    "sellingAndMarketingExpenses": 0,
    "sellingGeneralAndAdministrativeExpenses": 27327000,
    "otherExpenses": -4385000,
    "operatingExpenses": 200033000,
    "costAndExpenses": 471438000,
    "interestIncome": 797000,
    "interestExpense": 83046000,
    "depreciationAndAmortization": 189917000,
    "ebitda": 393182000,
    "ebitdaratio": 0.5732802991,
    "operatingIncome": 132159000,
    "operatingIncomeRatio": 0.1926948615,
    "totalOtherIncomeExpensesNet": -93075000,
    "incomeBeforeTax": 120524000,
    "incomeBeforeTaxRatio": 0.1757304118,
    "incomeTaxExpense": -12064000,
    "netIncome": 114580000,
    "netIncomeRatio": 0.1670637432,
    "eps": 0.39,
    "epsdiluted": 0.39,
    "weightedAverageShsOut": 292635000,
    "weightedAverageShsOutDil": 295123000,
    "link": "https://www.sec.gov/Archives/edgar/data/740260/000074026013000106/0000740260-13-000106-index.htm",
    "finalLink": "https://www.sec.gov/Archives/edgar/data/740260/000074026013000106/vtr-20130630x10q.htm"
  },
  {
    "date": "2013-03-31",
    "symbol": "VTR",
    "reportedCurrency": "USD",
    "cik": "0000740260",
    "fillingDate": "2013-04-26",
    "acceptedDate": "2013-04-26 16:16:58",
    "calendarYear": "2013",
    "period": "Q1",
    "revenue": 684868000,
    "costOfRevenue": 269088000,
    "grossProfit": 415780000,
    "grossProfitRatio": 0.6070950899,
    "researchAndDevelopmentExpenses": 0,
    "generalAndAdministrativeExpenses": 28774000,
    "sellingAndMarketingExpenses": 0,
    "sellingGeneralAndAdministrativeExpenses": 28774000,
    "otherExpenses": -4587000,
    "operatingExpenses": 207791000,
    "costAndExpenses": 476879000,
    "interestIncome": 1038000,
    "interestExpense": 79600000,
    "depreciationAndAmortization": 181614000,
    "ebitda": 383521000,
    "ebitdaratio": 0.5599925825,
    "operatingIncome": 129427000,
    "operatingIncomeRatio": 0.1889809423,
    "totalOtherIncomeExpensesNet": -86554000,
    "incomeBeforeTax": 120469000,
    "incomeBeforeTaxRatio": 0.1759010495,
    "incomeTaxExpense": 1744000,
    "netIncome": 112193000,
    "netIncomeRatio": 0.1638169691,
    "eps": 0.38,
    "epsdiluted": 0.38,
    "weightedAverageShsOut": 291455000,
    "weightedAverageShsOutDil": 293924000,
    "link": "https://www.sec.gov/Archives/edgar/data/740260/000074026013000084/0000740260-13-000084-index.htm",
    "finalLink": "https://www.sec.gov/Archives/edgar/data/740260/000074026013000084/vtr-20130331x10q.htm"
  },
  {
    "date": "2012-12-31",
    "symbol": "VTR",
    "reportedCurrency": "USD",
    "cik": "0000740260",
    "fillingDate": "2013-02-19",
    "acceptedDate": "2013-02-19 07:19:03",
    "calendarYear": "2012",
    "period": "Q4",
    "revenue": 660711000,
    "costOfRevenue": 264368000,
    "grossProfit": 396343000,
    "grossProfitRatio": 0.5998734696,
    "researchAndDevelopmentExpenses": 0,
    "generalAndAdministrativeExpenses": 23022000,
    "sellingAndMarketingExpenses": 0,
    "sellingGeneralAndAdministrativeExpenses": 23022000,
    "otherExpenses": -1902000,
    "operatingExpenses": 210776000,
    "costAndExpenses": 475144000,
    "interestIncome": 665000,
    "interestExpense": 76700000,
    "depreciationAndAmortization": 187754000,
    "ebitda": 381887000,
    "ebitdaratio": 0.5779940095,
    "operatingIncome": 183914000,
    "operatingIncomeRatio": 0.2783577086,
    "totalOtherIncomeExpensesNet": -96180000,
    "incomeBeforeTax": 94296000,
    "incomeBeforeTaxRatio": 0.14271898,
    "incomeTaxExpense": -3555000,
    "netIncome": 86267000,
    "netIncomeRatio": 0.1305669196,
    "eps": 0.29,
    "epsdiluted": 0.29,
    "weightedAverageShsOut": 294704000,
    "weightedAverageShsOutDil": 297089000,
    "link": "https://www.sec.gov/Archives/edgar/data/740260/000074026013000047/0000740260-13-000047-index.htm",
    "finalLink": "https://www.sec.gov/Archives/edgar/data/740260/000074026013000047/vtr-20121231x10k.htm"
  },
  {
    "date": "2012-09-30",
    "symbol": "VTR",
    "reportedCurrency": "USD",
    "cik": "0000740260",
    "fillingDate": "2012-10-26",
    "acceptedDate": "2012-10-26 15:52:17",
    "calendarYear": "2012",
    "period": "Q3",
    "revenue": 641950000,
    "costOfRevenue": 254492000,
    "grossProfit": 387458000,
    "grossProfitRatio": 0.6035641405,
    "researchAndDevelopmentExpenses": 0,
    "generalAndAdministrativeExpenses": 26872000,
    "sellingAndMarketingExpenses": 0,
    "sellingGeneralAndAdministrativeExpenses": 26872000,
    "otherExpenses": -1966000,
    "operatingExpenses": 219288000,
    "costAndExpenses": 473780000,
    "interestIncome": 330000,
    "interestExpense": 75139000,
    "depreciationAndAmortization": 165296000,
    "ebitda": 358078000,
    "ebitdaratio": 0.5577973362,
    "operatingIncome": 115268000,
    "operatingIncomeRatio": 0.1795591557,
    "totalOtherIncomeExpensesNet": -62652000,
    "incomeBeforeTax": 89308000,
    "incomeBeforeTaxRatio": 0.1391198691,
    "incomeTaxExpense": -8886000,
    "netIncome": 111882000,
    "netIncomeRatio": 0.1742846016,
    "eps": 0.38,
    "epsdiluted": 0.38,
    "weightedAverageShsOut": 294928000,
    "weightedAverageShsOutDil": 297407000,
    "link": "https://www.sec.gov/Archives/edgar/data/740260/000104746912009801/0001047469-12-009801-index.htm",
    "finalLink": "https://www.sec.gov/Archives/edgar/data/740260/000104746912009801/a2211500z10-q.htm"
  },
  {
    "date": "2012-06-30",
    "symbol": "VTR",
    "reportedCurrency": "USD",
    "cik": "0000740260",
    "fillingDate": "2012-07-27",
    "acceptedDate": "2012-07-27 13:56:08",
    "calendarYear": "2012",
    "period": "Q2",
    "revenue": 616448000,
    "costOfRevenue": 241233000,
    "grossProfit": 375215000,
    "grossProfitRatio": 0.6086725888,
    "researchAndDevelopmentExpenses": 0,
    "generalAndAdministrativeExpenses": 26710000,
    "sellingAndMarketingExpenses": 0,
    "sellingGeneralAndAdministrativeExpenses": 26710000,
    "otherExpenses": -1510000,
    "operatingExpenses": 216059000,
    "costAndExpenses": 457292000,
    "interestIncome": 65000,
    "interestExpense": 74428000,
    "depreciationAndAmortization": 211877000,
    "ebitda": 300722000,
    "ebitdaratio": 0.4878302793,
    "operatingIncome": 42254000,
    "operatingIncomeRatio": 0.0685443054,
    "totalOtherIncomeExpensesNet": -120420000,
    "incomeBeforeTax": 36561000,
    "incomeBeforeTaxRatio": 0.0593091388,
    "incomeTaxExpense": -5179000,
    "netIncome": 74025000,
    "netIncomeRatio": 0.1200831214,
    "eps": 0.26,
    "epsdiluted": 0.25,
    "weightedAverageShsOut": 290170000,
    "weightedAverageShsOutDil": 292592000,
    "link": "https://www.sec.gov/Archives/edgar/data/740260/000104746912007484/0001047469-12-007484-index.htm",
    "finalLink": "https://www.sec.gov/Archives/edgar/data/740260/000104746912007484/a2210347z10-q.htm"
  },
  {
    "date": "2012-03-31",
    "symbol": "VTR",
    "reportedCurrency": "USD",
    "cik": "0000740260",
    "fillingDate": "2012-04-27",
    "acceptedDate": "2012-04-27 14:11:51",
    "calendarYear": "2012",
    "period": "Q1",
    "revenue": 573694000,
    "costOfRevenue": 219744000,
    "grossProfit": 353950000,
    "grossProfitRatio": 0.6169665362,
    "researchAndDevelopmentExpenses": 0,
    "generalAndAdministrativeExpenses": 22200000,
    "sellingAndMarketingExpenses": 0,
    "sellingGeneralAndAdministrativeExpenses": 22200000,
    "otherExpenses": -1576000,
    "operatingExpenses": 185397000,
    "costAndExpenses": 405141000,
    "interestIncome": 47000,
    "interestExpense": 70668000,
    "depreciationAndAmortization": 154528000,
    "ebitda": 286617000,
    "ebitdaratio": 0.4995990894,
    "operatingIncome": 47763000,
    "operatingIncomeRatio": 0.0832551848,
    "totalOtherIncomeExpensesNet": -106914000,
    "incomeBeforeTax": 58784000,
    "incomeBeforeTaxRatio": 0.1024657744,
    "incomeTaxExpense": 11338000,
    "netIncome": 90626000,
    "netIncomeRatio": 0.157969231,
    "eps": 0.31,
    "epsdiluted": 0.31,
    "weightedAverageShsOut": 288375000,
    "weightedAverageShsOutDil": 290813000,
    "link": "https://www.sec.gov/Archives/edgar/data/740260/000104746912004922/0001047469-12-004922-index.htm",
    "finalLink": "https://www.sec.gov/Archives/edgar/data/740260/000104746912004922/a2209031z10-q.htm"
  },
  {
    "date": "2011-12-31",
    "symbol": "VTR",
    "reportedCurrency": "USD",
    "cik": "0000740260",
    "fillingDate": "2012-02-22",
    "acceptedDate": "2012-02-22 15:52:06",
    "calendarYear": "2011",
    "period": "Q4",
    "revenue": 563913000,
    "costOfRevenue": 217841000,
    "grossProfit": 346072000,
    "grossProfitRatio": 0.613697503,
    "researchAndDevelopmentExpenses": 0,
    "generalAndAdministrativeExpenses": 14832000,
    "sellingAndMarketingExpenses": 8695000,
    "sellingGeneralAndAdministrativeExpenses": 23527000,
    "otherExpenses": 0,
    "operatingExpenses": 20574000,
    "costAndExpenses": 238415000,
    "interestIncome": 0,
    "interestExpense": 66761000,
    "depreciationAndAmortization": 166163000,
    "ebitda": 415840000,
    "ebitdaratio": 0.7374187153,
    "operatingIncome": 51169000,
    "operatingIncomeRatio": 0.0907391743,
    "totalOtherIncomeExpensesNet": -142582000,
    "incomeBeforeTax": 182916000,
    "incomeBeforeTaxRatio": 0.3243691846,
    "incomeTaxExpense": -7827000,
    "netIncome": 192948000,
    "netIncomeRatio": 0.3421591628,
    "eps": 0.67,
    "epsdiluted": 0.66,
    "weightedAverageShsOut": 288375000,
    "weightedAverageShsOutDil": 290813000,
    "link": "https://www.sec.gov/Archives/edgar/data/740260/000104746912001287/0001047469-12-001287-index.htm",
    "finalLink": "https://www.sec.gov/Archives/edgar/data/740260/000104746912001287/a2207416z10-k.htm"
  },
  {
    "date": "2011-09-30",
    "symbol": "VTR",
    "reportedCurrency": "USD",
    "cik": "0000740260",
    "fillingDate": "2011-11-07",
    "acceptedDate": "2011-11-07 14:43:31",
    "calendarYear": "2011",
    "period": "Q3",
    "revenue": 565957000,
    "costOfRevenue": 26652000,
    "grossProfit": 539305000,
    "grossProfitRatio": 0.9529080831,
    "researchAndDevelopmentExpenses": 0,
    "generalAndAdministrativeExpenses": 20624000,
    "sellingAndMarketingExpenses": 0,
    "sellingGeneralAndAdministrativeExpenses": 20624000,
    "otherExpenses": 0,
    "operatingExpenses": 299616000,
    "costAndExpenses": 326268000,
    "interestIncome": 0,
    "interestExpense": 73756000,
    "depreciationAndAmortization": 161027000,
    "ebitda": 314390000,
    "ebitdaratio": 0.5555015664,
    "operatingIncome": 101984000,
    "operatingIncomeRatio": 0.1801974355,
    "totalOtherIncomeExpensesNet": -147553000,
    "incomeBeforeTax": 88080000,
    "incomeBeforeTaxRatio": 0.1556301981,
    "incomeTaxExpense": -13904000,
    "netIncome": 102885000,
    "netIncomeRatio": 0.1817894292,
    "eps": 0.36,
    "epsdiluted": 0.35,
    "weightedAverageShsOut": 287365000,
    "weightedAverageShsOutDil": 290794000,
    "link": "https://www.sec.gov/Archives/edgar/data/740260/000095012311095876/0000950123-11-095876-index.htm",
    "finalLink": "https://www.sec.gov/Archives/edgar/data/740260/000095012311095876/c21717e10vq.htm"
  },
  {
    "date": "2011-06-30",
    "symbol": "VTR",
    "reportedCurrency": "USD",
    "cik": "0000740260",
    "fillingDate": "2011-08-05",
    "acceptedDate": "2011-08-05 17:24:21",
    "calendarYear": "2011",
    "period": "Q2",
    "revenue": 128382000,
    "costOfRevenue": 10383000,
    "grossProfit": 117999000,
    "grossProfitRatio": 0.9191241763,
    "researchAndDevelopmentExpenses": 0,
    "generalAndAdministrativeExpenses": 15554000,
    "sellingAndMarketingExpenses": -8770000,
    "sellingGeneralAndAdministrativeExpenses": 6784000,
    "otherExpenses": 0,
    "operatingExpenses": 48373000,
    "costAndExpenses": 58756000,
    "interestIncome": 0,
    "interestExpense": 27792000,
    "depreciationAndAmortization": 26126000,
    "ebitda": 127226000,
    "ebitdaratio": 0.9909956224,
    "operatingIncome": 19734000,
    "operatingIncomeRatio": 0.1537131374,
    "totalOtherIncomeExpensesNet": -99800000,
    "incomeBeforeTax": 13608000,
    "incomeBeforeTaxRatio": 0.1059961677,
    "incomeTaxExpense": -6209000,
    "netIncome": 29616000,
    "netIncomeRatio": 0.2306865448,
    "eps": 0.17,
    "epsdiluted": 0.17,
    "weightedAverageShsOut": 176262000,
    "weightedAverageShsOutDil": 177945000,
    "link": "https://www.sec.gov/Archives/edgar/data/740260/000095012311073804/0000950123-11-073804-index.htm",
    "finalLink": "https://www.sec.gov/Archives/edgar/data/740260/000095012311073804/c18908e10vq.htm"
  },
  {
    "date": "2011-03-31",
    "symbol": "VTR",
    "reportedCurrency": "USD",
    "cik": "0000740260",
    "fillingDate": "2011-05-06",
    "acceptedDate": "2011-05-06 16:24:07",
    "calendarYear": "2011",
    "period": "Q1",
    "revenue": 270461000,
    "costOfRevenue": 92323000,
    "grossProfit": 178138000,
    "grossProfitRatio": 0.6586457937,
    "researchAndDevelopmentExpenses": 0,
    "generalAndAdministrativeExpenses": 14832000,
    "sellingAndMarketingExpenses": 0,
    "sellingGeneralAndAdministrativeExpenses": 14832000,
    "otherExpenses": 0,
    "operatingExpenses": 83111000,
    "costAndExpenses": 175434000,
    "interestIncome": 0,
    "interestExpense": 42558000,
    "depreciationAndAmortization": 54195000,
    "ebitda": 141265000,
    "ebitdaratio": 0.5223119045,
    "operatingIncome": 52469000,
    "operatingIncomeRatio": 0.1939983953,
    "totalOtherIncomeExpensesNet": -7216000,
    "incomeBeforeTax": 45849000,
    "incomeBeforeTaxRatio": 0.1695216686,
    "incomeTaxExpense": -3197000,
    "netIncome": 48984000,
    "netIncomeRatio": 0.1811129886,
    "eps": 0.31,
    "epsdiluted": 0.3,
    "weightedAverageShsOut": 160420000,
    "weightedAverageShsOutDil": 162023000,
    "link": "https://www.sec.gov/Archives/edgar/data/740260/000095012311046643/0000950123-11-046643-index.htm",
    "finalLink": "https://www.sec.gov/Archives/edgar/data/740260/000095012311046643/c14212e10vq.htm"
  },
  {
    "date": "2010-12-31",
    "symbol": "VTR",
    "reportedCurrency": "USD",
    "cik": "0000740260",
    "fillingDate": "2011-03-01",
    "acceptedDate": "2011-03-01 17:12:16",
    "calendarYear": "2010",
    "period": "Q4",
    "revenue": 267994000,
    "costOfRevenue": 84769000,
    "grossProfit": 183225000,
    "grossProfitRatio": 0.6836906796,
    "researchAndDevelopmentExpenses": 0,
    "generalAndAdministrativeExpenses": 0,
    "sellingAndMarketingExpenses": 0,
    "sellingGeneralAndAdministrativeExpenses": 14011000,
    "otherExpenses": 0,
    "operatingExpenses": 74944000,
    "costAndExpenses": 159713000,
    "interestIncome": 0,
    "interestExpense": 45414000,
    "depreciationAndAmortization": 64365000,
    "ebitda": 170280000,
    "ebitdaratio": 0.6353873594,
    "operatingIncome": 62867000,
    "operatingIncomeRatio": 0.2345836101,
    "totalOtherIncomeExpensesNet": -47780000,
    "incomeBeforeTax": 60501000,
    "incomeBeforeTaxRatio": 0.2257550542,
    "incomeTaxExpense": 2849000,
    "netIncome": 77583000,
    "netIncomeRatio": 0.2894952872,
    "eps": 0.48,
    "epsdiluted": 0.48,
    "weightedAverageShsOut": 160420000,
    "weightedAverageShsOutDil": 162023000,
    "link": "https://www.sec.gov/Archives/edgar/data/740260/000095012311020775/0000950123-11-020775-index.htm",
    "finalLink": "https://www.sec.gov/Archives/edgar/data/740260/000095012311020775/c62406a1e10vkza.htm"
  },
  {
    "date": "2010-09-30",
    "symbol": "VTR",
    "reportedCurrency": "USD",
    "cik": "0000740260",
    "fillingDate": "2010-11-05",
    "acceptedDate": "2010-11-05 16:16:40",
    "calendarYear": "2010",
    "period": "Q3",
    "revenue": 264665000,
    "costOfRevenue": 86640000,
    "grossProfit": 178025000,
    "grossProfitRatio": 0.6726427748,
    "researchAndDevelopmentExpenses": 0,
    "generalAndAdministrativeExpenses": 15278000,
    "sellingAndMarketingExpenses": 0,
    "sellingGeneralAndAdministrativeExpenses": 15278000,
    "otherExpenses": 0,
    "operatingExpenses": 67382000,
    "costAndExpenses": 154022000,
    "interestIncome": 0,
    "interestExpense": 45519000,
    "depreciationAndAmortization": 50563000,
    "ebitda": 158120000,
    "ebitdaratio": 0.5974344927,
    "operatingIncome": 65124000,
    "operatingIncomeRatio": 0.2460620029,
    "totalOtherIncomeExpensesNet": -50242000,
    "incomeBeforeTax": 60401000,
    "incomeBeforeTaxRatio": 0.2282168024,
    "incomeTaxExpense": 1657000,
    "netIncome": 57898000,
    "netIncomeRatio": 0.218759564,
    "eps": 0.37,
    "epsdiluted": 0.37,
    "weightedAverageShsOut": 156631000,
    "weightedAverageShsOutDil": 157941000,
    "link": "https://www.sec.gov/Archives/edgar/data/740260/000095012310101705/0000950123-10-101705-index.htm",
    "finalLink": "https://www.sec.gov/Archives/edgar/data/740260/000095012310101705/c06706e10vq.htm"
  },
  {
    "date": "2010-06-30",
    "symbol": "VTR",
    "reportedCurrency": "USD",
    "cik": "0000740260",
    "fillingDate": "2010-07-30",
    "acceptedDate": "2010-07-30 16:25:27",
    "calendarYear": "2010",
    "period": "Q2",
    "revenue": 243978000,
    "costOfRevenue": 75183000,
    "grossProfit": 168795000,
    "grossProfitRatio": 0.6918451664,
    "researchAndDevelopmentExpenses": 0,
    "generalAndAdministrativeExpenses": 9858000,
    "sellingAndMarketingExpenses": 0,
    "sellingGeneralAndAdministrativeExpenses": 9858000,
    "otherExpenses": 65325000,
    "operatingExpenses": 66713000,
    "costAndExpenses": 141896000,
    "interestIncome": 122000,
    "interestExpense": 44045000,
    "depreciationAndAmortization": 52398000,
    "ebitda": 147547000,
    "ebitdaratio": 0.6047553468,
    "operatingIncome": 58159000,
    "operatingIncomeRatio": 0.2383780505,
    "totalOtherIncomeExpensesNet": -54717000,
    "incomeBeforeTax": 53830000,
    "incomeBeforeTaxRatio": 0.2206346474,
    "incomeTaxExpense": 409000,
    "netIncome": 58067000,
    "netIncomeRatio": 0.2380009673,
    "eps": 0.37,
    "epsdiluted": 0.37,
    "weightedAverageShsOut": 156611000,
    "weightedAverageShsOutDil": 157441000,
    "link": "https://www.sec.gov/Archives/edgar/data/740260/000095012310070521/0000950123-10-070521-index.htm",
    "finalLink": "https://www.sec.gov/Archives/edgar/data/740260/000095012310070521/c03735e10vq.htm"
  },
  {
    "date": "2010-03-31",
    "symbol": "VTR",
    "reportedCurrency": "USD",
    "cik": "0000740260",
    "fillingDate": "2010-04-30",
    "acceptedDate": "2010-04-30 16:04:57",
    "calendarYear": "2010",
    "period": "Q1",
    "revenue": 241545000,
    "costOfRevenue": 78879000,
    "grossProfit": 162666000,
    "grossProfitRatio": 0.6734397317,
    "researchAndDevelopmentExpenses": 0,
    "generalAndAdministrativeExpenses": 10683000,
    "sellingAndMarketingExpenses": 0,
    "sellingGeneralAndAdministrativeExpenses": 10683000,
    "otherExpenses": 68196000,
    "operatingExpenses": 141932000,
    "costAndExpenses": 141932000,
    "interestIncome": 263000,
    "interestExpense": 44300000,
    "depreciationAndAmortization": 54691000,
    "ebitda": 149336000,
    "ebitdaratio": 0.6182533275,
    "operatingIncome": 52708000,
    "operatingIncomeRatio": 0.2182119274,
    "totalOtherIncomeExpensesNet": -46303000,
    "incomeBeforeTax": 52994000,
    "incomeBeforeTaxRatio": 0.2193959718,
    "incomeTaxExpense": 286000,
    "netIncome": 52619000,
    "netIncomeRatio": 0.217843466,
    "eps": 0.34,
    "epsdiluted": 0.34,
    "weightedAverageShsOut": 156453000,
    "weightedAverageShsOutDil": 156967000,
    "link": "https://www.sec.gov/Archives/edgar/data/740260/000119312510101917/0001193125-10-101917-index.htm",
    "finalLink": "https://www.sec.gov/Archives/edgar/data/740260/000119312510101917/d10q.htm"
  },
  {
    "date": "2009-12-31",
    "symbol": "VTR",
    "reportedCurrency": "USD",
    "cik": "0000740260",
    "fillingDate": "2010-02-19",
    "acceptedDate": "2010-02-19 16:32:37",
    "calendarYear": "2009",
    "period": "Q4",
    "revenue": 238836000,
    "costOfRevenue": 78443000,
    "grossProfit": 160393000,
    "grossProfitRatio": 0.6715612387,
    "researchAndDevelopmentExpenses": 0,
    "generalAndAdministrativeExpenses": 38830000,
    "sellingAndMarketingExpenses": -30610000,
    "sellingGeneralAndAdministrativeExpenses": 8220000,
    "otherExpenses": 108791000,
    "operatingExpenses": 66314000,
    "costAndExpenses": 144757000,
    "interestIncome": 842000,
    "interestExpense": 44561000,
    "depreciationAndAmortization": 59301000,
    "ebitda": 157876000,
    "ebitdaratio": 0.6610226264,
    "operatingIncome": 197611000,
    "operatingIncomeRatio": 0.827392018,
    "totalOtherIncomeExpensesNet": 29813000,
    "incomeBeforeTax": 54014000,
    "incomeBeforeTaxRatio": 0.226155186,
    "incomeTaxExpense": -367000,
    "netIncome": 54081000,
    "netIncomeRatio": 0.2264357132,
    "eps": 0.35,
    "epsdiluted": 0.34,
    "weightedAverageShsOut": 156453000,
    "weightedAverageShsOutDil": 156967000,
    "link": "https://www.sec.gov/Archives/edgar/data/740260/000119312510035246/0001193125-10-035246-index.htm",
    "finalLink": "https://www.sec.gov/Archives/edgar/data/740260/000119312510035246/d10k.htm"
  },
  {
    "date": "2009-09-30",
    "symbol": "VTR",
    "reportedCurrency": "USD",
    "cik": "0000740260",
    "fillingDate": "2009-11-04",
    "acceptedDate": "2009-11-04 16:35:50",
    "calendarYear": "2009",
    "period": "Q3",
    "revenue": 235830000,
    "costOfRevenue": 76338000,
    "grossProfit": 159492000,
    "grossProfitRatio": 0.6763007251,
    "researchAndDevelopmentExpenses": 0,
    "generalAndAdministrativeExpenses": 9657000,
    "sellingAndMarketingExpenses": 0,
    "sellingGeneralAndAdministrativeExpenses": 9657000,
    "otherExpenses": 66681000,
    "operatingExpenses": 60038000,
    "costAndExpenses": 136376000,
    "interestIncome": 0,
    "interestExpense": 43660000,
    "depreciationAndAmortization": 52268000,
    "ebitda": 142716000,
    "ebitdaratio": 0.6051647373,
    "operatingIncome": 55794000,
    "operatingIncomeRatio": 0.2365856761,
    "totalOtherIncomeExpensesNet": -49217000,
    "incomeBeforeTax": 49900000,
    "incomeBeforeTaxRatio": 0.2115930967,
    "incomeTaxExpense": -410000,
    "netIncome": 49805000,
    "netIncomeRatio": 0.2111902642,
    "eps": 0.32,
    "epsdiluted": 0.32,
    "weightedAverageShsOut": 156250000,
    "weightedAverageShsOutDil": 156516000,
    "link": "https://www.sec.gov/Archives/edgar/data/740260/000119312509223835/0001193125-09-223835-index.htm",
    "finalLink": "https://www.sec.gov/Archives/edgar/data/740260/000119312509223835/d10q.htm"
  },
  {
    "date": "2009-06-30",
    "symbol": "VTR",
    "reportedCurrency": "USD",
    "cik": "0000740260",
    "fillingDate": "2009-08-05",
    "acceptedDate": "2009-08-05 16:32:25",
    "calendarYear": "2009",
    "period": "Q2",
    "revenue": 231988000,
    "costOfRevenue": 72564000,
    "grossProfit": 159424000,
    "grossProfitRatio": 0.687207959,
    "researchAndDevelopmentExpenses": 0,
    "generalAndAdministrativeExpenses": 10355000,
    "sellingAndMarketingExpenses": 0,
    "sellingGeneralAndAdministrativeExpenses": 10355000,
    "otherExpenses": 62209000,
    "operatingExpenses": 65182000,
    "costAndExpenses": 137746000,
    "interestIncome": 108000,
    "interestExpense": 44171000,
    "depreciationAndAmortization": 48847000,
    "ebitda": 95811000,
    "ebitdaratio": 0.4129998103,
    "operatingIncome": 50179000,
    "operatingIncomeRatio": 0.216299981,
    "totalOtherIncomeExpensesNet": -53476000,
    "incomeBeforeTax": 46569000,
    "incomeBeforeTaxRatio": 0.2007388313,
    "incomeTaxExpense": -395000,
    "netIncome": 88381000,
    "netIncomeRatio": 0.3809722917,
    "eps": 0.57,
    "epsdiluted": 0.57,
    "weightedAverageShsOut": 154441000,
    "weightedAverageShsOutDil": 154510000,
    "link": "https://www.sec.gov/Archives/edgar/data/740260/000119312509165464/0001193125-09-165464-index.htm",
    "finalLink": "https://www.sec.gov/Archives/edgar/data/740260/000119312509165464/d10q.htm"
  },
  {
    "date": "2009-03-31",
    "symbol": "VTR",
    "reportedCurrency": "USD",
    "cik": "0000740260",
    "fillingDate": "2009-05-06",
    "acceptedDate": "2009-05-05 19:46:54",
    "calendarYear": "2009",
    "period": "Q1",
    "revenue": 230851000,
    "costOfRevenue": 75468000,
    "grossProfit": 155383000,
    "grossProfitRatio": 0.6730878359,
    "researchAndDevelopmentExpenses": 0,
    "generalAndAdministrativeExpenses": 10598000,
    "sellingAndMarketingExpenses": 0,
    "sellingGeneralAndAdministrativeExpenses": 10598000,
    "otherExpenses": 64870000,
    "operatingExpenses": 60582000,
    "costAndExpenses": 136050000,
    "interestIncome": 286000,
    "interestExpense": 46613000,
    "depreciationAndAmortization": 50516000,
    "ebitda": 141703000,
    "ebitdaratio": 0.6138288333,
    "operatingIncome": 48474000,
    "operatingIncomeRatio": 0.2099795972,
    "totalOtherIncomeExpensesNet": -47984000,
    "incomeBeforeTax": 46134000,
    "incomeBeforeTaxRatio": 0.1998431889,
    "incomeTaxExpense": -547000,
    "netIncome": 74228000,
    "netIncomeRatio": 0.3215407341,
    "eps": 0.52,
    "epsdiluted": 0.52,
    "weightedAverageShsOut": 143091000,
    "weightedAverageShsOutDil": 143145000,
    "link": "https://www.sec.gov/Archives/edgar/data/740260/000119312509100249/0001193125-09-100249-index.htm",
    "finalLink": "https://www.sec.gov/Archives/edgar/data/740260/000119312509100249/d10q.htm"
  },
  {
    "date": "2008-12-31",
    "symbol": "VTR",
    "reportedCurrency": "USD",
    "cik": "0000740260",
    "fillingDate": "2009-02-27",
    "acceptedDate": "2009-02-27 13:34:42",
    "calendarYear": "2008",
    "period": "Q4",
    "revenue": 227956000,
    "costOfRevenue": 76447000,
    "grossProfit": 151509000,
    "grossProfitRatio": 0.664641422,
    "researchAndDevelopmentExpenses": 0,
    "generalAndAdministrativeExpenses": 28168000,
    "sellingAndMarketingExpenses": -17010000,
    "sellingGeneralAndAdministrativeExpenses": 11158000,
    "otherExpenses": 161700000,
    "operatingExpenses": 60210000,
    "costAndExpenses": 136657000,
    "interestIncome": 0,
    "interestExpense": 47342000,
    "depreciationAndAmortization": 61607000,
    "ebitda": 151585000,
    "ebitdaratio": 0.6649748197,
    "operatingIncome": 142709000,
    "operatingIncomeRatio": 0.6260374809,
    "totalOtherIncomeExpensesNet": -48663000,
    "incomeBeforeTax": 42636000,
    "incomeBeforeTaxRatio": 0.1870360947,
    "incomeTaxExpense": -1720000,
    "netIncome": 58475000,
    "netIncomeRatio": 0.2565188019,
    "eps": 0.41,
    "epsdiluted": 0.41,
    "weightedAverageShsOut": 143091000,
    "weightedAverageShsOutDil": 143145000,
    "link": "https://www.sec.gov/Archives/edgar/data/740260/000119312509040636/0001193125-09-040636-index.htm",
    "finalLink": "https://www.sec.gov/Archives/edgar/data/740260/000119312509040636/d10k.htm"
  },
  {
    "date": "2008-09-30",
    "symbol": "VTR",
    "reportedCurrency": "USD",
    "cik": "0000740260",
    "fillingDate": "2008-11-05",
    "acceptedDate": "2008-11-05 17:13:22",
    "calendarYear": "2008",
    "period": "Q3",
    "revenue": 238554000,
    "costOfRevenue": 81698000,
    "grossProfit": 156856000,
    "grossProfitRatio": 0.6575282745,
    "researchAndDevelopmentExpenses": 0,
    "generalAndAdministrativeExpenses": 11626000,
    "sellingAndMarketingExpenses": 0,
    "sellingGeneralAndAdministrativeExpenses": 11626000,
    "otherExpenses": 70072000,
    "operatingExpenses": 62939000,
    "costAndExpenses": 144637000,
    "interestIncome": 0,
    "interestExpense": 51344000,
    "depreciationAndAmortization": 44645000,
    "ebitda": 144886000,
    "ebitdaratio": 0.6073509562,
    "operatingIncome": 64073000,
    "operatingIncomeRatio": 0.2685890826,
    "totalOtherIncomeExpensesNet": -28964000,
    "incomeBeforeTax": 64698000,
    "incomeBeforeTaxRatio": 0.2712090344,
    "incomeTaxExpense": -415000,
    "netIncome": 63766000,
    "netIncomeRatio": 0.2673021622,
    "eps": 0.46,
    "epsdiluted": 0.46,
    "weightedAverageShsOut": 140759000,
    "weightedAverageShsOutDil": 141141000,
    "link": "https://www.sec.gov/Archives/edgar/data/740260/000119312508226064/0001193125-08-226064-index.htm",
    "finalLink": "https://www.sec.gov/Archives/edgar/data/740260/000119312508226064/d10q.htm"
  },
  {
    "date": "2008-06-30",
    "symbol": "VTR",
    "reportedCurrency": "USD",
    "cik": "0000740260",
    "fillingDate": "2008-08-06",
    "acceptedDate": "2008-08-06 15:27:43",
    "calendarYear": "2008",
    "period": "Q2",
    "revenue": 233513000,
    "costOfRevenue": 71842000,
    "grossProfit": 161671000,
    "grossProfitRatio": 0.6923426105,
    "researchAndDevelopmentExpenses": 0,
    "generalAndAdministrativeExpenses": 9610000,
    "sellingAndMarketingExpenses": 0,
    "sellingGeneralAndAdministrativeExpenses": 9610000,
    "otherExpenses": 62232000,
    "operatingExpenses": 68987000,
    "costAndExpenses": 140829000,
    "interestIncome": 798000,
    "interestExpense": 52444000,
    "depreciationAndAmortization": 61086000,
    "ebitda": 148914000,
    "ebitdaratio": 0.637711819,
    "operatingIncome": 40240000,
    "operatingIncomeRatio": 0.172324453,
    "totalOtherIncomeExpensesNet": -52623000,
    "incomeBeforeTax": 40240000,
    "incomeBeforeTaxRatio": 0.172324453,
    "incomeTaxExpense": -3712000,
    "netIncome": 70153000,
    "netIncomeRatio": 0.3004243875,
    "eps": 0.51,
    "epsdiluted": 0.51,
    "weightedAverageShsOut": 138133000,
    "weightedAverageShsOutDil": 138737000,
    "link": "https://www.sec.gov/Archives/edgar/data/740260/000119312508168138/0001193125-08-168138-index.htm",
    "finalLink": "https://www.sec.gov/Archives/edgar/data/740260/000119312508168138/d10q.htm"
  },
  {
    "date": "2008-03-31",
    "symbol": "VTR",
    "reportedCurrency": "USD",
    "cik": "0000740260",
    "fillingDate": "2008-05-07",
    "acceptedDate": "2008-05-07 11:13:32",
    "calendarYear": "2008",
    "period": "Q1",
    "revenue": 231764000,
    "costOfRevenue": 76957000,
    "grossProfit": 154807000,
    "grossProfitRatio": 0.6679510191,
    "researchAndDevelopmentExpenses": 0,
    "generalAndAdministrativeExpenses": 8257000,
    "sellingAndMarketingExpenses": 0,
    "sellingGeneralAndAdministrativeExpenses": 8257000,
    "otherExpenses": 68700000,
    "operatingExpenses": 156795000,
    "costAndExpenses": 156795000,
    "interestIncome": 818000,
    "interestExpense": 52351000,
    "depreciationAndAmortization": 68725000,
    "ebitda": 145828000,
    "ebitdaratio": 0.629209023,
    "operatingIncome": 31098000,
    "operatingIncomeRatio": 0.1341795965,
    "totalOtherIncomeExpensesNet": -52997000,
    "incomeBeforeTax": 21538000,
    "incomeBeforeTaxRatio": 0.0929307399,
    "incomeTaxExpense": -10038000,
    "netIncome": 31154000,
    "netIncomeRatio": 0.1344212216,
    "eps": 0.24,
    "epsdiluted": 0.23,
    "weightedAverageShsOut": 136381000,
    "weightedAverageShsOutDil": 136673000,
    "link": "https://www.sec.gov/Archives/edgar/data/740260/000119312508105302/0001193125-08-105302-index.htm",
    "finalLink": "https://www.sec.gov/Archives/edgar/data/740260/000119312508105302/d10q.htm"
  },
  {
    "date": "2007-12-31",
    "symbol": "VTR",
    "reportedCurrency": "USD",
    "cik": "0000740260",
    "fillingDate": "2008-02-29",
    "acceptedDate": "2008-02-28 20:43:06",
    "calendarYear": "2007",
    "period": "Q4",
    "revenue": 232553000,
    "costOfRevenue": 0,
    "grossProfit": 232553000,
    "grossProfitRatio": 1,
    "researchAndDevelopmentExpenses": 0,
    "generalAndAdministrativeExpenses": 11506000,
    "sellingAndMarketingExpenses": 0,
    "sellingGeneralAndAdministrativeExpenses": 11506000,
    "otherExpenses": 161700000,
    "operatingExpenses": -38802000,
    "costAndExpenses": 159323000,
    "interestIncome": 0,
    "interestExpense": 0,
    "depreciationAndAmortization": 75000000,
    "ebitda": 145251000,
    "ebitdaratio": 0.6245931035,
    "operatingIncome": 146695000,
    "operatingIncomeRatio": 0.6308024407,
    "totalOtherIncomeExpensesNet": -56187000,
    "incomeBeforeTax": 17043000,
    "incomeBeforeTaxRatio": 0.0732865196,
    "incomeTaxExpense": -12968000,
    "netIncome": 29401000,
    "netIncomeRatio": 0.126427094,
    "eps": 0.22,
    "epsdiluted": 0.22,
    "weightedAverageShsOut": 136381000,
    "weightedAverageShsOutDil": 136673000,
    "link": "https://www.sec.gov/Archives/edgar/data/740260/000119312508042265/0001193125-08-042265-index.htm",
    "finalLink": "https://www.sec.gov/Archives/edgar/data/740260/000119312508042265/d10k.htm"
  },
  {
    "date": "2007-09-30",
    "symbol": "VTR",
    "reportedCurrency": "USD",
    "cik": "0000740260",
    "fillingDate": "2007-11-09",
    "acceptedDate": "2007-11-09 15:01:26",
    "calendarYear": "2007",
    "period": "Q3",
    "revenue": 226294000,
    "costOfRevenue": 71382000,
    "grossProfit": 154912000,
    "grossProfitRatio": 0.6845607926,
    "researchAndDevelopmentExpenses": 0,
    "generalAndAdministrativeExpenses": 9315000,
    "sellingAndMarketingExpenses": 0,
    "sellingGeneralAndAdministrativeExpenses": 9315000,
    "otherExpenses": 62067000,
    "operatingExpenses": 151529000,
    "costAndExpenses": 151529000,
    "interestIncome": 0,
    "interestExpense": 52961000,
    "depreciationAndAmortization": 70716000,
    "ebitda": 141232000,
    "ebitdaratio": 0.6241084607,
    "operatingIncome": 28014000,
    "operatingIncomeRatio": 0.1237947095,
    "totalOtherIncomeExpensesNet": -54612000,
    "incomeBeforeTax": 19226000,
    "incomeBeforeTaxRatio": 0.0849602729,
    "incomeTaxExpense": -9463000,
    "netIncome": 28014000,
    "netIncomeRatio": 0.1237947095,
    "eps": 0.21,
    "epsdiluted": 0.21,
    "weightedAverageShsOut": 133205000,
    "weightedAverageShsOutDil": 133503000,
    "link": "https://www.sec.gov/Archives/edgar/data/740260/000119312507242222/0001193125-07-242222-index.htm",
    "finalLink": "https://www.sec.gov/Archives/edgar/data/740260/000119312507242222/d10q.htm"
  },
  {
    "date": "2007-06-30",
    "symbol": "VTR",
    "reportedCurrency": "USD",
    "cik": "0000740260",
    "fillingDate": "2007-08-09",
    "acceptedDate": "2007-08-09 16:29:20",
    "calendarYear": "2007",
    "period": "Q2",
    "revenue": 193722000,
    "costOfRevenue": 50407000,
    "grossProfit": 143315000,
    "grossProfitRatio": 0.7397972352,
    "researchAndDevelopmentExpenses": 0,
    "generalAndAdministrativeExpenses": 8023000,
    "sellingAndMarketingExpenses": 0,
    "sellingGeneralAndAdministrativeExpenses": 8023000,
    "otherExpenses": 42384000,
    "operatingExpenses": 97849000,
    "costAndExpenses": 97849000,
    "interestIncome": 0,
    "interestExpense": 54414000,
    "depreciationAndAmortization": 58352000,
    "ebitda": 152759000,
    "ebitdaratio": 0.7885475062,
    "operatingIncome": 45136000,
    "operatingIncomeRatio": 0.2329936713,
    "totalOtherIncomeExpensesNet": -54414000,
    "incomeBeforeTax": 39933000,
    "incomeBeforeTaxRatio": 0.2061355964,
    "incomeTaxExpense": -5611000,
    "netIncome": 174598000,
    "netIncomeRatio": 0.9012812174,
    "eps": 1.49,
    "epsdiluted": 1.48,
    "weightedAverageShsOut": 117419000,
    "weightedAverageShsOutDil": 117825000,
    "link": "https://www.sec.gov/Archives/edgar/data/740260/000119312507177536/0001193125-07-177536-index.htm",
    "finalLink": "https://www.sec.gov/Archives/edgar/data/740260/000119312507177536/d10q.htm"
  },
  {
    "date": "2007-03-31",
    "symbol": "VTR",
    "reportedCurrency": "USD",
    "cik": "0000740260",
    "fillingDate": "2007-05-10",
    "acceptedDate": "2007-05-09 18:29:51",
    "calendarYear": "2007",
    "period": "Q1",
    "revenue": 121848000,
    "costOfRevenue": 0,
    "grossProfit": 121848000,
    "grossProfitRatio": 1,
    "researchAndDevelopmentExpenses": 0,
    "generalAndAdministrativeExpenses": 7583000,
    "sellingAndMarketingExpenses": 0,
    "sellingGeneralAndAdministrativeExpenses": 7583000,
    "otherExpenses": 0,
    "operatingExpenses": 36173000,
    "costAndExpenses": 36173000,
    "interestIncome": 0,
    "interestExpense": 0,
    "depreciationAndAmortization": 33433000,
    "ebitda": 119108000,
    "ebitdaratio": 0.977512967,
    "operatingIncome": 85675000,
    "operatingIncomeRatio": 0.7031301293,
    "totalOtherIncomeExpensesNet": -38809000,
    "incomeBeforeTax": 45106000,
    "incomeBeforeTaxRatio": 0.3701825225,
    "incomeTaxExpense": 0,
    "netIncome": 45106000,
    "netIncomeRatio": 0.3701825225,
    "eps": 0.43,
    "epsdiluted": 0.42,
    "weightedAverageShsOut": 106044000,
    "weightedAverageShsOutDil": 106775000,
    "link": "https://www.sec.gov/Archives/edgar/data/740260/000119312507108499/0001193125-07-108499-index.htm",
    "finalLink": "https://www.sec.gov/Archives/edgar/data/740260/000119312507108499/d10q.htm"
  },
  {
    "date": "2006-12-31",
    "symbol": "VTR",
    "reportedCurrency": "USD",
    "cik": "0000740260",
    "fillingDate": "2007-02-22",
    "acceptedDate": "2007-02-21 19:18:53",
    "calendarYear": "2006",
    "period": "Q4",
    "revenue": 110662000,
    "costOfRevenue": 0,
    "grossProfit": 110662000,
    "grossProfitRatio": 1,
    "researchAndDevelopmentExpenses": 0,
    "generalAndAdministrativeExpenses": 6679000,
    "sellingAndMarketingExpenses": 0,
    "sellingGeneralAndAdministrativeExpenses": 6679000,
    "otherExpenses": 0,
    "operatingExpenses": 38499000,
    "costAndExpenses": 38499000,
    "interestIncome": 0,
    "interestExpense": 0,
    "depreciationAndAmortization": 32421000,
    "ebitda": 104584000,
    "ebitdaratio": 0.9450759972,
    "operatingIncome": 125422000,
    "operatingIncomeRatio": 1.1333791184,
    "totalOtherIncomeExpensesNet": 58420000,
    "incomeBeforeTax": 130583000,
    "incomeBeforeTaxRatio": 1.1800166272,
    "incomeTaxExpense": 90633000,
    "netIncome": 40797000,
    "netIncomeRatio": 0.3686631364,
    "eps": 0.38,
    "epsdiluted": 0.38,
    "weightedAverageShsOut": 106044000,
    "weightedAverageShsOutDil": 106775000,
    "link": "https://www.sec.gov/Archives/edgar/data/740260/000119312507036220/0001193125-07-036220-index.htm",
    "finalLink": "https://www.sec.gov/Archives/edgar/data/740260/000119312507036220/d10k.htm"
  },
  {
    "date": "2006-09-30",
    "symbol": "VTR",
    "reportedCurrency": "USD",
    "cik": "0000740260",
    "fillingDate": "2006-10-27",
    "acceptedDate": "2006-10-27 15:43:25",
    "calendarYear": "2006",
    "period": "Q3",
    "revenue": 109667000,
    "costOfRevenue": 7361000,
    "grossProfit": 102306000,
    "grossProfitRatio": 0.9328786235,
    "researchAndDevelopmentExpenses": 0,
    "generalAndAdministrativeExpenses": 6539000,
    "sellingAndMarketingExpenses": 0,
    "sellingGeneralAndAdministrativeExpenses": 6539000,
    "otherExpenses": 0,
    "operatingExpenses": 44278000,
    "costAndExpenses": 44278000,
    "interestIncome": 0,
    "interestExpense": 0,
    "depreciationAndAmortization": 30849000,
    "ebitda": 125418000,
    "ebitdaratio": 1.1436257033,
    "operatingIncome": 95767000,
    "operatingIncomeRatio": 0.8732526649,
    "totalOtherIncomeExpensesNet": -34019000,
    "incomeBeforeTax": 32241000,
    "incomeBeforeTaxRatio": 0.2939899879,
    "incomeTaxExpense": 33148000,
    "netIncome": 32241000,
    "netIncomeRatio": 0.2939899879,
    "eps": 0.31,
    "epsdiluted": 0.31,
    "weightedAverageShsOut": 104021000,
    "weightedAverageShsOutDil": 104568000,
    "link": "https://www.sec.gov/Archives/edgar/data/740260/000119312506216981/0001193125-06-216981-index.htm",
    "finalLink": "https://www.sec.gov/Archives/edgar/data/740260/000119312506216981/d10q.htm"
  },
  {
    "date": "2006-06-30",
    "symbol": "VTR",
    "reportedCurrency": "USD",
    "cik": "0000740260",
    "fillingDate": "2006-07-28",
    "acceptedDate": "2006-07-28 15:49:28",
    "calendarYear": "2006",
    "period": "Q2",
    "revenue": 100306000,
    "costOfRevenue": 0,
    "grossProfit": 100306000,
    "grossProfitRatio": 1,
    "researchAndDevelopmentExpenses": 0,
    "generalAndAdministrativeExpenses": 6287000,
    "sellingAndMarketingExpenses": 0,
    "sellingGeneralAndAdministrativeExpenses": 6287000,
    "otherExpenses": 0,
    "operatingExpenses": 36052000,
    "costAndExpenses": 36052000,
    "interestIncome": 0,
    "interestExpense": 0,
    "depreciationAndAmortization": 28516000,
    "ebitda": 94638000,
    "ebitdaratio": 0.9434929117,
    "operatingIncome": 66122000,
    "operatingIncomeRatio": 0.6592028393,
    "totalOtherIncomeExpensesNet": -32417000,
    "incomeBeforeTax": 29258000,
    "incomeBeforeTaxRatio": 0.2916874364,
    "incomeTaxExpense": 35591000,
    "netIncome": 29258000,
    "netIncomeRatio": 0.2916874364,
    "eps": 0.28,
    "epsdiluted": 0.28,
    "weightedAverageShsOut": 103884000,
    "weightedAverageShsOutDil": 104374000,
    "link": "https://www.sec.gov/Archives/edgar/data/740260/000119312506155995/0001193125-06-155995-index.htm",
    "finalLink": "https://www.sec.gov/Archives/edgar/data/740260/000119312506155995/d10q.htm"
  },
  {
    "date": "2006-03-31",
    "symbol": "VTR",
    "reportedCurrency": "USD",
    "cik": "0000740260",
    "fillingDate": "2006-05-02",
    "acceptedDate": "2006-05-02 12:55:33",
    "calendarYear": "2006",
    "period": "Q1",
    "revenue": 97814000,
    "costOfRevenue": 0,
    "grossProfit": 97814000,
    "grossProfitRatio": 1,
    "researchAndDevelopmentExpenses": 0,
    "generalAndAdministrativeExpenses": 6631000,
    "sellingAndMarketingExpenses": 0,
    "sellingGeneralAndAdministrativeExpenses": 6631000,
    "otherExpenses": 0,
    "operatingExpenses": 101637000,
    "costAndExpenses": 101637000,
    "interestIncome": 0,
    "interestExpense": 0,
    "depreciationAndAmortization": 27867000,
    "ebitda": 24647000,
    "ebitdaratio": 0.2519782444,
    "operatingIncome": -3220000,
    "operatingIncomeRatio": -0.032919623,
    "totalOtherIncomeExpensesNet": 32354000,
    "incomeBeforeTax": 29134000,
    "incomeBeforeTaxRatio": 0.2978510234,
    "incomeTaxExpense": 0,
    "netIncome": 29134000,
    "netIncomeRatio": 0.2978510234,
    "eps": 0.28,
    "epsdiluted": 0.28,
    "weightedAverageShsOut": 103751000,
    "weightedAverageShsOutDil": 104300000,
    "link": "https://www.sec.gov/Archives/edgar/data/740260/000119312506096341/0001193125-06-096341-index.htm",
    "finalLink": "https://www.sec.gov/Archives/edgar/data/740260/000119312506096341/d10q.htm"
  },
  {
    "date": "2005-12-31",
    "symbol": "VTR",
    "reportedCurrency": "USD",
    "cik": "0000740260",
    "fillingDate": "2006-02-28",
    "acceptedDate": "2006-02-28 17:14:47",
    "calendarYear": "2005",
    "period": "Q4",
    "revenue": 89427000,
    "costOfRevenue": 0,
    "grossProfit": 89427000,
    "grossProfitRatio": 1,
    "researchAndDevelopmentExpenses": 0,
    "generalAndAdministrativeExpenses": 6422000,
    "sellingAndMarketingExpenses": 0,
    "sellingGeneralAndAdministrativeExpenses": 6422000,
    "otherExpenses": 0,
    "operatingExpenses": 21369000,
    "costAndExpenses": 21369000,
    "interestIncome": 0,
    "interestExpense": 0,
    "depreciationAndAmortization": 31174000,
    "ebitda": 99232000,
    "ebitdaratio": 1.1096425017,
    "operatingIncome": 100220000,
    "operatingIncomeRatio": 1.1206906192,
    "totalOtherIncomeExpensesNet": 52842000,
    "incomeBeforeTax": 120900000,
    "incomeBeforeTaxRatio": 1.3519406891,
    "incomeTaxExpense": 83362000,
    "netIncome": 47221000,
    "netIncomeRatio": 0.5280396301,
    "eps": 0.46,
    "epsdiluted": 0.45,
    "weightedAverageShsOut": 103751000,
    "weightedAverageShsOutDil": 104300000,
    "link": "https://www.sec.gov/Archives/edgar/data/740260/000119312506041443/0001193125-06-041443-index.htm",
    "finalLink": "https://www.sec.gov/Archives/edgar/data/740260/000119312506041443/d10k.htm"
  },
  {
    "date": "2005-09-30",
    "symbol": "VTR",
    "reportedCurrency": "USD",
    "cik": "0000740260",
    "fillingDate": "2005-10-28",
    "acceptedDate": "2005-10-28 15:57:52",
    "calendarYear": "2005",
    "period": "Q3",
    "revenue": 96135000,
    "costOfRevenue": 0,
    "grossProfit": 96135000,
    "grossProfitRatio": 1,
    "researchAndDevelopmentExpenses": 0,
    "generalAndAdministrativeExpenses": 6109000,
    "sellingAndMarketingExpenses": 0,
    "sellingGeneralAndAdministrativeExpenses": 6109000,
    "otherExpenses": 0,
    "operatingExpenses": 34997000,
    "costAndExpenses": 34997000,
    "interestIncome": 0,
    "interestExpense": 0,
    "depreciationAndAmortization": 26597000,
    "ebitda": 88878000,
    "ebitdaratio": 0.9245124044,
    "operatingIncome": 62281000,
    "operatingIncomeRatio": 0.6478493785,
    "totalOtherIncomeExpensesNet": -33560000,
    "incomeBeforeTax": 28721000,
    "incomeBeforeTaxRatio": 0.2987569564,
    "incomeTaxExpense": 0,
    "netIncome": 28721000,
    "netIncomeRatio": 0.2987569564,
    "eps": 0.28,
    "epsdiluted": 0.28,
    "weightedAverageShsOut": 103081000,
    "weightedAverageShsOutDil": 103880000,
    "link": "https://www.sec.gov/Archives/edgar/data/740260/000119312505211075/0001193125-05-211075-index.htm",
    "finalLink": "https://www.sec.gov/Archives/edgar/data/740260/000119312505211075/d10q.htm"
  },
  {
    "date": "2005-06-30",
    "symbol": "VTR",
    "reportedCurrency": "USD",
    "cik": "0000740260",
    "fillingDate": "2005-07-28",
    "acceptedDate": "2005-07-28 15:26:53",
    "calendarYear": "2005",
    "period": "Q2",
    "revenue": 75154000,
    "costOfRevenue": 0,
    "grossProfit": 75154000,
    "grossProfitRatio": 1,
    "researchAndDevelopmentExpenses": 0,
    "generalAndAdministrativeExpenses": 5553000,
    "sellingAndMarketingExpenses": 0,
    "sellingGeneralAndAdministrativeExpenses": 5553000,
    "otherExpenses": 0,
    "operatingExpenses": 24985000,
    "costAndExpenses": 24985000,
    "interestIncome": 0,
    "interestExpense": 0,
    "depreciationAndAmortization": 17601000,
    "ebitda": 68454000,
    "ebitdaratio": 0.9108497219,
    "operatingIncome": 50853000,
    "operatingIncomeRatio": 0.6766506107,
    "totalOtherIncomeExpensesNet": -23610000,
    "incomeBeforeTax": 27243000,
    "incomeBeforeTaxRatio": 0.3624956755,
    "incomeTaxExpense": 175000,
    "netIncome": 27068000,
    "netIncomeRatio": 0.3601671235,
    "eps": 0.31,
    "epsdiluted": 0.3,
    "weightedAverageShsOut": 88574000,
    "weightedAverageShsOutDil": 89350000,
    "link": "https://www.sec.gov/Archives/edgar/data/740260/000119312505151262/0001193125-05-151262-index.htm",
    "finalLink": "https://www.sec.gov/Archives/edgar/data/740260/000119312505151262/d10q.htm"
  },
  {
    "date": "2005-03-31",
    "symbol": "VTR",
    "reportedCurrency": "USD",
    "cik": "0000740260",
    "fillingDate": "2005-04-29",
    "acceptedDate": "2005-04-29 13:13:00",
    "calendarYear": "2005",
    "period": "Q1",
    "revenue": 64003000,
    "costOfRevenue": 0,
    "grossProfit": 64003000,
    "grossProfitRatio": 1,
    "researchAndDevelopmentExpenses": 0,
    "generalAndAdministrativeExpenses": 5020000,
    "sellingAndMarketingExpenses": 0,
    "sellingGeneralAndAdministrativeExpenses": 5020000,
    "otherExpenses": 0,
    "operatingExpenses": 19258000,
    "costAndExpenses": 19258000,
    "interestIncome": 0,
    "interestExpense": 0,
    "depreciationAndAmortization": 12630000,
    "ebitda": 23856000,
    "ebitdaratio": 0.3727325282,
    "operatingIncome": 45381000,
    "operatingIncomeRatio": 0.7090448885,
    "totalOtherIncomeExpensesNet": 0,
    "incomeBeforeTax": 27573000,
    "incomeBeforeTaxRatio": 0.4308079309,
    "incomeTaxExpense": 0,
    "netIncome": 27573000,
    "netIncomeRatio": 0.4308079309,
    "eps": 0.33,
    "epsdiluted": 0.32,
    "weightedAverageShsOut": 84657000,
    "weightedAverageShsOutDil": 85400000,
    "link": "https://www.sec.gov/Archives/edgar/data/740260/000119312505090034/0001193125-05-090034-index.htm",
    "finalLink": "https://www.sec.gov/Archives/edgar/data/740260/000119312505090034/d10q.htm"
  },
  {
    "date": "2004-12-31",
    "symbol": "VTR",
    "reportedCurrency": "USD",
    "cik": "0000740260",
    "fillingDate": "2005-03-01",
    "acceptedDate": "2005-03-01 17:19:24",
    "calendarYear": "2004",
    "period": "Q4",
    "revenue": 57259000,
    "costOfRevenue": 0,
    "grossProfit": 57259000,
    "grossProfitRatio": 1,
    "researchAndDevelopmentExpenses": 0,
    "generalAndAdministrativeExpenses": 5970000,
    "sellingAndMarketingExpenses": 0,
    "sellingGeneralAndAdministrativeExpenses": 5970000,
    "otherExpenses": 0,
    "operatingExpenses": -31560000,
    "costAndExpenses": -31560000,
    "interestIncome": 0,
    "interestExpense": 0,
    "depreciationAndAmortization": 19106000,
    "ebitda": 107925000,
    "ebitdaratio": 1.8848565291,
    "operatingIncome": 87096000,
    "operatingIncomeRatio": 1.5210883879,
    "totalOtherIncomeExpensesNet": 73934000,
    "incomeBeforeTax": 162753000,
    "incomeBeforeTaxRatio": 2.8424003213,
    "incomeTaxExpense": 74226000,
    "netIncome": 46674000,
    "netIncomeRatio": 0.8151382315,
    "eps": 0.55,
    "epsdiluted": 0.55,
    "weightedAverageShsOut": 84657000,
    "weightedAverageShsOutDil": 85400000,
    "link": "https://www.sec.gov/Archives/edgar/data/740260/000119312505039956/0001193125-05-039956-index.htm",
    "finalLink": "https://www.sec.gov/Archives/edgar/data/740260/000119312505039956/d10k.htm"
  },
  {
    "date": "2004-09-30",
    "symbol": "VTR",
    "reportedCurrency": "USD",
    "cik": "0000740260",
    "fillingDate": "2004-10-28",
    "acceptedDate": "2004-10-28 17:13:52",
    "calendarYear": "2004",
    "period": "Q3",
    "revenue": 61608000,
    "costOfRevenue": 0,
    "grossProfit": 61608000,
    "grossProfitRatio": 1,
    "researchAndDevelopmentExpenses": 0,
    "generalAndAdministrativeExpenses": 3563000,
    "sellingAndMarketingExpenses": 0,
    "sellingGeneralAndAdministrativeExpenses": 3563000,
    "otherExpenses": 0,
    "operatingExpenses": 34941000,
    "costAndExpenses": 34941000,
    "interestIncome": 0,
    "interestExpense": 0,
    "depreciationAndAmortization": 13495000,
    "ebitda": 41613000,
    "ebitdaratio": 0.6754479938,
    "operatingIncome": 25297000,
    "operatingIncomeRatio": 0.4106122581,
    "totalOtherIncomeExpensesNet": -18021000,
    "incomeBeforeTax": 25297000,
    "incomeBeforeTaxRatio": 0.4106122581,
    "incomeTaxExpense": 1451000,
    "netIncome": 25297000,
    "netIncomeRatio": 0.4106122581,
    "eps": 0.3,
    "epsdiluted": 0.3,
    "weightedAverageShsOut": 84073000,
    "weightedAverageShsOutDil": 84889000,
    "link": "https://www.sec.gov/Archives/edgar/data/740260/000119312504180730/0001193125-04-180730-index.htm",
    "finalLink": "https://www.sec.gov/Archives/edgar/data/740260/000119312504180730/d10q.htm"
  },
  {
    "date": "2004-06-30",
    "symbol": "VTR",
    "reportedCurrency": "USD",
    "cik": "0000740260",
    "fillingDate": "2004-07-28",
    "acceptedDate": "2004-07-28 17:21:05",
    "calendarYear": "2004",
    "period": "Q2",
    "revenue": 59767000,
    "costOfRevenue": 0,
    "grossProfit": 59767000,
    "grossProfitRatio": 1,
    "researchAndDevelopmentExpenses": 0,
    "generalAndAdministrativeExpenses": 3653000,
    "sellingAndMarketingExpenses": 0,
    "sellingGeneralAndAdministrativeExpenses": 3653000,
    "otherExpenses": 0,
    "operatingExpenses": 34113000,
    "costAndExpenses": 34113000,
    "interestIncome": 0,
    "interestExpense": 0,
    "depreciationAndAmortization": 11508000,
    "ebitda": 38069000,
    "ebitdaratio": 0.6369568491,
    "operatingIncome": 25654000,
    "operatingIncomeRatio": 0.4292335235,
    "totalOtherIncomeExpensesNet": -16701000,
    "incomeBeforeTax": 25654000,
    "incomeBeforeTaxRatio": 0.4292335235,
    "incomeTaxExpense": 907000,
    "netIncome": 25654000,
    "netIncomeRatio": 0.4292335235,
    "eps": 0.31,
    "epsdiluted": 0.3,
    "weightedAverageShsOut": 83820000,
    "weightedAverageShsOutDil": 84565000,
    "link": "https://www.sec.gov/Archives/edgar/data/740260/000119312504126389/0001193125-04-126389-index.htm",
    "finalLink": "https://www.sec.gov/Archives/edgar/data/740260/000119312504126389/d10q.htm"
  },
  {
    "date": "2004-03-31",
    "symbol": "VTR",
    "reportedCurrency": "USD",
    "cik": "0000740260",
    "fillingDate": "2004-04-29",
    "acceptedDate": "2004-04-29 17:27:54",
    "calendarYear": "2004",
    "period": "Q1",
    "revenue": 54277000,
    "costOfRevenue": 0,
    "grossProfit": 54277000,
    "grossProfitRatio": 1,
    "researchAndDevelopmentExpenses": 0,
    "generalAndAdministrativeExpenses": 3731000,
    "sellingAndMarketingExpenses": 0,
    "sellingGeneralAndAdministrativeExpenses": 3731000,
    "otherExpenses": 0,
    "operatingExpenses": 15674000,
    "costAndExpenses": 15674000,
    "interestIncome": 0,
    "interestExpense": 0,
    "depreciationAndAmortization": 10231000,
    "ebitda": 49732000,
    "ebitdaratio": 0.9162628738,
    "operatingIncome": 39501000,
    "operatingIncomeRatio": 0.7277668257,
    "totalOtherIncomeExpensesNet": 0,
    "incomeBeforeTax": 23275000,
    "incomeBeforeTaxRatio": 0.4288188367,
    "incomeTaxExpense": 0,
    "netIncome": 23275000,
    "netIncomeRatio": 0.4288188367,
    "eps": 0.28,
    "epsdiluted": 0.28,
    "weightedAverageShsOut": 81703000,
    "weightedAverageShsOutDil": 82760000,
    "link": "https://www.sec.gov/Archives/edgar/data/740260/000119312504074244/0001193125-04-074244-index.htm",
    "finalLink": "https://www.sec.gov/Archives/edgar/data/740260/000119312504074244/d10q.htm"
  },
  {
    "date": "2003-12-31",
    "symbol": "VTR",
    "reportedCurrency": "USD",
    "cik": "0000740260",
    "fillingDate": "2004-02-27",
    "acceptedDate": "2004-02-27 16:14:24",
    "calendarYear": "2003",
    "period": "Q4",
    "revenue": 46817000,
    "costOfRevenue": 0,
    "grossProfit": 46817000,
    "grossProfitRatio": 1,
    "researchAndDevelopmentExpenses": 0,
    "generalAndAdministrativeExpenses": 3368000,
    "sellingAndMarketingExpenses": 0,
    "sellingGeneralAndAdministrativeExpenses": 3368000,
    "otherExpenses": 0,
    "operatingExpenses": 18524000,
    "costAndExpenses": 18524000,
    "interestIncome": 0,
    "interestExpense": 80197000,
    "depreciationAndAmortization": 9434000,
    "ebitda": 37727000,
    "ebitdaratio": 0.8058397591,
    "operatingIncome": 28293000,
    "operatingIncomeRatio": 0.6043317598,
    "totalOtherIncomeExpensesNet": -14654000,
    "incomeBeforeTax": 13639000,
    "incomeBeforeTaxRatio": 0.2913258005,
    "incomeTaxExpense": 0,
    "netIncome": 77124000,
    "netIncomeRatio": 1.6473503215,
    "eps": 0.94,
    "epsdiluted": 0.93,
    "weightedAverageShsOut": 81703000,
    "weightedAverageShsOutDil": 82760000,
    "link": "https://www.sec.gov/Archives/edgar/data/740260/000119312504031291/0001193125-04-031291-index.htm",
    "finalLink": "https://www.sec.gov/Archives/edgar/data/740260/000119312504031291/d10k.htm"
  },
  {
    "date": "2003-09-30",
    "symbol": "VTR",
    "reportedCurrency": "USD",
    "cik": "0000740260",
    "fillingDate": "2003-10-28",
    "acceptedDate": "2003-10-28 11:48:01",
    "calendarYear": "2003",
    "period": "Q3",
    "revenue": 59779000,
    "costOfRevenue": 0,
    "grossProfit": 59779000,
    "grossProfitRatio": 1,
    "researchAndDevelopmentExpenses": 0,
    "generalAndAdministrativeExpenses": 3136000,
    "sellingAndMarketingExpenses": 0,
    "sellingGeneralAndAdministrativeExpenses": 3136000,
    "otherExpenses": 0,
    "operatingExpenses": 14099000,
    "costAndExpenses": 14099000,
    "interestIncome": 0,
    "interestExpense": 0,
    "depreciationAndAmortization": 10507000,
    "ebitda": 56227000,
    "ebitdaratio": 0.9405811405,
    "operatingIncome": 45720000,
    "operatingIncomeRatio": 0.7648170762,
    "totalOtherIncomeExpensesNet": 8717000,
    "incomeBeforeTax": 30992000,
    "incomeBeforeTaxRatio": 0.5184429315,
    "incomeTaxExpense": -1220000,
    "netIncome": 32212000,
    "netIncomeRatio": 0.5388514361,
    "eps": 0.41,
    "epsdiluted": 0.4,
    "weightedAverageShsOut": 79389000,
    "weightedAverageShsOutDil": 80258000,
    "link": "https://www.sec.gov/Archives/edgar/data/740260/000119312503068210/0001193125-03-068210-index.htm",
    "finalLink": "https://www.sec.gov/Archives/edgar/data/740260/000119312503068210/d10q.htm"
  },
  {
    "date": "2003-06-30",
    "symbol": "VTR",
    "reportedCurrency": "USD",
    "cik": "0000740260",
    "fillingDate": "2003-07-24",
    "acceptedDate": "2003-07-24 16:47:13",
    "calendarYear": "2003",
    "period": "Q2",
    "revenue": 50185000,
    "costOfRevenue": 0,
    "grossProfit": 50185000,
    "grossProfitRatio": 1,
    "researchAndDevelopmentExpenses": 0,
    "generalAndAdministrativeExpenses": 3080000,
    "sellingAndMarketingExpenses": 0,
    "sellingGeneralAndAdministrativeExpenses": 3080000,
    "otherExpenses": 0,
    "operatingExpenses": 18433000,
    "costAndExpenses": 18433000,
    "interestIncome": 0,
    "interestExpense": 0,
    "depreciationAndAmortization": 9434000,
    "ebitda": 24442000,
    "ebitdaratio": 0.4870379595,
    "operatingIncome": 467000,
    "operatingIncomeRatio": 0.0093055694,
    "totalOtherIncomeExpensesNet": 1922000,
    "incomeBeforeTax": 16129000,
    "incomeBeforeTaxRatio": 0.3213908538,
    "incomeTaxExpense": 32372000,
    "netIncome": 16129000,
    "netIncomeRatio": 0.3213908538,
    "eps": 0.2,
    "epsdiluted": 0.2,
    "weightedAverageShsOut": 78935000,
    "weightedAverageShsOutDil": 79575000,
    "link": "https://www.sec.gov/Archives/edgar/data/740260/000119312503023482/0001193125-03-023482-index.htm",
    "finalLink": "https://www.sec.gov/Archives/edgar/data/740260/000119312503023482/d10q.htm"
  },
  {
    "date": "2003-03-31",
    "symbol": "VTR",
    "reportedCurrency": "USD",
    "cik": "0000740260",
    "fillingDate": "2003-04-29",
    "acceptedDate": "2003-04-29 16:39:49",
    "calendarYear": "2003",
    "period": "Q1",
    "revenue": 50423000,
    "costOfRevenue": 0,
    "grossProfit": 50423000,
    "grossProfitRatio": 1,
    "researchAndDevelopmentExpenses": 0,
    "generalAndAdministrativeExpenses": 3140000,
    "sellingAndMarketingExpenses": 0,
    "sellingGeneralAndAdministrativeExpenses": 3140000,
    "otherExpenses": 0,
    "operatingExpenses": 3990000,
    "costAndExpenses": 3990000,
    "interestIncome": 0,
    "interestExpense": 0,
    "depreciationAndAmortization": 10135000,
    "ebitda": 52359000,
    "ebitdaratio": 1.0383951768,
    "operatingIncome": 47390000,
    "operatingIncomeRatio": 0.9398488785,
    "totalOtherIncomeExpensesNet": 0,
    "incomeBeforeTax": 37288000,
    "incomeBeforeTaxRatio": 0.7395037979,
    "incomeTaxExpense": 0,
    "netIncome": 37288000,
    "netIncomeRatio": 0.7395037979,
    "eps": 0.47,
    "epsdiluted": 0.47,
    "weightedAverageShsOut": 78834000,
    "weightedAverageShsOutDil": 79296000,
    "link": "https://www.sec.gov/Archives/edgar/data/740260/000119312503002445/0001193125-03-002445-index.htm",
    "finalLink": "https://www.sec.gov/Archives/edgar/data/740260/000119312503002445/d10q.htm"
  },
  {
    "date": "2002-12-31",
    "symbol": "VTR",
    "reportedCurrency": "USD",
    "cik": "0000740260",
    "fillingDate": "2003-02-26",
    "acceptedDate": "2003-02-26 08:51:09",
    "calendarYear": "2002",
    "period": "Q4",
    "revenue": 49835000,
    "costOfRevenue": 0,
    "grossProfit": 49835000,
    "grossProfitRatio": 1,
    "researchAndDevelopmentExpenses": 0,
    "generalAndAdministrativeExpenses": 2441000,
    "sellingAndMarketingExpenses": 0,
    "sellingGeneralAndAdministrativeExpenses": 2441000,
    "otherExpenses": 0,
    "operatingExpenses": 17136000,
    "costAndExpenses": 17136000,
    "interestIncome": 0,
    "interestExpense": 86175000,
    "depreciationAndAmortization": 10424000,
    "ebitda": 43836000,
    "ebitdaratio": 0.8796227551,
    "operatingIncome": 33412000,
    "operatingIncomeRatio": 0.6704524932,
    "totalOtherIncomeExpensesNet": -19161000,
    "incomeBeforeTax": 13538000,
    "incomeBeforeTaxRatio": 0.2716564663,
    "incomeTaxExpense": 2200000,
    "netIncome": 9444000,
    "netIncomeRatio": 0.1895053677,
    "eps": 0.12,
    "epsdiluted": 0.12,
    "weightedAverageShsOut": 78834000,
    "weightedAverageShsOutDil": 79296000,
    "link": "https://www.sec.gov/Archives/edgar/data/740260/000093066103000809/0000930661-03-000809-index.htm",
    "finalLink": "https://www.sec.gov/Archives/edgar/data/740260/000093066103000809/d10k.htm"
  },
  {
    "date": "2002-09-30",
    "symbol": "VTR",
    "reportedCurrency": "USD",
    "cik": "0000740260",
    "fillingDate": "2002-10-29",
    "acceptedDate": "2002-10-29 17:16:19",
    "calendarYear": "2002",
    "period": "Q3",
    "revenue": 49079000,
    "costOfRevenue": 0,
    "grossProfit": 49079000,
    "grossProfitRatio": 1,
    "researchAndDevelopmentExpenses": 0,
    "generalAndAdministrativeExpenses": 2410000,
    "sellingAndMarketingExpenses": 0,
    "sellingGeneralAndAdministrativeExpenses": 2410000,
    "otherExpenses": 0,
    "operatingExpenses": 15527000,
    "costAndExpenses": 15527000,
    "interestIncome": 0,
    "interestExpense": 0,
    "depreciationAndAmortization": 10144000,
    "ebitda": 44320000,
    "ebitdaratio": 0.9030338841,
    "operatingIncome": 34176000,
    "operatingIncomeRatio": 0.6963467063,
    "totalOtherIncomeExpensesNet": -18659000,
    "incomeBeforeTax": 14893000,
    "incomeBeforeTaxRatio": 0.3034495405,
    "incomeTaxExpense": -2200000,
    "netIncome": 17093000,
    "netIncomeRatio": 0.3482752297,
    "eps": 0.25,
    "epsdiluted": 0.24,
    "weightedAverageShsOut": 69098000,
    "weightedAverageShsOutDil": 70047000,
    "link": "https://www.sec.gov/Archives/edgar/data/740260/000093066102003647/0000930661-02-003647-index.htm",
    "finalLink": "https://www.sec.gov/Archives/edgar/data/740260/000093066102003647/d10q.htm"
  },
  {
    "date": "2002-06-30",
    "symbol": "VTR",
    "reportedCurrency": "USD",
    "cik": "0000740260",
    "fillingDate": "2002-07-25",
    "acceptedDate": "2002-07-25 14:24:09",
    "calendarYear": "2002",
    "period": "Q2",
    "revenue": 51246000,
    "costOfRevenue": 0,
    "grossProfit": 51246000,
    "grossProfitRatio": 1,
    "researchAndDevelopmentExpenses": 0,
    "generalAndAdministrativeExpenses": 2601000,
    "sellingAndMarketingExpenses": 0,
    "sellingGeneralAndAdministrativeExpenses": 2601000,
    "otherExpenses": 0,
    "operatingExpenses": 16044000,
    "costAndExpenses": 16044000,
    "interestIncome": 0,
    "interestExpense": 0,
    "depreciationAndAmortization": 10842000,
    "ebitda": 46307000,
    "ebitdaratio": 0.9036217461,
    "operatingIncome": 41052000,
    "operatingIncomeRatio": 0.8010771572,
    "totalOtherIncomeExpensesNet": -24666000,
    "incomeBeforeTax": 10536000,
    "incomeBeforeTaxRatio": 0.2055965344,
    "incomeTaxExpense": -15932000,
    "netIncome": 26468000,
    "netIncomeRatio": 0.5164890918,
    "eps": 0.38,
    "epsdiluted": 0.38,
    "weightedAverageShsOut": 68850000,
    "weightedAverageShsOutDil": 70002000,
    "link": "https://www.sec.gov/Archives/edgar/data/740260/000093066102002517/0000930661-02-002517-index.htm",
    "finalLink": "https://www.sec.gov/Archives/edgar/data/740260/000093066102002517/d10q.htm"
  },
  {
    "date": "2002-03-31",
    "symbol": "VTR",
    "reportedCurrency": "USD",
    "cik": "0000740260",
    "fillingDate": "2002-05-14",
    "acceptedDate": "2002-05-13 18:35:46",
    "calendarYear": "2002",
    "period": "Q1",
    "revenue": 46739000,
    "costOfRevenue": 0,
    "grossProfit": 46739000,
    "grossProfitRatio": 1,
    "researchAndDevelopmentExpenses": 0,
    "generalAndAdministrativeExpenses": 2311000,
    "sellingAndMarketingExpenses": 0,
    "sellingGeneralAndAdministrativeExpenses": 2311000,
    "otherExpenses": 0,
    "operatingExpenses": 16292000,
    "costAndExpenses": 16292000,
    "interestIncome": 0,
    "interestExpense": 0,
    "depreciationAndAmortization": 9839000,
    "ebitda": 39221000,
    "ebitdaratio": 0.8391493186,
    "operatingIncome": 29382000,
    "operatingIncomeRatio": 0.6286398939,
    "totalOtherIncomeExpensesNet": -17746000,
    "incomeBeforeTax": 12701000,
    "incomeBeforeTaxRatio": 0.2717430839,
    "incomeTaxExpense": 18795000,
    "netIncome": 12701000,
    "netIncomeRatio": 0.2717430839,
    "eps": 0.18,
    "epsdiluted": 0.18,
    "weightedAverageShsOut": 68698000,
    "weightedAverageShsOutDil": 69844000,
    "link": "https://www.sec.gov/Archives/edgar/data/740260/000093066102001639/0000930661-02-001639-index.htm",
    "finalLink": "https://www.sec.gov/Archives/edgar/data/740260/000093066102001639/d10q.txt"
  },
  {
    "date": "2001-12-31",
    "symbol": "VTR",
    "reportedCurrency": "USD",
    "cik": "0000740260",
    "fillingDate": "2002-03-26",
    "acceptedDate": "2002-03-26 00:00:00",
    "calendarYear": "2001",
    "period": "Q4",
    "revenue": 62305000,
    "costOfRevenue": 0,
    "grossProfit": 62305000,
    "grossProfitRatio": 1,
    "researchAndDevelopmentExpenses": 0,
    "generalAndAdministrativeExpenses": 0,
    "sellingAndMarketingExpenses": 0,
    "sellingGeneralAndAdministrativeExpenses": 2504000,
    "otherExpenses": 0,
    "operatingExpenses": 15787000,
    "costAndExpenses": 15787000,
    "interestIncome": 0,
    "interestExpense": 0,
    "depreciationAndAmortization": 9895000,
    "ebitda": 57489000,
    "ebitdaratio": 0.9227028328,
    "operatingIncome": 48174000,
    "operatingIncomeRatio": 0.7731963727,
    "totalOtherIncomeExpensesNet": -22431000,
    "incomeBeforeTax": 24087000,
    "incomeBeforeTaxRatio": 0.3865981863,
    "incomeTaxExpense": 330000,
    "netIncome": 22725000,
    "netIncomeRatio": 0.3647379825,
    "eps": 0.33,
    "epsdiluted": 0.33,
    "weightedAverageShsOut": 68698000,
    "weightedAverageShsOutDil": 69844000,
    "link": "https://www.sec.gov/Archives/edgar/data/740260/000093066102000854/0000930661-02-000854-index.htm",
    "finalLink": "https://www.sec.gov/Archives/edgar/data/740260/000093066102000854/d10k.txt"
  },
  {
    "date": "2001-09-30",
    "symbol": "VTR",
    "reportedCurrency": "USD",
    "cik": "0000740260",
    "fillingDate": "2001-11-13",
    "acceptedDate": "2001-11-13 00:00:00",
    "calendarYear": "2001",
    "period": "Q3",
    "revenue": 47296000,
    "costOfRevenue": 0,
    "grossProfit": 47296000,
    "grossProfitRatio": 1,
    "researchAndDevelopmentExpenses": 0,
    "generalAndAdministrativeExpenses": 2598000,
    "sellingAndMarketingExpenses": 0,
    "sellingGeneralAndAdministrativeExpenses": 2598000,
    "otherExpenses": 0,
    "operatingExpenses": 16146000,
    "costAndExpenses": 16146000,
    "interestIncome": 0,
    "interestExpense": 0,
    "depreciationAndAmortization": 9883000,
    "ebitda": 41524000,
    "ebitdaratio": 0.8779600812,
    "operatingIncome": 31641000,
    "operatingIncomeRatio": 0.6689994926,
    "totalOtherIncomeExpensesNet": -49269000,
    "incomeBeforeTax": 9627000,
    "incomeBeforeTaxRatio": 0.2035478687,
    "incomeTaxExpense": 470000,
    "netIncome": 9157000,
    "netIncomeRatio": 0.1936104533,
    "eps": 0.13,
    "epsdiluted": 0.13,
    "weightedAverageShsOut": 68491000,
    "weightedAverageShsOutDil": 69584000,
    "link": "https://www.sec.gov/Archives/edgar/data/740260/000093066101502313/0000930661-01-502313-index.htm",
    "finalLink": "https://www.sec.gov/Archives/edgar/data/740260/000093066101502313/d10q.txt"
  },
  {
    "date": "2001-06-30",
    "symbol": "VTR",
    "reportedCurrency": "USD",
    "cik": "0000740260",
    "fillingDate": "2001-08-10",
    "acceptedDate": "2001-08-10 00:00:00",
    "calendarYear": "2001",
    "period": "Q2",
    "revenue": 47356000,
    "costOfRevenue": 0,
    "grossProfit": 47356000,
    "grossProfitRatio": 1,
    "researchAndDevelopmentExpenses": 0,
    "generalAndAdministrativeExpenses": 2593000,
    "sellingAndMarketingExpenses": 0,
    "sellingGeneralAndAdministrativeExpenses": 2593000,
    "otherExpenses": 0,
    "operatingExpenses": 16084000,
    "costAndExpenses": 16084000,
    "interestIncome": 0,
    "interestExpense": 0,
    "depreciationAndAmortization": 10089000,
    "ebitda": 42218000,
    "ebitdaratio": 0.8915026607,
    "operatingIncome": 32129000,
    "operatingIncomeRatio": 0.6784567953,
    "totalOtherIncomeExpensesNet": -49910000,
    "incomeBeforeTax": 9315000,
    "incomeBeforeTaxRatio": 0.1967015795,
    "incomeTaxExpense": 1210000,
    "netIncome": 8105000,
    "netIncomeRatio": 0.171150435,
    "eps": 0.12,
    "epsdiluted": 0.12,
    "weightedAverageShsOut": 68409000,
    "weightedAverageShsOutDil": 69307000,
    "link": "https://www.sec.gov/Archives/edgar/data/740260/000093066101501507/0000930661-01-501507-index.htm",
    "finalLink": "https://www.sec.gov/Archives/edgar/data/740260/000093066101501507/d10q.txt"
  },
  {
    "date": "2001-03-31",
    "symbol": "VTR",
    "reportedCurrency": "USD",
    "cik": "0000740260",
    "fillingDate": "2001-05-14",
    "acceptedDate": "2001-05-14 00:00:00",
    "calendarYear": "2001",
    "period": "Q1",
    "revenue": 47624000,
    "costOfRevenue": 0,
    "grossProfit": 47624000,
    "grossProfitRatio": 1,
    "researchAndDevelopmentExpenses": 0,
    "generalAndAdministrativeExpenses": 2549000,
    "sellingAndMarketingExpenses": 0,
    "sellingGeneralAndAdministrativeExpenses": 2549000,
    "otherExpenses": 0,
    "operatingExpenses": -1799000,
    "costAndExpenses": -1799000,
    "interestIncome": 0,
    "interestExpense": 0,
    "depreciationAndAmortization": 10498000,
    "ebitda": 60324000,
    "ebitdaratio": 1.2666722661,
    "operatingIncome": 49826000,
    "operatingIncomeRatio": 1.0462371913,
    "totalOtherIncomeExpensesNet": -38169000,
    "incomeBeforeTax": 11254000,
    "incomeBeforeTaxRatio": 0.2363094238,
    "incomeTaxExpense": 675000,
    "netIncome": 10579000,
    "netIncomeRatio": 0.2221358979,
    "eps": 0.16,
    "epsdiluted": 0.15,
    "weightedAverageShsOut": 68222000,
    "weightedAverageShsOutDil": 68872000,
    "link": "https://www.sec.gov/Archives/edgar/data/740260/000093066101500596/0000930661-01-500596-index.htm",
    "finalLink": "https://www.sec.gov/Archives/edgar/data/740260/000093066101500596/d10q.txt"
  },
  {
    "date": "2000-12-31",
    "symbol": "VTR",
    "reportedCurrency": "USD",
    "cik": "0000740260",
    "fillingDate": "2001-04-16",
    "acceptedDate": "2001-04-16 00:00:00",
    "calendarYear": "2000",
    "period": "Q4",
    "revenue": 62369000,
    "costOfRevenue": 0,
    "grossProfit": 62369000,
    "grossProfitRatio": 1,
    "researchAndDevelopmentExpenses": 0,
    "generalAndAdministrativeExpenses": 2302000,
    "sellingAndMarketingExpenses": 0,
    "sellingGeneralAndAdministrativeExpenses": 2302000,
    "otherExpenses": 0,
    "operatingExpenses": -21604000,
    "costAndExpenses": -21604000,
    "interestIncome": 0,
    "interestExpense": 0,
    "depreciationAndAmortization": 11864000,
    "ebitda": 95837000,
    "ebitdaratio": 1.5366127403,
    "operatingIncome": 83973000,
    "operatingIncomeRatio": 1.3463900335,
    "totalOtherIncomeExpensesNet": -83973000,
    "incomeBeforeTax": 0,
    "incomeBeforeTaxRatio": 0,
    "incomeTaxExpense": 168251000,
    "netIncome": -84278000,
    "netIncomeRatio": -1.3512802835,
    "eps": -1.24,
    "epsdiluted": -1.22,
    "weightedAverageShsOut": 68222000,
    "weightedAverageShsOutDil": 68872000,
    "link": "https://www.sec.gov/Archives/edgar/data/740260/000095013001500708/0000950130-01-500708-index.htm",
    "finalLink": "https://www.sec.gov/Archives/edgar/data/740260/000095013001500708/d10k.txt"
  },
  {
    "date": "2000-09-30",
    "symbol": "VTR",
    "reportedCurrency": "USD",
    "cik": "0000740260",
    "fillingDate": "2000-11-07",
    "acceptedDate": "2000-11-07 00:00:00",
    "calendarYear": "2000",
    "period": "Q3",
    "revenue": 60879000,
    "costOfRevenue": 0,
    "grossProfit": 60879000,
    "grossProfitRatio": 1,
    "researchAndDevelopmentExpenses": 0,
    "generalAndAdministrativeExpenses": 2602000,
    "sellingAndMarketingExpenses": 0,
    "sellingGeneralAndAdministrativeExpenses": 2602000,
    "otherExpenses": 0,
    "operatingExpenses": 28637000,
    "costAndExpenses": 28637000,
    "interestIncome": 0,
    "interestExpense": 0,
    "depreciationAndAmortization": 10542000,
    "ebitda": 43073000,
    "ebitdaratio": 0.7075181918,
    "operatingIncome": 32531000,
    "operatingIncomeRatio": 0.5343550321,
    "totalOtherIncomeExpensesNet": 0,
    "incomeBeforeTax": 0,
    "incomeBeforeTaxRatio": 0,
    "incomeTaxExpense": 23950000,
    "netIncome": 8581000,
    "netIncomeRatio": 0.1409517239,
    "eps": 0.13,
    "epsdiluted": 0.13,
    "weightedAverageShsOut": 68038000,
    "weightedAverageShsOutDil": 68224000,
    "link": "https://www.sec.gov/Archives/edgar/data/740260/000095013000005810/0000950130-00-005810-index.htm",
    "finalLink": "https://www.sec.gov/Archives/edgar/data/740260/000095013000005810/0000950130-00-005810-0001.txt"
  },
  {
    "date": "2000-06-30",
    "symbol": "VTR",
    "reportedCurrency": "USD",
    "cik": "0000740260",
    "fillingDate": "2000-08-11",
    "acceptedDate": "2000-08-11 00:00:00",
    "calendarYear": "2000",
    "period": "Q2",
    "revenue": 59974000,
    "costOfRevenue": 0,
    "grossProfit": 59974000,
    "grossProfitRatio": 1,
    "researchAndDevelopmentExpenses": 0,
    "generalAndAdministrativeExpenses": 2497000,
    "sellingAndMarketingExpenses": 0,
    "sellingGeneralAndAdministrativeExpenses": 2497000,
    "otherExpenses": 0,
    "operatingExpenses": 28685000,
    "costAndExpenses": 28685000,
    "interestIncome": 0,
    "interestExpense": 0,
    "depreciationAndAmortization": 10544000,
    "ebitda": 42145000,
    "ebitdaratio": 0.7027211792,
    "operatingIncome": 31601000,
    "operatingIncomeRatio": 0.5269116617,
    "totalOtherIncomeExpensesNet": 0,
    "incomeBeforeTax": 0,
    "incomeBeforeTaxRatio": 0,
    "incomeTaxExpense": 24089000,
    "netIncome": 7512000,
    "netIncomeRatio": 0.1252542769,
    "eps": 0.11,
    "epsdiluted": 0.11,
    "weightedAverageShsOut": 68027000,
    "weightedAverageShsOutDil": 68101000,
    "link": "https://www.sec.gov/Archives/edgar/data/740260/000094018000000987/0000940180-00-000987-index.htm",
    "finalLink": "https://www.sec.gov/Archives/edgar/data/740260/000094018000000987/0000940180-00-000987-0001.txt"
  },
  {
    "date": "2000-03-31",
    "symbol": "VTR",
    "reportedCurrency": "USD",
    "cik": "0000740260",
    "fillingDate": "2000-05-09",
    "acceptedDate": "2000-05-09 00:00:00",
    "calendarYear": "2000",
    "period": "Q1",
    "revenue": 59100000,
    "costOfRevenue": 0,
    "grossProfit": 59100000,
    "grossProfitRatio": 1,
    "researchAndDevelopmentExpenses": 0,
    "generalAndAdministrativeExpenses": 2288000,
    "sellingAndMarketingExpenses": 0,
    "sellingGeneralAndAdministrativeExpenses": 2288000,
    "otherExpenses": 0,
    "operatingExpenses": 28311000,
    "costAndExpenses": 28311000,
    "interestIncome": 0,
    "interestExpense": 0,
    "depreciationAndAmortization": 10653000,
    "ebitda": 41828000,
    "ebitdaratio": 0.707749577,
    "operatingIncome": 31175000,
    "operatingIncomeRatio": 0.5274957699,
    "totalOtherIncomeExpensesNet": 0,
    "incomeBeforeTax": 0,
    "incomeBeforeTaxRatio": 0,
    "incomeTaxExpense": 28442000,
    "netIncome": 2733000,
    "netIncomeRatio": 0.0462436548,
    "eps": 0.04,
    "epsdiluted": 0.04,
    "weightedAverageShsOut": 67898000,
    "weightedAverageShsOutDil": 67912000,
    "link": "https://www.sec.gov/Archives/edgar/data/740260/000094018000000561/0000940180-00-000561-index.html",
    "finalLink": "https://www.sec.gov/Archives/edgar/data/740260/000094018000000561/"
  },
  {
    "date": "1999-12-31",
    "symbol": "VTR",
    "reportedCurrency": "USD",
    "cik": "0000740260",
    "fillingDate": "2000-03-29",
    "acceptedDate": "2000-03-29 00:00:00",
    "calendarYear": "1999",
    "period": "Q4",
    "revenue": 59345000,
    "costOfRevenue": 0,
    "grossProfit": 59345000,
    "grossProfitRatio": 1,
    "researchAndDevelopmentExpenses": 0,
    "generalAndAdministrativeExpenses": -4533000,
    "sellingAndMarketingExpenses": 0,
    "sellingGeneralAndAdministrativeExpenses": -4533000,
    "otherExpenses": 0,
    "operatingExpenses": 143557000,
    "costAndExpenses": 143557000,
    "interestIncome": 0,
    "interestExpense": 0,
    "depreciationAndAmortization": 5203000,
    "ebitda": -79009000,
    "ebitdaratio": -1.3313505771,
    "operatingIncome": -91712000,
    "operatingIncomeRatio": -1.5454039936,
    "totalOtherIncomeExpensesNet": 0,
    "incomeBeforeTax": -84212000,
    "incomeBeforeTaxRatio": -1.4190243491,
    "incomeTaxExpense": -73247000,
    "netIncome": -10965000,
    "netIncomeRatio": -0.1847670402,
    "eps": -0.16,
    "epsdiluted": -0.16,
    "weightedAverageShsOut": 67898000,
    "weightedAverageShsOutDil": 67912000,
    "link": "https://www.sec.gov/Archives/edgar/data/740260/000094018000000356/0000940180-00-000356-index.html",
    "finalLink": "https://www.sec.gov/Archives/edgar/data/740260/000094018000000356/"
  },
  {
    "date": "1999-09-30",
    "symbol": "VTR",
    "reportedCurrency": "USD",
    "cik": "0000740260",
    "fillingDate": "1999-11-15",
    "acceptedDate": "1999-11-15 00:00:00",
    "calendarYear": "1999",
    "period": "Q3",
    "revenue": 59300000,
    "costOfRevenue": 0,
    "grossProfit": 59300000,
    "grossProfitRatio": 1,
    "researchAndDevelopmentExpenses": 0,
    "generalAndAdministrativeExpenses": 5200000,
    "sellingAndMarketingExpenses": 0,
    "sellingGeneralAndAdministrativeExpenses": 5200000,
    "otherExpenses": 0,
    "operatingExpenses": -13800000,
    "costAndExpenses": -13800000,
    "interestIncome": 0,
    "interestExpense": 0,
    "depreciationAndAmortization": 12400000,
    "ebitda": 93000000,
    "ebitdaratio": 1.568296796,
    "operatingIncome": 80600000,
    "operatingIncomeRatio": 1.3591905565,
    "totalOtherIncomeExpensesNet": -8681000,
    "incomeBeforeTax": 73100000,
    "incomeBeforeTaxRatio": 1.2327150084,
    "incomeTaxExpense": 60100000,
    "netIncome": 13027000,
    "netIncomeRatio": 0.2196795953,
    "eps": 0.19,
    "epsdiluted": 0.19,
    "weightedAverageShsOut": 68421053,
    "weightedAverageShsOutDil": 68421053,
    "link": "https://www.sec.gov/Archives/edgar/data/740260/000094018099001392/0000940180-99-001392-index.html",
    "finalLink": "https://www.sec.gov/Archives/edgar/data/740260/000094018099001392/"
  },
  {
    "date": "1999-06-30",
    "symbol": "VTR",
    "reportedCurrency": "USD",
    "cik": "0000740260",
    "fillingDate": "1999-08-16",
    "acceptedDate": "1999-08-16 00:00:00",
    "calendarYear": "1999",
    "period": "Q2",
    "revenue": 57900000,
    "costOfRevenue": 0,
    "grossProfit": 57900000,
    "grossProfitRatio": 1,
    "researchAndDevelopmentExpenses": 0,
    "generalAndAdministrativeExpenses": 4600000,
    "sellingAndMarketingExpenses": 0,
    "sellingGeneralAndAdministrativeExpenses": 4600000,
    "otherExpenses": 0,
    "operatingExpenses": -14500000,
    "costAndExpenses": -14500000,
    "interestIncome": 0,
    "interestExpense": 0,
    "depreciationAndAmortization": 12400000,
    "ebitda": 84800000,
    "ebitdaratio": 1.4645941278,
    "operatingIncome": 72400000,
    "operatingIncomeRatio": 1.2504317789,
    "totalOtherIncomeExpensesNet": 0,
    "incomeBeforeTax": 0,
    "incomeBeforeTaxRatio": 0,
    "incomeTaxExpense": 52200000,
    "netIncome": 20200000,
    "netIncomeRatio": 0.3488773748,
    "eps": 0.3,
    "epsdiluted": 0.3,
    "weightedAverageShsOut": 67333333,
    "weightedAverageShsOutDil": 67333333,
    "link": "https://www.sec.gov/Archives/edgar/data/740260/000093176399002404/0000931763-99-002404-index.html",
    "finalLink": "https://www.sec.gov/Archives/edgar/data/740260/000093176399002404/"
  },
  {
    "date": "1999-03-31",
    "symbol": "VTR",
    "reportedCurrency": "USD",
    "cik": "0000740260",
    "fillingDate": "1999-05-17",
    "acceptedDate": "1999-05-17 00:00:00",
    "calendarYear": "1999",
    "period": "Q1",
    "revenue": 56600000,
    "costOfRevenue": 0,
    "grossProfit": 56600000,
    "grossProfitRatio": 1,
    "researchAndDevelopmentExpenses": 0,
    "generalAndAdministrativeExpenses": 2600000,
    "sellingAndMarketingExpenses": 0,
    "sellingGeneralAndAdministrativeExpenses": 2600000,
    "otherExpenses": 0,
    "operatingExpenses": -14400000,
    "costAndExpenses": -14400000,
    "interestIncome": 0,
    "interestExpense": 0,
    "depreciationAndAmortization": 12800000,
    "ebitda": 85100000,
    "ebitdaratio": 1.5035335689,
    "operatingIncome": 72300000,
    "operatingIncomeRatio": 1.277385159,
    "totalOtherIncomeExpensesNet": 0,
    "incomeBeforeTax": 71000000,
    "incomeBeforeTaxRatio": 1.2544169611,
    "incomeTaxExpense": 50700000,
    "netIncome": 20300000,
    "netIncomeRatio": 0.3586572438,
    "eps": 0.3,
    "epsdiluted": 0.3,
    "weightedAverageShsOut": 67666667,
    "weightedAverageShsOutDil": 67666667,
    "link": "https://www.sec.gov/Archives/edgar/data/740260/000093176399001725/0000931763-99-001725-index.html",
    "finalLink": "https://www.sec.gov/Archives/edgar/data/740260/"
  },
  {
    "date": "1998-12-31",
    "symbol": "VTR",
    "reportedCurrency": "USD",
    "cik": "0000740260",
    "fillingDate": "1999-03-31",
    "acceptedDate": "1999-03-31 00:00:00",
    "calendarYear": "1998",
    "period": "Q4",
    "revenue": 56500000,
    "costOfRevenue": 0,
    "grossProfit": 56500000,
    "grossProfitRatio": 1,
    "researchAndDevelopmentExpenses": 0,
    "generalAndAdministrativeExpenses": 2500000,
    "sellingAndMarketingExpenses": 32200000,
    "sellingGeneralAndAdministrativeExpenses": 34700000,
    "otherExpenses": 0,
    "operatingExpenses": 34700000,
    "costAndExpenses": 34700000,
    "interestIncome": 0,
    "interestExpense": 0,
    "depreciationAndAmortization": 10800000,
    "ebitda": 32700000,
    "ebitdaratio": 0.5787610619,
    "operatingIncome": 21800000,
    "operatingIncomeRatio": 0.385840708,
    "totalOtherIncomeExpensesNet": 0,
    "incomeBeforeTax": 21800000,
    "incomeBeforeTaxRatio": 0.385840708,
    "incomeTaxExpense": 8200000,
    "netIncome": 13700000,
    "netIncomeRatio": 0.2424778761,
    "eps": 0.2,
    "epsdiluted": 0.2,
    "weightedAverageShsOut": 67700000,
    "weightedAverageShsOutDil": 67700000,
    "link": "https://www.sec.gov/Archives/edgar/data/740260/000093176399001033/0000931763-99-001033-index.html",
    "finalLink": "https://www.sec.gov/Archives/edgar/data/740260/"
  },
  {
    "date": "1998-09-30",
    "symbol": "VTR",
    "reportedCurrency": "USD",
    "cik": "0000740260",
    "fillingDate": "1998-11-13",
    "acceptedDate": "1998-11-13 00:00:00",
    "calendarYear": "1998",
    "period": "Q3",
    "revenue": 56200000,
    "costOfRevenue": 0,
    "grossProfit": 56200000,
    "grossProfitRatio": 1,
    "researchAndDevelopmentExpenses": 0,
    "generalAndAdministrativeExpenses": 1900000,
    "sellingAndMarketingExpenses": 33400000,
    "sellingGeneralAndAdministrativeExpenses": 35300000,
    "otherExpenses": 0,
    "operatingExpenses": 35300000,
    "costAndExpenses": 35300000,
    "interestIncome": 0,
    "interestExpense": 0,
    "depreciationAndAmortization": 10800000,
    "ebitda": 31600000,
    "ebitdaratio": 0.5622775801,
    "operatingIncome": 20900000,
    "operatingIncomeRatio": 0.371886121,
    "totalOtherIncomeExpensesNet": 0,
    "incomeBeforeTax": 20900000,
    "incomeBeforeTaxRatio": 0.371886121,
    "incomeTaxExpense": 7900000,
    "netIncome": 12900000,
    "netIncomeRatio": 0.2295373665,
    "eps": 0.19,
    "epsdiluted": 0.19,
    "weightedAverageShsOut": 67900000,
    "weightedAverageShsOutDil": 67900000,
    "link": "https://www.sec.gov/Archives/edgar/data/740260/000093066198002383/0000930661-98-002383-index.html",
    "finalLink": "https://www.sec.gov/Archives/edgar/data/740260/"
  }
]