[
  {
    "date": "2025-06-30",
    "symbol": "VTRS",
    "reportedCurrency": "USD",
    "cik": "0001792044",
    "fillingDate": "2025-08-07",
    "acceptedDate": "2025-08-07 16:05:13",
    "calendarYear": "2025",
    "period": "Q2",
    "revenue": 3582100000,
    "costOfRevenue": 2249200000,
    "grossProfit": 1332900000,
    "grossProfitRatio": 0.3721001647,
    "researchAndDevelopmentExpenses": 218800000,
    "generalAndAdministrativeExpenses": 0,
    "sellingAndMarketingExpenses": 0,
    "sellingGeneralAndAdministrativeExpenses": 928700000,
    "otherExpenses": -47600000,
    "operatingExpenses": 1099900000,
    "costAndExpenses": 3349100000,
    "interestIncome": 0,
    "interestExpense": 116600000,
    "depreciationAndAmortization": 678300000,
    "ebitda": 577800000,
    "ebitdaratio": 0.1613020295,
    "operatingIncome": 233000000,
    "operatingIncomeRatio": 0.0650456436,
    "totalOtherIncomeExpensesNet": -450100000,
    "incomeBeforeTax": -217100000,
    "incomeBeforeTaxRatio": -0.0606069066,
    "incomeTaxExpense": -212500000,
    "netIncome": -4600000,
    "netIncomeRatio": -0.0012841629,
    "eps": -0.0039,
    "epsdiluted": -0.0039,
    "weightedAverageShsOut": 1173000000,
    "weightedAverageShsOutDil": 1173000000,
    "link": "https://www.sec.gov/Archives/edgar/data/1792044/000179204425000033/0001792044-25-000033-index.htm",
    "finalLink": "https://www.sec.gov/Archives/edgar/data/1792044/000179204425000033/vtrs-20250630.htm"
  },
  {
    "date": "2025-03-31",
    "symbol": "VTRS",
    "reportedCurrency": "USD",
    "cik": "0001792044",
    "fillingDate": "2025-05-08",
    "acceptedDate": "2025-05-08 09:21:14",
    "calendarYear": "2025",
    "period": "Q1",
    "revenue": 3254300000,
    "costOfRevenue": 2093100000,
    "grossProfit": 1161200000,
    "grossProfitRatio": 0.3568202071,
    "researchAndDevelopmentExpenses": 222000000,
    "generalAndAdministrativeExpenses": 0,
    "sellingAndMarketingExpenses": 0,
    "sellingGeneralAndAdministrativeExpenses": 948100000,
    "otherExpenses": 2873300000,
    "operatingExpenses": 4043400000,
    "costAndExpenses": 6136500000,
    "interestIncome": 0,
    "interestExpense": 115500000,
    "depreciationAndAmortization": 664700000,
    "ebitda": -2316800000,
    "ebitdaratio": -0.711919614,
    "operatingIncome": -2882200000,
    "operatingIncomeRatio": -0.8856589743,
    "totalOtherIncomeExpensesNet": -214800000,
    "incomeBeforeTax": -3097000000,
    "incomeBeforeTaxRatio": -0.9516639523,
    "incomeTaxExpense": -55000000,
    "netIncome": -3042000000,
    "netIncomeRatio": -0.9347632363,
    "eps": -2.55,
    "epsdiluted": -2.55,
    "weightedAverageShsOut": 1192400000,
    "weightedAverageShsOutDil": 1192400000,
    "link": "https://www.sec.gov/Archives/edgar/data/1792044/000179204425000018/0001792044-25-000018-index.htm",
    "finalLink": "https://www.sec.gov/Archives/edgar/data/1792044/000179204425000018/vtrs-20250331.htm"
  },
  {
    "date": "2024-12-31",
    "symbol": "VTRS",
    "reportedCurrency": "USD",
    "cik": "0001792044",
    "fillingDate": "2025-02-27",
    "acceptedDate": "2025-02-27 16:07:14",
    "calendarYear": "2024",
    "period": "Q4",
    "revenue": 3528100000,
    "costOfRevenue": 2313100000,
    "grossProfit": 1215000000,
    "grossProfitRatio": 0.3443779938,
    "researchAndDevelopmentExpenses": 206500000,
    "generalAndAdministrativeExpenses": 0,
    "sellingAndMarketingExpenses": 0,
    "sellingGeneralAndAdministrativeExpenses": 1046700000,
    "otherExpenses": 141600000,
    "operatingExpenses": 1394800000,
    "costAndExpenses": 3707900000,
    "interestIncome": 0,
    "interestExpense": 120200000,
    "depreciationAndAmortization": 746200000,
    "ebitda": 339900000,
    "ebitdaratio": 0.0963408067,
    "operatingIncome": -179800000,
    "operatingIncomeRatio": -0.0509622743,
    "totalOtherIncomeExpensesNet": -346700000,
    "incomeBeforeTax": -526500000,
    "incomeBeforeTaxRatio": -0.149230464,
    "incomeTaxExpense": -10000000,
    "netIncome": -516500000,
    "netIncomeRatio": -0.1463960772,
    "eps": -0.43,
    "epsdiluted": -0.43,
    "weightedAverageShsOut": 1193300000,
    "weightedAverageShsOutDil": 1193300000,
    "link": "https://www.sec.gov/Archives/edgar/data/1792044/000179204425000008/0001792044-25-000008-index.htm",
    "finalLink": "https://www.sec.gov/Archives/edgar/data/1792044/000179204425000008/vtrs-20241231.htm"
  },
  {
    "date": "2024-09-30",
    "symbol": "VTRS",
    "reportedCurrency": "USD",
    "cik": "0001792044",
    "fillingDate": "2024-11-07",
    "acceptedDate": "2024-11-07 16:11:32",
    "calendarYear": "2024",
    "period": "Q3",
    "revenue": 3751200000,
    "costOfRevenue": 2292000000,
    "grossProfit": 1459200000,
    "grossProfitRatio": 0.3889955214,
    "researchAndDevelopmentExpenses": 198400000,
    "generalAndAdministrativeExpenses": 0,
    "sellingAndMarketingExpenses": 0,
    "sellingGeneralAndAdministrativeExpenses": 1003400000,
    "otherExpenses": 31500000,
    "operatingExpenses": 1233300000,
    "costAndExpenses": 3525300000,
    "interestIncome": 0,
    "interestExpense": 145600000,
    "depreciationAndAmortization": 669700000,
    "ebitda": 905800000,
    "ebitdaratio": 0.2414693965,
    "operatingIncome": 225900000,
    "operatingIncomeRatio": 0.0602207294,
    "totalOtherIncomeExpensesNet": -135400000,
    "incomeBeforeTax": 90500000,
    "incomeBeforeTaxRatio": 0.0241256131,
    "incomeTaxExpense": -4300000,
    "netIncome": 94800000,
    "netIncomeRatio": 0.025271913,
    "eps": 0.0794,
    "epsdiluted": 0.079,
    "weightedAverageShsOut": 1193500000,
    "weightedAverageShsOutDil": 1200400000,
    "link": "https://www.sec.gov/Archives/edgar/data/1792044/000179204424000033/0001792044-24-000033-index.htm",
    "finalLink": "https://www.sec.gov/Archives/edgar/data/1792044/000179204424000033/vtrs-20240930.htm"
  },
  {
    "date": "2024-06-30",
    "symbol": "VTRS",
    "reportedCurrency": "USD",
    "cik": "0001792044",
    "fillingDate": "2024-08-08",
    "acceptedDate": "2024-08-08 16:04:41",
    "calendarYear": "2024",
    "period": "Q2",
    "revenue": 3796600000,
    "costOfRevenue": 2351200000,
    "grossProfit": 1445400000,
    "grossProfitRatio": 0.3807090555,
    "researchAndDevelopmentExpenses": 204100000,
    "generalAndAdministrativeExpenses": 0,
    "sellingAndMarketingExpenses": 0,
    "sellingGeneralAndAdministrativeExpenses": 1037000000,
    "otherExpenses": 444200000,
    "operatingExpenses": 1685300000,
    "costAndExpenses": 4036500000,
    "interestIncome": 0,
    "interestExpense": 145800000,
    "depreciationAndAmortization": 786300000,
    "ebitda": 540300000,
    "ebitdaratio": 0.1423115419,
    "operatingIncome": -239900000,
    "operatingIncomeRatio": -0.0631881157,
    "totalOtherIncomeExpensesNet": -151900000,
    "incomeBeforeTax": -391800000,
    "incomeBeforeTaxRatio": -0.1031975979,
    "incomeTaxExpense": -65400000,
    "netIncome": -326400000,
    "netIncomeRatio": -0.0859716589,
    "eps": -0.27,
    "epsdiluted": -0.27,
    "weightedAverageShsOut": 1191100000,
    "weightedAverageShsOutDil": 1191100000,
    "link": "https://www.sec.gov/Archives/edgar/data/1792044/000179204424000025/0001792044-24-000025-index.htm",
    "finalLink": "https://www.sec.gov/Archives/edgar/data/1792044/000179204424000025/vtrs-20240630.htm"
  },
  {
    "date": "2024-03-31",
    "symbol": "VTRS",
    "reportedCurrency": "USD",
    "cik": "0001792044",
    "fillingDate": "2024-05-09",
    "acceptedDate": "2024-05-09 16:03:24",
    "calendarYear": "2024",
    "period": "Q1",
    "revenue": 3663400000,
    "costOfRevenue": 2159400000,
    "grossProfit": 1504000000,
    "grossProfitRatio": 0.4105475788,
    "researchAndDevelopmentExpenses": 199700000,
    "generalAndAdministrativeExpenses": 0,
    "sellingAndMarketingExpenses": 0,
    "sellingGeneralAndAdministrativeExpenses": 1017500000,
    "otherExpenses": 82900000,
    "operatingExpenses": 1300100000,
    "costAndExpenses": 3459500000,
    "interestIncome": 0,
    "interestExpense": 138400000,
    "depreciationAndAmortization": 691000000,
    "ebitda": 1034000000,
    "ebitdaratio": 0.2822514604,
    "operatingIncome": 203900000,
    "operatingIncomeRatio": 0.0556586777,
    "totalOtherIncomeExpensesNet": 700000,
    "incomeBeforeTax": 204600000,
    "incomeBeforeTaxRatio": 0.0558497571,
    "incomeTaxExpense": 90700000,
    "netIncome": 113900000,
    "netIncomeRatio": 0.0310913359,
    "eps": 0.1,
    "epsdiluted": 0.09,
    "weightedAverageShsOut": 1195200000,
    "weightedAverageShsOutDil": 1209500000,
    "link": "https://www.sec.gov/Archives/edgar/data/1792044/000179204424000017/0001792044-24-000017-index.htm",
    "finalLink": "https://www.sec.gov/Archives/edgar/data/1792044/000179204424000017/vtrs-20240331.htm"
  },
  {
    "date": "2023-12-31",
    "symbol": "VTRS",
    "reportedCurrency": "USD",
    "cik": "0001792044",
    "fillingDate": "2024-04-26",
    "acceptedDate": "2024-04-26 16:31:10",
    "calendarYear": "2023",
    "period": "Q4",
    "revenue": 3837300000,
    "costOfRevenue": 2240800000,
    "grossProfit": 1596500000,
    "grossProfitRatio": 0.4160477419,
    "researchAndDevelopmentExpenses": 202800000,
    "generalAndAdministrativeExpenses": 0,
    "sellingAndMarketingExpenses": 0,
    "sellingGeneralAndAdministrativeExpenses": 1605800000,
    "otherExpenses": 242400000,
    "operatingExpenses": 2051000000,
    "costAndExpenses": 4291800000,
    "interestIncome": 0,
    "interestExpense": 140900000,
    "depreciationAndAmortization": 644400000,
    "ebitda": -69700000,
    "ebitdaratio": -0.0181638131,
    "operatingIncome": -454500000,
    "operatingIncomeRatio": -0.118442655,
    "totalOtherIncomeExpensesNet": -400500000,
    "incomeBeforeTax": -855000000,
    "incomeBeforeTaxRatio": -0.2228129153,
    "incomeTaxExpense": -89400000,
    "netIncome": -765600000,
    "netIncomeRatio": -0.1995152842,
    "eps": -0.64,
    "epsdiluted": -0.64,
    "weightedAverageShsOut": 1200100000,
    "weightedAverageShsOutDil": 1200100000,
    "link": "https://www.sec.gov/Archives/edgar/data/1792044/000119312524118165/0001193125-24-118165-index.htm",
    "finalLink": "https://www.sec.gov/Archives/edgar/data/1792044/000119312524118165/d758146d10ka.htm"
  },
  {
    "date": "2023-09-30",
    "symbol": "VTRS",
    "reportedCurrency": "USD",
    "cik": "0001792044",
    "fillingDate": "2023-11-08",
    "acceptedDate": "2023-11-07 17:47:49",
    "calendarYear": "2023",
    "period": "Q3",
    "revenue": 3941900000,
    "costOfRevenue": 2250600000,
    "grossProfit": 1691300000,
    "grossProfitRatio": 0.4290570537,
    "researchAndDevelopmentExpenses": 211200000,
    "generalAndAdministrativeExpenses": 0,
    "sellingAndMarketingExpenses": 0,
    "sellingGeneralAndAdministrativeExpenses": 1053500000,
    "otherExpenses": -25100000,
    "operatingExpenses": 1239600000,
    "costAndExpenses": 3490200000,
    "interestIncome": 0,
    "interestExpense": 141500000,
    "depreciationAndAmortization": 679400000,
    "ebitda": 1223100000,
    "ebitdaratio": 0.3102818438,
    "operatingIncome": 451700000,
    "operatingIncomeRatio": 0.1145894112,
    "totalOtherIncomeExpensesNet": -49500000,
    "incomeBeforeTax": 402200000,
    "incomeBeforeTaxRatio": 0.102032015,
    "incomeTaxExpense": 70600000,
    "netIncome": 331600000,
    "netIncomeRatio": 0.0841218702,
    "eps": 0.28,
    "epsdiluted": 0.27,
    "weightedAverageShsOut": 1199500000,
    "weightedAverageShsOutDil": 1207600000,
    "link": "https://www.sec.gov/Archives/edgar/data/1792044/000179204423000033/0001792044-23-000033-index.htm",
    "finalLink": "https://www.sec.gov/Archives/edgar/data/1792044/000179204423000033/vtrs-20230930.htm"
  },
  {
    "date": "2023-06-30",
    "symbol": "VTRS",
    "reportedCurrency": "USD",
    "cik": "0001792044",
    "fillingDate": "2023-08-07",
    "acceptedDate": "2023-08-07 16:18:13",
    "calendarYear": "2023",
    "period": "Q2",
    "revenue": 3918600000,
    "costOfRevenue": 2310000000,
    "grossProfit": 1608600000,
    "grossProfitRatio": 0.4105037513,
    "researchAndDevelopmentExpenses": 208300000,
    "generalAndAdministrativeExpenses": 0,
    "sellingAndMarketingExpenses": 0,
    "sellingGeneralAndAdministrativeExpenses": 1031900000,
    "otherExpenses": -800000,
    "operatingExpenses": 1239400000,
    "costAndExpenses": 3549400000,
    "interestIncome": 0,
    "interestExpense": 143700000,
    "depreciationAndAmortization": 686700000,
    "ebitda": 1163400000,
    "ebitdaratio": 0.2968917471,
    "operatingIncome": 369200000,
    "operatingIncomeRatio": 0.0942173225,
    "totalOtherIncomeExpensesNet": -36200000,
    "incomeBeforeTax": 333000000,
    "incomeBeforeTaxRatio": 0.0849793294,
    "incomeTaxExpense": 69000000,
    "netIncome": 264000000,
    "netIncomeRatio": 0.0673709998,
    "eps": 0.22,
    "epsdiluted": 0.22,
    "weightedAverageShsOut": 1199000000,
    "weightedAverageShsOutDil": 1203500000,
    "link": "https://www.sec.gov/Archives/edgar/data/1792044/000179204423000024/0001792044-23-000024-index.htm",
    "finalLink": "https://www.sec.gov/Archives/edgar/data/1792044/000179204423000024/vtrs-20230630.htm"
  },
  {
    "date": "2023-03-31",
    "symbol": "VTRS",
    "reportedCurrency": "USD",
    "cik": "0001792044",
    "fillingDate": "2023-05-08",
    "acceptedDate": "2023-05-08 16:04:16",
    "calendarYear": "2023",
    "period": "Q1",
    "revenue": 3729100000,
    "costOfRevenue": 2186900000,
    "grossProfit": 1542200000,
    "grossProfitRatio": 0.4135582312,
    "researchAndDevelopmentExpenses": 182900000,
    "generalAndAdministrativeExpenses": 0,
    "sellingAndMarketingExpenses": 0,
    "sellingGeneralAndAdministrativeExpenses": 958900000,
    "otherExpenses": 600000,
    "operatingExpenses": 1142400000,
    "costAndExpenses": 3329300000,
    "interestIncome": 0,
    "interestExpense": 147000000,
    "depreciationAndAmortization": 730000000,
    "ebitda": 1199700000,
    "ebitdaratio": 0.3217130139,
    "operatingIncome": 399800000,
    "operatingIncomeRatio": 0.1072108552,
    "totalOtherIncomeExpensesNet": -77100000,
    "incomeBeforeTax": 322700000,
    "incomeBeforeTaxRatio": 0.0865356252,
    "incomeTaxExpense": 98000000,
    "netIncome": 224700000,
    "netIncomeRatio": 0.0602558258,
    "eps": 0.19,
    "epsdiluted": 0.19,
    "weightedAverageShsOut": 1202500000,
    "weightedAverageShsOutDil": 1205600000,
    "link": "https://www.sec.gov/Archives/edgar/data/1792044/000179204423000017/0001792044-23-000017-index.htm",
    "finalLink": "https://www.sec.gov/Archives/edgar/data/1792044/000179204423000017/vtrs-20230331.htm"
  },
  {
    "date": "2022-12-31",
    "symbol": "VTRS",
    "reportedCurrency": "USD",
    "cik": "0001792044",
    "fillingDate": "2023-04-28",
    "acceptedDate": "2023-04-28 16:35:22",
    "calendarYear": "2022",
    "period": "Q4",
    "revenue": 3876000000,
    "costOfRevenue": 2601900000,
    "grossProfit": 1274100000,
    "grossProfitRatio": 0.3287151703,
    "researchAndDevelopmentExpenses": 182400000,
    "generalAndAdministrativeExpenses": 0,
    "sellingAndMarketingExpenses": 0,
    "sellingGeneralAndAdministrativeExpenses": 1265400000,
    "otherExpenses": 27600000,
    "operatingExpenses": 1475400000,
    "costAndExpenses": 4077300000,
    "interestIncome": 0,
    "interestExpense": 147100000,
    "depreciationAndAmortization": 869800000,
    "ebitda": 2485800000,
    "ebitdaratio": 0.6413312693,
    "operatingIncome": -201300000,
    "operatingIncomeRatio": -0.0519349845,
    "totalOtherIncomeExpensesNet": 1670200000,
    "incomeBeforeTax": 1468900000,
    "incomeBeforeTaxRatio": 0.3789731682,
    "incomeTaxExpense": 457700000,
    "netIncome": 1011200000,
    "netIncomeRatio": 0.2608875129,
    "eps": 0.83,
    "epsdiluted": 0.83,
    "weightedAverageShsOut": 1220934584,
    "weightedAverageShsOutDil": 1221400000,
    "link": "https://www.sec.gov/Archives/edgar/data/1792044/000119312523127172/0001193125-23-127172-index.htm",
    "finalLink": "https://www.sec.gov/Archives/edgar/data/1792044/000119312523127172/d487324d10ka.htm"
  },
  {
    "date": "2022-09-30",
    "symbol": "VTRS",
    "reportedCurrency": "USD",
    "cik": "0001792044",
    "fillingDate": "2022-11-07",
    "acceptedDate": "2022-11-07 16:06:44",
    "calendarYear": "2022",
    "period": "Q3",
    "revenue": 4078200000,
    "costOfRevenue": 2329800000,
    "grossProfit": 1748400000,
    "grossProfitRatio": 0.4287185523,
    "researchAndDevelopmentExpenses": 174900000,
    "generalAndAdministrativeExpenses": 0,
    "sellingAndMarketingExpenses": 0,
    "sellingGeneralAndAdministrativeExpenses": 1017300000,
    "otherExpenses": -3900000,
    "operatingExpenses": 1188300000,
    "costAndExpenses": 3518100000,
    "interestIncome": 0,
    "interestExpense": 153200000,
    "depreciationAndAmortization": 699500000,
    "ebitda": 1280200000,
    "ebitdaratio": 0.3139130008,
    "operatingIncome": 560100000,
    "operatingIncomeRatio": 0.1373400029,
    "totalOtherIncomeExpensesNet": -132600000,
    "incomeBeforeTax": 427500000,
    "incomeBeforeTaxRatio": 0.1048256584,
    "incomeTaxExpense": 73200000,
    "netIncome": 354300000,
    "netIncomeRatio": 0.0868765632,
    "eps": 0.29,
    "epsdiluted": 0.29,
    "weightedAverageShsOut": 1218100000,
    "weightedAverageShsOutDil": 1218100000,
    "link": "https://www.sec.gov/Archives/edgar/data/1792044/000179204422000036/0001792044-22-000036-index.htm",
    "finalLink": "https://www.sec.gov/Archives/edgar/data/1792044/000179204422000036/vtrs-20220930.htm"
  },
  {
    "date": "2022-06-30",
    "symbol": "VTRS",
    "reportedCurrency": "USD",
    "cik": "0001792044",
    "fillingDate": "2022-08-08",
    "acceptedDate": "2022-08-08 16:17:22",
    "calendarYear": "2022",
    "period": "Q2",
    "revenue": 4116800000,
    "costOfRevenue": 2413500000,
    "grossProfit": 1703300000,
    "grossProfitRatio": 0.4137436844,
    "researchAndDevelopmentExpenses": 162600000,
    "generalAndAdministrativeExpenses": 0,
    "sellingAndMarketingExpenses": 0,
    "sellingGeneralAndAdministrativeExpenses": 981100000,
    "otherExpenses": 10900000,
    "operatingExpenses": 1154600000,
    "costAndExpenses": 3568100000,
    "interestIncome": 0,
    "interestExpense": 145900000,
    "depreciationAndAmortization": 722300000,
    "ebitda": 1257500000,
    "ebitdaratio": 0.3054556937,
    "operatingIncome": 548700000,
    "operatingIncomeRatio": 0.1332831325,
    "totalOtherIncomeExpensesNet": -159400000,
    "incomeBeforeTax": 389300000,
    "incomeBeforeTaxRatio": 0.0945637388,
    "incomeTaxExpense": 75400000,
    "netIncome": 313900000,
    "netIncomeRatio": 0.0762485426,
    "eps": 0.26,
    "epsdiluted": 0.26,
    "weightedAverageShsOut": 1212301441,
    "weightedAverageShsOutDil": 1217100000,
    "link": "https://www.sec.gov/Archives/edgar/data/1792044/000179204422000028/0001792044-22-000028-index.htm",
    "finalLink": "https://www.sec.gov/Archives/edgar/data/1792044/000179204422000028/vtrs-20220630.htm"
  },
  {
    "date": "2022-03-31",
    "symbol": "VTRS",
    "reportedCurrency": "USD",
    "cik": "0001792044",
    "fillingDate": "2022-05-09",
    "acceptedDate": "2022-05-09 16:06:16",
    "calendarYear": "2022",
    "period": "Q1",
    "revenue": 4191700000,
    "costOfRevenue": 2420500000,
    "grossProfit": 1771200000,
    "grossProfitRatio": 0.4225493237,
    "researchAndDevelopmentExpenses": 142300000,
    "generalAndAdministrativeExpenses": 0,
    "sellingAndMarketingExpenses": 0,
    "sellingGeneralAndAdministrativeExpenses": 915300000,
    "otherExpenses": 6200000,
    "operatingExpenses": 1063800000,
    "costAndExpenses": 3484300000,
    "interestIncome": 0,
    "interestExpense": 146200000,
    "depreciationAndAmortization": 736000000,
    "ebitda": 1409700000,
    "ebitdaratio": 0.3363074648,
    "operatingIncome": 707400000,
    "operatingIncomeRatio": 0.1687620774,
    "totalOtherIncomeExpensesNet": -179900000,
    "incomeBeforeTax": 527500000,
    "incomeBeforeTaxRatio": 0.1258439297,
    "incomeTaxExpense": 128300000,
    "netIncome": 399200000,
    "netIncomeRatio": 0.0952358232,
    "eps": 0.33,
    "epsdiluted": 0.33,
    "weightedAverageShsOut": 1210500301,
    "weightedAverageShsOutDil": 1213100000,
    "link": "https://www.sec.gov/Archives/edgar/data/1792044/000179204422000017/0001792044-22-000017-index.htm",
    "finalLink": "https://www.sec.gov/Archives/edgar/data/1792044/000179204422000017/vtrs-20220331.htm"
  },
  {
    "date": "2021-12-31",
    "symbol": "VTRS",
    "reportedCurrency": "USD",
    "cik": "0001792044",
    "fillingDate": "2022-04-29",
    "acceptedDate": "2022-04-29 17:04:22",
    "calendarYear": "2021",
    "period": "Q4",
    "revenue": 4341600000,
    "costOfRevenue": 2795200000,
    "grossProfit": 1546400000,
    "grossProfitRatio": 0.3561820527,
    "researchAndDevelopmentExpenses": 267200000,
    "generalAndAdministrativeExpenses": 0,
    "sellingAndMarketingExpenses": 0,
    "sellingGeneralAndAdministrativeExpenses": 1082900000,
    "otherExpenses": 273900000,
    "operatingExpenses": 1624000000,
    "costAndExpenses": 4419200000,
    "interestIncome": 0,
    "interestExpense": 148200000,
    "depreciationAndAmortization": 749800000,
    "ebitda": 694100000,
    "ebitdaratio": 0.1598719366,
    "operatingIncome": -77600000,
    "operatingIncomeRatio": -0.017873595,
    "totalOtherIncomeExpensesNet": -126300000,
    "incomeBeforeTax": -203900000,
    "incomeBeforeTaxRatio": -0.0469642528,
    "incomeTaxExpense": 59900000,
    "netIncome": -263800000,
    "netIncomeRatio": -0.0607610098,
    "eps": -0.22,
    "epsdiluted": -0.22,
    "weightedAverageShsOut": 1198938316,
    "weightedAverageShsOutDil": 1209400000,
    "link": "https://www.sec.gov/Archives/edgar/data/1792044/000119312522134158/0001193125-22-134158-index.htm",
    "finalLink": "https://www.sec.gov/Archives/edgar/data/1792044/000119312522134158/d307200d10ka.htm"
  },
  {
    "date": "2021-09-30",
    "symbol": "VTRS",
    "reportedCurrency": "USD",
    "cik": "0001792044",
    "fillingDate": "2021-11-08",
    "acceptedDate": "2021-11-08 16:02:54",
    "calendarYear": "2021",
    "period": "Q3",
    "revenue": 4536600000,
    "costOfRevenue": 2962500000,
    "grossProfit": 1574100000,
    "grossProfitRatio": 0.346977913,
    "researchAndDevelopmentExpenses": 152100000,
    "generalAndAdministrativeExpenses": 0,
    "sellingAndMarketingExpenses": 0,
    "sellingGeneralAndAdministrativeExpenses": 1055000000,
    "otherExpenses": 9400000,
    "operatingExpenses": 1216500000,
    "costAndExpenses": 4179000000,
    "interestIncome": 0,
    "interestExpense": 151900000,
    "depreciationAndAmortization": 1017100000,
    "ebitda": 1368900000,
    "ebitdaratio": 0.3017458008,
    "operatingIncome": 357600000,
    "operatingIncomeRatio": 0.0788255522,
    "totalOtherIncomeExpensesNet": -157700000,
    "incomeBeforeTax": 199900000,
    "incomeBeforeTaxRatio": 0.0440638364,
    "incomeTaxExpense": -111600000,
    "netIncome": 311500000,
    "netIncomeRatio": 0.068663757,
    "eps": 0.26,
    "epsdiluted": 0.26,
    "weightedAverageShsOut": 1209300158,
    "weightedAverageShsOutDil": 1212600000,
    "link": "https://www.sec.gov/Archives/edgar/data/1792044/000179204421000035/0001792044-21-000035-index.htm",
    "finalLink": "https://www.sec.gov/Archives/edgar/data/1792044/000179204421000035/vtrs-20210930.htm"
  },
  {
    "date": "2021-06-30",
    "symbol": "VTRS",
    "reportedCurrency": "USD",
    "cik": "0001792044",
    "fillingDate": "2021-08-09",
    "acceptedDate": "2021-08-09 16:11:27",
    "calendarYear": "2021",
    "period": "Q2",
    "revenue": 4577800000,
    "costOfRevenue": 3250100000,
    "grossProfit": 1327700000,
    "grossProfitRatio": 0.2900301455,
    "researchAndDevelopmentExpenses": 147700000,
    "generalAndAdministrativeExpenses": 0,
    "sellingAndMarketingExpenses": 0,
    "sellingGeneralAndAdministrativeExpenses": 1204800000,
    "otherExpenses": 23000000,
    "operatingExpenses": 1375500000,
    "costAndExpenses": 4625600000,
    "interestIncome": 0,
    "interestExpense": 167100000,
    "depreciationAndAmortization": 1317100000,
    "ebitda": 1265100000,
    "ebitdaratio": 0.2763554546,
    "operatingIncome": -47800000,
    "operatingIncomeRatio": -0.0104416969,
    "totalOtherIncomeExpensesNet": -171300000,
    "incomeBeforeTax": -219100000,
    "incomeBeforeTaxRatio": -0.0478614181,
    "incomeTaxExpense": 60100000,
    "netIncome": -279200000,
    "netIncomeRatio": -0.0609899952,
    "eps": -0.23,
    "epsdiluted": -0.23,
    "weightedAverageShsOut": 1208800000,
    "weightedAverageShsOutDil": 1208800000,
    "link": "https://www.sec.gov/Archives/edgar/data/1792044/000179204421000026/0001792044-21-000026-index.htm",
    "finalLink": "https://www.sec.gov/Archives/edgar/data/1792044/000179204421000026/vtrs-20210630.htm"
  },
  {
    "date": "2021-03-31",
    "symbol": "VTRS",
    "reportedCurrency": "USD",
    "cik": "0001792044",
    "fillingDate": "2021-05-10",
    "acceptedDate": "2021-05-10 16:17:59",
    "calendarYear": "2021",
    "period": "Q1",
    "revenue": 4430300000,
    "costOfRevenue": 3303000000,
    "grossProfit": 1127300000,
    "grossProfitRatio": 0.2544522944,
    "researchAndDevelopmentExpenses": 184100000,
    "generalAndAdministrativeExpenses": 0,
    "sellingAndMarketingExpenses": 0,
    "sellingGeneralAndAdministrativeExpenses": 1186500000,
    "otherExpenses": 22900000,
    "operatingExpenses": 1393500000,
    "costAndExpenses": 4696500000,
    "interestIncome": 0,
    "interestExpense": 169000000,
    "depreciationAndAmortization": 1422500000,
    "ebitda": 1150200000,
    "ebitdaratio": 0.2596212446,
    "operatingIncome": -266200000,
    "operatingIncomeRatio": -0.0600862244,
    "totalOtherIncomeExpensesNet": -175100000,
    "incomeBeforeTax": -441300000,
    "incomeBeforeTaxRatio": -0.0996095073,
    "incomeTaxExpense": 596300000,
    "netIncome": -1037600000,
    "netIncomeRatio": -0.2342053586,
    "eps": -0.86,
    "epsdiluted": -0.86,
    "weightedAverageShsOut": 1206511626,
    "weightedAverageShsOutDil": 1207500000,
    "link": "https://www.sec.gov/Archives/edgar/data/1792044/000179204421000018/0001792044-21-000018-index.htm",
    "finalLink": "https://www.sec.gov/Archives/edgar/data/1792044/000179204421000018/vtrs-20210331.htm"
  },
  {
    "date": "2020-12-31",
    "symbol": "VTRS",
    "reportedCurrency": "USD",
    "cik": "0001792044",
    "fillingDate": "2021-03-01",
    "acceptedDate": "2021-03-01 17:31:58",
    "calendarYear": "2020",
    "period": "Q4",
    "revenue": 3623500000,
    "costOfRevenue": 2917100000,
    "grossProfit": 706400000,
    "grossProfitRatio": 0.1949496343,
    "researchAndDevelopmentExpenses": 154800000,
    "generalAndAdministrativeExpenses": 0,
    "sellingAndMarketingExpenses": 0,
    "sellingGeneralAndAdministrativeExpenses": 1361400000,
    "otherExpenses": 71300000,
    "operatingExpenses": 1587500000,
    "costAndExpenses": 4504600000,
    "interestIncome": 0,
    "interestExpense": 144400000,
    "depreciationAndAmortization": 953100000,
    "ebitda": 84000000,
    "ebitdaratio": 0.0231820063,
    "operatingIncome": -881100000,
    "operatingIncomeRatio": -0.243162688,
    "totalOtherIncomeExpensesNet": -132400000,
    "incomeBeforeTax": -1013500000,
    "incomeBeforeTaxRatio": -0.2797019456,
    "incomeTaxExpense": -97700000,
    "netIncome": -915800000,
    "netIncomeRatio": -0.2527390644,
    "eps": -1.07,
    "epsdiluted": -1.07,
    "weightedAverageShsOut": 854400000,
    "weightedAverageShsOutDil": 854400000,
    "link": "https://www.sec.gov/Archives/edgar/data/1792044/000179204421000009/0001792044-21-000009-index.htm",
    "finalLink": "https://www.sec.gov/Archives/edgar/data/1792044/000179204421000009/vtrs-20201231.htm"
  },
  {
    "date": "2020-09-27",
    "symbol": "VTRS",
    "reportedCurrency": "USD",
    "cik": "0001792044",
    "fillingDate": "2020-11-10",
    "acceptedDate": "2020-11-10 17:07:37",
    "calendarYear": "2020",
    "period": "Q3",
    "revenue": 2972100000,
    "costOfRevenue": 1813600000,
    "grossProfit": 1158500000,
    "grossProfitRatio": 0.3897917298,
    "researchAndDevelopmentExpenses": 129800000,
    "generalAndAdministrativeExpenses": 0,
    "sellingAndMarketingExpenses": 0,
    "sellingGeneralAndAdministrativeExpenses": 658400000,
    "otherExpenses": 18900000,
    "operatingExpenses": 807100000,
    "costAndExpenses": 2620700000,
    "interestIncome": 0,
    "interestExpense": 117300000,
    "depreciationAndAmortization": 432300000,
    "ebitda": 791200000,
    "ebitdaratio": 0.2662090778,
    "operatingIncome": 351400000,
    "operatingIncomeRatio": 0.1182328993,
    "totalOtherIncomeExpensesNet": -109800000,
    "incomeBeforeTax": 241600000,
    "incomeBeforeTaxRatio": 0.081289324,
    "incomeTaxExpense": 55900000,
    "netIncome": 185700000,
    "netIncomeRatio": 0.062481074,
    "eps": 0.36,
    "epsdiluted": 0.36,
    "weightedAverageShsOut": 516900157,
    "weightedAverageShsOutDil": 517700000,
    "link": "https://www.sec.gov/Archives/edgar/data/1792044/000119312520290294/0001193125-20-290294-index.htm",
    "finalLink": "https://www.sec.gov/Archives/edgar/data/1792044/000119312520290294/d939086d10q.htm"
  },
  {
    "date": "2020-06-28",
    "symbol": "VTRS",
    "reportedCurrency": "USD",
    "cik": "0001792044",
    "fillingDate": "2020-08-12",
    "acceptedDate": "2020-08-11 21:40:16",
    "calendarYear": "2020",
    "period": "Q2",
    "revenue": 2731200000,
    "costOfRevenue": 1705500000,
    "grossProfit": 1025700000,
    "grossProfitRatio": 0.3755492091,
    "researchAndDevelopmentExpenses": 156300000,
    "generalAndAdministrativeExpenses": 0,
    "sellingAndMarketingExpenses": 0,
    "sellingGeneralAndAdministrativeExpenses": 719400000,
    "otherExpenses": 15800000,
    "operatingExpenses": 891500000,
    "costAndExpenses": 2597000000,
    "interestIncome": 0,
    "interestExpense": 116200000,
    "depreciationAndAmortization": 415700000,
    "ebitda": 551900000,
    "ebitdaratio": 0.2020723492,
    "operatingIncome": 134200000,
    "operatingIncomeRatio": 0.049135911,
    "totalOtherIncomeExpensesNet": -114200000,
    "incomeBeforeTax": 20000000,
    "incomeBeforeTaxRatio": 0.0073227885,
    "incomeTaxExpense": -19400000,
    "netIncome": 39400000,
    "netIncomeRatio": 0.0144258934,
    "eps": 0.0762,
    "epsdiluted": 0.0762,
    "weightedAverageShsOut": 516904346,
    "weightedAverageShsOutDil": 517200000,
    "link": "https://www.sec.gov/Archives/edgar/data/1792044/000119312520216755/0001193125-20-216755-index.htm",
    "finalLink": "https://www.sec.gov/Archives/edgar/data/1792044/000119312520216755/d48787d10q.htm"
  },
  {
    "date": "2020-03-29",
    "symbol": "VTRS",
    "reportedCurrency": "USD",
    "cik": "0001792044",
    "fillingDate": "2020-05-12",
    "acceptedDate": "2020-05-12 16:35:26",
    "calendarYear": "2020",
    "period": "Q1",
    "revenue": 2619200000,
    "costOfRevenue": 1713100000,
    "grossProfit": 906100000,
    "grossProfitRatio": 0.3459453268,
    "researchAndDevelopmentExpenses": 114200000,
    "generalAndAdministrativeExpenses": 0,
    "sellingAndMarketingExpenses": 0,
    "sellingGeneralAndAdministrativeExpenses": 605400000,
    "otherExpenses": 1800000,
    "operatingExpenses": 721400000,
    "costAndExpenses": 2434500000,
    "interestIncome": 0,
    "interestExpense": 119900000,
    "depreciationAndAmortization": 415000000,
    "ebitda": 565600000,
    "ebitdaratio": 0.2159437996,
    "operatingIncome": 184700000,
    "operatingIncomeRatio": 0.0705177153,
    "totalOtherIncomeExpensesNet": -154000000,
    "incomeBeforeTax": 30700000,
    "incomeBeforeTaxRatio": 0.0117211362,
    "incomeTaxExpense": 9900000,
    "netIncome": 20800000,
    "netIncomeRatio": 0.0079413561,
    "eps": 0.0403,
    "epsdiluted": 0.04,
    "weightedAverageShsOut": 517000000,
    "weightedAverageShsOutDil": 517000000,
    "link": "https://www.sec.gov/Archives/edgar/data/1792044/000119312520140498/0001193125-20-140498-index.htm",
    "finalLink": "https://www.sec.gov/Archives/edgar/data/1792044/000119312520140498/d792614d10q.htm"
  },
  {
    "date": "2019-12-31",
    "symbol": "VTRS",
    "reportedCurrency": "USD",
    "cik": "0001792044",
    "fillingDate": "2020-05-07",
    "acceptedDate": "2020-05-07 13:42:06",
    "calendarYear": "2019",
    "period": "Q4",
    "revenue": 3191800000,
    "costOfRevenue": 2104400000,
    "grossProfit": 1087400000,
    "grossProfitRatio": 0.3406855066,
    "researchAndDevelopmentExpenses": 151800000,
    "generalAndAdministrativeExpenses": 0,
    "sellingAndMarketingExpenses": 0,
    "sellingGeneralAndAdministrativeExpenses": 654400000,
    "otherExpenses": 8900000,
    "operatingExpenses": 815100000,
    "costAndExpenses": 2919500000,
    "interestIncome": 0,
    "interestExpense": 126000000,
    "depreciationAndAmortization": 547700000,
    "ebitda": 808900000,
    "ebitdaratio": 0.2534306661,
    "operatingIncome": 272300000,
    "operatingIncomeRatio": 0.0853123629,
    "totalOtherIncomeExpensesNet": -137100000,
    "incomeBeforeTax": 135200000,
    "incomeBeforeTaxRatio": 0.0423585438,
    "incomeTaxExpense": 114700000,
    "netIncome": 20500000,
    "netIncomeRatio": 0.0064227082,
    "eps": 0.0397,
    "epsdiluted": 0.0397,
    "weightedAverageShsOut": 516112789,
    "weightedAverageShsOutDil": 516600000,
    "link": "https://www.sec.gov/Archives/edgar/data/1792044/000119312520136001/0001193125-20-136001-index.htm",
    "finalLink": "https://www.sec.gov/Archives/edgar/data/1792044/000119312520136001/d792786d10k.htm"
  },
  {
    "date": "2019-09-29",
    "symbol": "VTRS",
    "reportedCurrency": "USD",
    "cik": "0001792044",
    "fillingDate": "2019-09-29",
    "acceptedDate": "2019-09-28 20:00:00",
    "calendarYear": "2019",
    "period": "Q3",
    "revenue": 2961700000,
    "costOfRevenue": 1889300000,
    "grossProfit": 1072400000,
    "grossProfitRatio": 0.3620893406,
    "researchAndDevelopmentExpenses": 167900000,
    "generalAndAdministrativeExpenses": 0,
    "sellingAndMarketingExpenses": 0,
    "sellingGeneralAndAdministrativeExpenses": 632700000,
    "otherExpenses": -51900000,
    "operatingExpenses": 748700000,
    "costAndExpenses": 2638000000,
    "interestIncome": 0,
    "interestExpense": 128900000,
    "depreciationAndAmortization": 469700000,
    "ebitda": 784400000,
    "ebitdaratio": 0.2648478914,
    "operatingIncome": 323700000,
    "operatingIncomeRatio": 0.1092953371,
    "totalOtherIncomeExpensesNet": -137900000,
    "incomeBeforeTax": 185800000,
    "incomeBeforeTaxRatio": 0.0627342405,
    "incomeTaxExpense": 4000000,
    "netIncome": 189800000,
    "netIncomeRatio": 0.0640848162,
    "eps": 0.37,
    "epsdiluted": 0.37,
    "weightedAverageShsOut": 516000641,
    "weightedAverageShsOutDil": 516200000,
    "link": null,
    "finalLink": null
  },
  {
    "date": "2019-06-29",
    "symbol": "VTRS",
    "reportedCurrency": "USD",
    "cik": "0001792044",
    "fillingDate": "2019-06-29",
    "acceptedDate": "2019-06-28 20:00:00",
    "calendarYear": "2019",
    "period": "Q2",
    "revenue": 2851500000,
    "costOfRevenue": 1918900000,
    "grossProfit": 932600000,
    "grossProfitRatio": 0.3270559355,
    "researchAndDevelopmentExpenses": 147600000,
    "generalAndAdministrativeExpenses": 0,
    "sellingAndMarketingExpenses": 0,
    "sellingGeneralAndAdministrativeExpenses": 668600000,
    "otherExpenses": 20900000,
    "operatingExpenses": 837100000,
    "costAndExpenses": 2756000000,
    "interestIncome": 0,
    "interestExpense": 131200000,
    "depreciationAndAmortization": 501400000,
    "ebitda": 580500000,
    "ebitdaratio": 0.2035770647,
    "operatingIncome": 95500000,
    "operatingIncomeRatio": 0.033491145,
    "totalOtherIncomeExpensesNet": -147600000,
    "incomeBeforeTax": -52100000,
    "incomeBeforeTaxRatio": -0.0182710854,
    "incomeTaxExpense": 116400000,
    "netIncome": -168500000,
    "netIncomeRatio": -0.0590917061,
    "eps": -0.33,
    "epsdiluted": -0.33,
    "weightedAverageShsOut": 510606060,
    "weightedAverageShsOutDil": 515500000,
    "link": null,
    "finalLink": null
  },
  {
    "date": "2019-03-30",
    "symbol": "VTRS",
    "reportedCurrency": "USD",
    "cik": "0001792044",
    "fillingDate": "2019-03-30",
    "acceptedDate": "2019-03-29 20:00:00",
    "calendarYear": "2019",
    "period": "Q1",
    "revenue": 2495500000,
    "costOfRevenue": 1690300000,
    "grossProfit": 805200000,
    "grossProfitRatio": 0.3226607894,
    "researchAndDevelopmentExpenses": 172600000,
    "generalAndAdministrativeExpenses": 0,
    "sellingAndMarketingExpenses": 0,
    "sellingGeneralAndAdministrativeExpenses": 607900000,
    "otherExpenses": 700000,
    "operatingExpenses": 781200000,
    "costAndExpenses": 2471500000,
    "interestIncome": 0,
    "interestExpense": 131200000,
    "depreciationAndAmortization": 500500000,
    "ebitda": 517200000,
    "ebitdaratio": 0.2072530555,
    "operatingIncome": 24000000,
    "operatingIncomeRatio": 0.0096173112,
    "totalOtherIncomeExpensesNet": -138500000,
    "incomeBeforeTax": -114500000,
    "incomeBeforeTaxRatio": -0.0458825887,
    "incomeTaxExpense": 89500000,
    "netIncome": -25000000,
    "netIncomeRatio": -0.0100180325,
    "eps": -0.05,
    "epsdiluted": -0.0485,
    "weightedAverageShsOut": 500000000,
    "weightedAverageShsOutDil": 515000000,
    "link": null,
    "finalLink": null
  },
  {
    "date": "2018-12-30",
    "symbol": "VTRS",
    "reportedCurrency": "USD",
    "cik": "0001792044",
    "fillingDate": "2018-12-30",
    "acceptedDate": "2018-12-29 19:00:00",
    "calendarYear": "2018",
    "period": "Q4",
    "revenue": 3078700000,
    "costOfRevenue": 2063100000,
    "grossProfit": 1015600000,
    "grossProfitRatio": 0.3298794946,
    "researchAndDevelopmentExpenses": 148800000,
    "generalAndAdministrativeExpenses": 0,
    "sellingAndMarketingExpenses": 0,
    "sellingGeneralAndAdministrativeExpenses": 632900000,
    "otherExpenses": 1100000,
    "operatingExpenses": 782800000,
    "costAndExpenses": 2845900000,
    "interestIncome": 0,
    "interestExpense": 135200000,
    "depreciationAndAmortization": 608900000,
    "ebitda": 821100000,
    "ebitdaratio": 0.2667034787,
    "operatingIncome": 232800000,
    "operatingIncomeRatio": 0.0756163316,
    "totalOtherIncomeExpensesNet": -155800000,
    "incomeBeforeTax": 77000000,
    "incomeBeforeTaxRatio": 0.0250105564,
    "incomeTaxExpense": 25800000,
    "netIncome": 51200000,
    "netIncomeRatio": 0.0166303959,
    "eps": 0.0995,
    "epsdiluted": 0.0995,
    "weightedAverageShsOut": 514603895,
    "weightedAverageShsOutDil": 516500000,
    "link": null,
    "finalLink": null
  },
  {
    "date": "2018-09-29",
    "symbol": "VTRS",
    "reportedCurrency": "USD",
    "cik": "0001792044",
    "fillingDate": "2018-09-29",
    "acceptedDate": "2018-09-28 20:00:00",
    "calendarYear": "2018",
    "period": "Q3",
    "revenue": 2862400000,
    "costOfRevenue": 1823200000,
    "grossProfit": 1039200000,
    "grossProfitRatio": 0.3630519843,
    "researchAndDevelopmentExpenses": 144100000,
    "generalAndAdministrativeExpenses": 0,
    "sellingAndMarketingExpenses": 0,
    "sellingGeneralAndAdministrativeExpenses": 577300000,
    "otherExpenses": -20400000,
    "operatingExpenses": 701000000,
    "costAndExpenses": 2524200000,
    "interestIncome": 0,
    "interestExpense": 136200000,
    "depreciationAndAmortization": 500600000,
    "ebitda": 829000000,
    "ebitdaratio": 0.2896171045,
    "operatingIncome": 338200000,
    "operatingIncomeRatio": 0.1181525992,
    "totalOtherIncomeExpensesNet": -146000000,
    "incomeBeforeTax": 192200000,
    "incomeBeforeTaxRatio": 0.0671464505,
    "incomeTaxExpense": 15500000,
    "netIncome": 176700000,
    "netIncomeRatio": 0.0617314142,
    "eps": 0.34,
    "epsdiluted": 0.34,
    "weightedAverageShsOut": 516500000,
    "weightedAverageShsOutDil": 516500000,
    "link": null,
    "finalLink": null
  },
  {
    "date": "2018-06-29",
    "symbol": "VTRS",
    "reportedCurrency": "USD",
    "cik": "0001792044",
    "fillingDate": "2018-06-29",
    "acceptedDate": "2018-06-28 20:00:00",
    "calendarYear": "2018",
    "period": "Q2",
    "revenue": 2808300000,
    "costOfRevenue": 1845800000,
    "grossProfit": 962500000,
    "grossProfitRatio": 0.3427340384,
    "researchAndDevelopmentExpenses": 206700000,
    "generalAndAdministrativeExpenses": 0,
    "sellingAndMarketingExpenses": 0,
    "sellingGeneralAndAdministrativeExpenses": 623300000,
    "otherExpenses": -46400000,
    "operatingExpenses": 783600000,
    "costAndExpenses": 2629400000,
    "interestIncome": 0,
    "interestExpense": 139200000,
    "depreciationAndAmortization": 501900000,
    "ebitda": 659800000,
    "ebitdaratio": 0.2349464089,
    "operatingIncome": 178900000,
    "operatingIncomeRatio": 0.0637040202,
    "totalOtherIncomeExpensesNet": -160200000,
    "incomeBeforeTax": 18700000,
    "incomeBeforeTaxRatio": 0.0066588327,
    "incomeTaxExpense": 18800000,
    "netIncome": 37500000,
    "netIncomeRatio": 0.0133532742,
    "eps": 0.0729,
    "epsdiluted": 0.07,
    "weightedAverageShsOut": 535714285,
    "weightedAverageShsOutDil": 516299999,
    "link": null,
    "finalLink": null
  },
  {
    "date": "2018-03-30",
    "symbol": "VTRS",
    "reportedCurrency": "USD",
    "cik": "0001792044",
    "fillingDate": "2018-03-30",
    "acceptedDate": "2018-03-29 20:00:00",
    "calendarYear": "2018",
    "period": "Q1",
    "revenue": 2684500000,
    "costOfRevenue": 1700200000,
    "grossProfit": 984300000,
    "grossProfitRatio": 0.3666604582,
    "researchAndDevelopmentExpenses": 204900000,
    "generalAndAdministrativeExpenses": 0,
    "sellingAndMarketingExpenses": 0,
    "sellingGeneralAndAdministrativeExpenses": 607500000,
    "otherExpenses": 16200000,
    "operatingExpenses": 828600000,
    "costAndExpenses": 2528800000,
    "interestIncome": 0,
    "interestExpense": 131700000,
    "depreciationAndAmortization": 498500000,
    "ebitda": 640700000,
    "ebitdaratio": 0.2386664183,
    "operatingIncome": 155700000,
    "operatingIncomeRatio": 0.0579996275,
    "totalOtherIncomeExpensesNet": -145200000,
    "incomeBeforeTax": 10500000,
    "incomeBeforeTaxRatio": 0.0039113429,
    "incomeTaxExpense": 76600000,
    "netIncome": 87100000,
    "netIncomeRatio": 0.0324455206,
    "eps": 0.17,
    "epsdiluted": 0.17,
    "weightedAverageShsOut": 514401469,
    "weightedAverageShsOutDil": 516799999,
    "link": null,
    "finalLink": null
  },
  {
    "date": "2017-12-30",
    "symbol": "VTRS",
    "reportedCurrency": "USD",
    "cik": "0001792044",
    "fillingDate": "2017-12-30",
    "acceptedDate": "2017-12-29 19:00:00",
    "calendarYear": "2017",
    "period": "Q4",
    "revenue": 3238900000,
    "costOfRevenue": 1944300000,
    "grossProfit": 1294600000,
    "grossProfitRatio": 0.3997036031,
    "researchAndDevelopmentExpenses": 202400000,
    "generalAndAdministrativeExpenses": 0,
    "sellingAndMarketingExpenses": 0,
    "sellingGeneralAndAdministrativeExpenses": 659000000,
    "otherExpenses": 12700000,
    "operatingExpenses": 874100000,
    "costAndExpenses": 2818400000,
    "interestIncome": 6200000,
    "interestExpense": 128300000,
    "depreciationAndAmortization": 526000000,
    "ebitda": 981400000,
    "ebitdaratio": 0.3030041063,
    "operatingIncome": 420500000,
    "operatingIncomeRatio": 0.129828028,
    "totalOtherIncomeExpensesNet": -93400000,
    "incomeBeforeTax": 327100000,
    "incomeBeforeTaxRatio": 0.1009910772,
    "incomeTaxExpense": 82800000,
    "netIncome": 244300000,
    "netIncomeRatio": 0.0754268424,
    "eps": 0.46,
    "epsdiluted": 0.46,
    "weightedAverageShsOut": 533300152,
    "weightedAverageShsOutDil": 535700000,
    "link": null,
    "finalLink": null
  },
  {
    "date": "2017-09-29",
    "symbol": "VTRS",
    "reportedCurrency": "USD",
    "cik": "0001792044",
    "fillingDate": "2017-09-29",
    "acceptedDate": "2017-09-28 20:00:00",
    "calendarYear": "2017",
    "period": "Q3",
    "revenue": 2987100000,
    "costOfRevenue": 1809000000,
    "grossProfit": 1178100000,
    "grossProfitRatio": 0.3943959024,
    "researchAndDevelopmentExpenses": 182300000,
    "generalAndAdministrativeExpenses": 0,
    "sellingAndMarketingExpenses": 0,
    "sellingGeneralAndAdministrativeExpenses": 664100000,
    "otherExpenses": 15200000,
    "operatingExpenses": 861600000,
    "costAndExpenses": 2670600000,
    "interestIncome": 0,
    "interestExpense": 131800000,
    "depreciationAndAmortization": 443100000,
    "ebitda": 754500000,
    "ebitdaratio": 0.2525861203,
    "operatingIncome": 316500000,
    "operatingIncomeRatio": 0.1059556091,
    "totalOtherIncomeExpensesNet": -136900000,
    "incomeBeforeTax": 179600000,
    "incomeBeforeTaxRatio": 0.060125205,
    "incomeTaxExpense": 91300000,
    "netIncome": 88300000,
    "netIncomeRatio": 0.0295604432,
    "eps": 0.16,
    "epsdiluted": 0.16,
    "weightedAverageShsOut": 551875000,
    "weightedAverageShsOutDil": 537000000,
    "link": null,
    "finalLink": null
  },
  {
    "date": "2017-06-29",
    "symbol": "VTRS",
    "reportedCurrency": "USD",
    "cik": "0001792044",
    "fillingDate": "2017-06-29",
    "acceptedDate": "2017-06-28 20:00:00",
    "calendarYear": "2017",
    "period": "Q2",
    "revenue": 2962200000,
    "costOfRevenue": 1736800000,
    "grossProfit": 1225400000,
    "grossProfitRatio": 0.4136790223,
    "researchAndDevelopmentExpenses": 181100000,
    "generalAndAdministrativeExpenses": 0,
    "sellingAndMarketingExpenses": 0,
    "sellingGeneralAndAdministrativeExpenses": 620500000,
    "otherExpenses": -50000000,
    "operatingExpenses": 751600000,
    "costAndExpenses": 2488400000,
    "interestIncome": 0,
    "interestExpense": 136300000,
    "depreciationAndAmortization": 421200000,
    "ebitda": 882200000,
    "ebitdaratio": 0.2978191884,
    "operatingIncome": 473800000,
    "operatingIncomeRatio": 0.1599486868,
    "totalOtherIncomeExpensesNet": -149100000,
    "incomeBeforeTax": 324700000,
    "incomeBeforeTaxRatio": 0.1096144757,
    "incomeTaxExpense": 27700000,
    "netIncome": 297000000,
    "netIncomeRatio": 0.1002633178,
    "eps": 0.56,
    "epsdiluted": 0.55,
    "weightedAverageShsOut": 537000000,
    "weightedAverageShsOutDil": 537000000,
    "link": null,
    "finalLink": null
  },
  {
    "date": "2017-03-30",
    "symbol": "VTRS",
    "reportedCurrency": "USD",
    "cik": "0001792044",
    "fillingDate": "2017-03-30",
    "acceptedDate": "2017-03-29 20:00:00",
    "calendarYear": "2017",
    "period": "Q1",
    "revenue": 2719500000,
    "costOfRevenue": 1634500000,
    "grossProfit": 1085000000,
    "grossProfitRatio": 0.398970399,
    "researchAndDevelopmentExpenses": 217500000,
    "generalAndAdministrativeExpenses": 0,
    "sellingAndMarketingExpenses": 0,
    "sellingGeneralAndAdministrativeExpenses": 630800000,
    "otherExpenses": 9000000,
    "operatingExpenses": 857300000,
    "costAndExpenses": 2491800000,
    "interestIncome": 0,
    "interestExpense": 138200000,
    "depreciationAndAmortization": 415500000,
    "ebitda": 625300000,
    "ebitdaratio": 0.2299319728,
    "operatingIncome": 227700000,
    "operatingIncomeRatio": 0.0837286266,
    "totalOtherIncomeExpensesNet": -156100000,
    "incomeBeforeTax": 71600000,
    "incomeBeforeTaxRatio": 0.0263283692,
    "incomeTaxExpense": 5200000,
    "netIncome": 66400000,
    "netIncomeRatio": 0.024416253,
    "eps": 0.12,
    "epsdiluted": 0.12,
    "weightedAverageShsOut": 553333333,
    "weightedAverageShsOutDil": 536900000,
    "link": null,
    "finalLink": null
  },
  {
    "date": "2016-12-30",
    "symbol": "VTRS",
    "reportedCurrency": "USD",
    "cik": "0001792044",
    "fillingDate": "2016-12-30",
    "acceptedDate": "2016-12-29 19:00:00",
    "calendarYear": "2016",
    "period": "Q4",
    "revenue": 3267800000,
    "costOfRevenue": 1932800000,
    "grossProfit": 1335000000,
    "grossProfitRatio": 0.4085317339,
    "researchAndDevelopmentExpenses": 194600000,
    "generalAndAdministrativeExpenses": 0,
    "sellingAndMarketingExpenses": 0,
    "sellingGeneralAndAdministrativeExpenses": 708500000,
    "otherExpenses": 116100000,
    "operatingExpenses": 1019200000,
    "costAndExpenses": 2952000000,
    "interestIncome": 12300000,
    "interestExpense": 149800000,
    "depreciationAndAmortization": 476600000,
    "ebitda": 851300000,
    "ebitdaratio": 0.2605116592,
    "operatingIncome": 315800000,
    "operatingIncomeRatio": 0.0966399412,
    "totalOtherIncomeExpensesNet": -90900000,
    "incomeBeforeTax": 224900000,
    "incomeBeforeTaxRatio": 0.0688230614,
    "incomeTaxExpense": 192600000,
    "netIncome": 417500000,
    "netIncomeRatio": 0.1277617969,
    "eps": 0.78,
    "epsdiluted": 0.78,
    "weightedAverageShsOut": 536500000,
    "weightedAverageShsOutDil": 536500000,
    "link": null,
    "finalLink": null
  },
  {
    "date": "2016-09-29",
    "symbol": "VTRS",
    "reportedCurrency": "USD",
    "cik": "0001792044",
    "fillingDate": "2016-09-29",
    "acceptedDate": "2016-09-28 20:00:00",
    "calendarYear": "2016",
    "period": "Q3",
    "revenue": 3057100000,
    "costOfRevenue": 1773800000,
    "grossProfit": 1283300000,
    "grossProfitRatio": 0.4197769128,
    "researchAndDevelopmentExpenses": 199100000,
    "generalAndAdministrativeExpenses": 0,
    "sellingAndMarketingExpenses": 0,
    "sellingGeneralAndAdministrativeExpenses": 656900000,
    "otherExpenses": 558000000,
    "operatingExpenses": 1414000000,
    "costAndExpenses": 3187800000,
    "interestIncome": 0,
    "interestExpense": 144400000,
    "depreciationAndAmortization": 445900000,
    "ebitda": 265000000,
    "ebitdaratio": 0.0866834582,
    "operatingIncome": -130700000,
    "operatingIncomeRatio": -0.0427529358,
    "totalOtherIncomeExpensesNet": -194600000,
    "incomeBeforeTax": -325300000,
    "incomeBeforeTaxRatio": -0.1064080338,
    "incomeTaxExpense": 205500000,
    "netIncome": -119800000,
    "netIncomeRatio": -0.0391874652,
    "eps": -0.23,
    "epsdiluted": -0.23,
    "weightedAverageShsOut": 520869565,
    "weightedAverageShsOutDil": 523600000,
    "link": null,
    "finalLink": null
  },
  {
    "date": "2016-06-29",
    "symbol": "VTRS",
    "reportedCurrency": "USD",
    "cik": "0001792044",
    "fillingDate": "2016-06-29",
    "acceptedDate": "2016-06-28 20:00:00",
    "calendarYear": "2016",
    "period": "Q2",
    "revenue": 2560700000,
    "costOfRevenue": 1389000000,
    "grossProfit": 1171700000,
    "grossProfitRatio": 0.4575701956,
    "researchAndDevelopmentExpenses": 179500000,
    "generalAndAdministrativeExpenses": 0,
    "sellingAndMarketingExpenses": 0,
    "sellingGeneralAndAdministrativeExpenses": 581400000,
    "otherExpenses": -100000,
    "operatingExpenses": 760800000,
    "costAndExpenses": 2149800000,
    "interestIncome": 0,
    "interestExpense": 90300000,
    "depreciationAndAmortization": 303400000,
    "ebitda": 596800000,
    "ebitdaratio": 0.2330612723,
    "operatingIncome": 410900000,
    "operatingIncomeRatio": 0.1604639356,
    "totalOtherIncomeExpensesNet": -207800000,
    "incomeBeforeTax": 203100000,
    "incomeBeforeTaxRatio": 0.07931425,
    "incomeTaxExpense": 34700000,
    "netIncome": 168400000,
    "netIncomeRatio": 0.0657632679,
    "eps": 0.33,
    "epsdiluted": 0.33,
    "weightedAverageShsOut": 509700000,
    "weightedAverageShsOutDil": 509700000,
    "link": null,
    "finalLink": null
  },
  {
    "date": "2016-03-30",
    "symbol": "VTRS",
    "reportedCurrency": "USD",
    "cik": "0001792044",
    "fillingDate": "2016-03-30",
    "acceptedDate": "2016-03-29 20:00:00",
    "calendarYear": "2016",
    "period": "Q1",
    "revenue": 2191300000,
    "costOfRevenue": 1284300000,
    "grossProfit": 907000000,
    "grossProfitRatio": 0.4139095514,
    "researchAndDevelopmentExpenses": 253600000,
    "generalAndAdministrativeExpenses": 0,
    "sellingAndMarketingExpenses": 0,
    "sellingGeneralAndAdministrativeExpenses": 549300000,
    "otherExpenses": -1500000,
    "operatingExpenses": 801400000,
    "costAndExpenses": 2085700000,
    "interestIncome": 0,
    "interestExpense": 70300000,
    "depreciationAndAmortization": 297100000,
    "ebitda": 386400000,
    "ebitdaratio": 0.1763336832,
    "operatingIncome": 105600000,
    "operatingIncomeRatio": 0.0481905718,
    "totalOtherIncomeExpensesNet": -86600000,
    "incomeBeforeTax": 19000000,
    "incomeBeforeTaxRatio": 0.0086706521,
    "incomeTaxExpense": 5100000,
    "netIncome": 13900000,
    "netIncomeRatio": 0.0063432666,
    "eps": 0.0284,
    "epsdiluted": 0.0273,
    "weightedAverageShsOut": 489816054,
    "weightedAverageShsOutDil": 509600000,
    "link": null,
    "finalLink": null
  },
  {
    "date": "2015-12-30",
    "symbol": "VTRS",
    "reportedCurrency": "USD",
    "cik": "0001792044",
    "fillingDate": "2015-12-30",
    "acceptedDate": "2015-12-29 19:00:00",
    "calendarYear": "2015",
    "period": "Q4",
    "revenue": 2490700000,
    "costOfRevenue": 1428100000,
    "grossProfit": 1062600000,
    "grossProfitRatio": 0.4266270526,
    "researchAndDevelopmentExpenses": 159000000,
    "generalAndAdministrativeExpenses": 0,
    "sellingAndMarketingExpenses": 0,
    "sellingGeneralAndAdministrativeExpenses": 596200000,
    "otherExpenses": -116500000,
    "operatingExpenses": 638700000,
    "costAndExpenses": 2066800000,
    "interestIncome": 0,
    "interestExpense": 70900000,
    "depreciationAndAmortization": 340700000,
    "ebitda": 629900000,
    "ebitdaratio": 0.2529007909,
    "operatingIncome": 423900000,
    "operatingIncomeRatio": 0.1701931184,
    "totalOtherIncomeExpensesNet": -205600000,
    "incomeBeforeTax": 218300000,
    "incomeBeforeTaxRatio": 0.0876460433,
    "incomeTaxExpense": 23700000,
    "netIncome": 194600000,
    "netIncomeRatio": 0.078130646,
    "eps": 0.38,
    "epsdiluted": 0.38,
    "weightedAverageShsOut": 509800000,
    "weightedAverageShsOutDil": 509800000,
    "link": null,
    "finalLink": null
  },
  {
    "date": "2015-09-29",
    "symbol": "VTRS",
    "reportedCurrency": "USD",
    "cik": "0001792044",
    "fillingDate": "2015-09-29",
    "acceptedDate": "2015-09-28 20:00:00",
    "calendarYear": "2015",
    "period": "Q3",
    "revenue": 2695200000,
    "costOfRevenue": 1379900000,
    "grossProfit": 1315300000,
    "grossProfitRatio": 0.4880157317,
    "researchAndDevelopmentExpenses": 174800000,
    "generalAndAdministrativeExpenses": 0,
    "sellingAndMarketingExpenses": 0,
    "sellingGeneralAndAdministrativeExpenses": 537100000,
    "otherExpenses": 2300000,
    "operatingExpenses": 714200000,
    "costAndExpenses": 2094100000,
    "interestIncome": 0,
    "interestExpense": 95100000,
    "depreciationAndAmortization": 257700000,
    "ebitda": 807900000,
    "ebitdaratio": 0.2997551202,
    "operatingIncome": 601100000,
    "operatingIncomeRatio": 0.2230261205,
    "totalOtherIncomeExpensesNet": -146000000,
    "incomeBeforeTax": 455100000,
    "incomeBeforeTaxRatio": 0.1688557435,
    "incomeTaxExpense": 26500000,
    "netIncome": 428600000,
    "netIncomeRatio": 0.1590234491,
    "eps": 0.83,
    "epsdiluted": 0.83,
    "weightedAverageShsOut": 514000000,
    "weightedAverageShsOutDil": 514000000,
    "link": null,
    "finalLink": null
  },
  {
    "date": "2015-06-29",
    "symbol": "VTRS",
    "reportedCurrency": "USD",
    "cik": "0001792044",
    "fillingDate": "2015-06-29",
    "acceptedDate": "2015-06-28 20:00:00",
    "calendarYear": "2015",
    "period": "Q2",
    "revenue": 2371700000,
    "costOfRevenue": 1363600000,
    "grossProfit": 1008100000,
    "grossProfitRatio": 0.4250537589,
    "researchAndDevelopmentExpenses": 168200000,
    "generalAndAdministrativeExpenses": 0,
    "sellingAndMarketingExpenses": 0,
    "sellingGeneralAndAdministrativeExpenses": 564200000,
    "otherExpenses": -900000,
    "operatingExpenses": 731500000,
    "costAndExpenses": 2095100000,
    "interestIncome": 0,
    "interestExpense": 93900000,
    "depreciationAndAmortization": 258700000,
    "ebitda": 533300000,
    "ebitdaratio": 0.2248598052,
    "operatingIncome": 276600000,
    "operatingIncomeRatio": 0.1166252055,
    "totalOtherIncomeExpensesNet": -95900000,
    "incomeBeforeTax": 180700000,
    "incomeBeforeTaxRatio": 0.0761900746,
    "incomeTaxExpense": 12800000,
    "netIncome": 167800000,
    "netIncomeRatio": 0.0707509381,
    "eps": 0.32,
    "epsdiluted": 0.32,
    "weightedAverageShsOut": 521900000,
    "weightedAverageShsOutDil": 521900000,
    "link": null,
    "finalLink": null
  },
  {
    "date": "2015-03-30",
    "symbol": "VTRS",
    "reportedCurrency": "USD",
    "cik": "0001792044",
    "fillingDate": "2015-03-30",
    "acceptedDate": "2015-03-29 20:00:00",
    "calendarYear": "2015",
    "period": "Q1",
    "revenue": 1871700000,
    "costOfRevenue": 1041600000,
    "grossProfit": 830100000,
    "grossProfitRatio": 0.443500561,
    "researchAndDevelopmentExpenses": 169900000,
    "generalAndAdministrativeExpenses": 0,
    "sellingAndMarketingExpenses": 0,
    "sellingGeneralAndAdministrativeExpenses": 483200000,
    "otherExpenses": 17700000,
    "operatingExpenses": 670800000,
    "costAndExpenses": 1712400000,
    "interestIncome": 0,
    "interestExpense": 79500000,
    "depreciationAndAmortization": 175000000,
    "ebitda": 315800000,
    "ebitdaratio": 0.1687236202,
    "operatingIncome": 159300000,
    "operatingIncomeRatio": 0.0851097932,
    "totalOtherIncomeExpensesNet": -98000000,
    "incomeBeforeTax": 61300000,
    "incomeBeforeTaxRatio": 0.032750975,
    "incomeTaxExpense": 4700000,
    "netIncome": 56600000,
    "netIncomeRatio": 0.0302398889,
    "eps": 0.13,
    "epsdiluted": 0.13,
    "weightedAverageShsOut": 435384615,
    "weightedAverageShsOutDil": 443800000,
    "link": null,
    "finalLink": null
  },
  {
    "date": "2014-12-30",
    "symbol": "VTRS",
    "reportedCurrency": "USD",
    "cik": "0001792044",
    "fillingDate": "2014-12-30",
    "acceptedDate": "2014-12-29 19:00:00",
    "calendarYear": "2014",
    "period": "Q4",
    "revenue": 2082700000,
    "costOfRevenue": 1113700000,
    "grossProfit": 969000000,
    "grossProfitRatio": 0.4652614395,
    "researchAndDevelopmentExpenses": 150200000,
    "generalAndAdministrativeExpenses": 0,
    "sellingAndMarketingExpenses": 0,
    "sellingGeneralAndAdministrativeExpenses": 425600000,
    "otherExpenses": 700000,
    "operatingExpenses": 576500000,
    "costAndExpenses": 1690200000,
    "interestIncome": 0,
    "interestExpense": 82000000,
    "depreciationAndAmortization": 168500000,
    "ebitda": 522900000,
    "ebitdaratio": 0.2510683248,
    "operatingIncome": 392500000,
    "operatingIncomeRatio": 0.188457291,
    "totalOtherIncomeExpensesNet": -120100000,
    "incomeBeforeTax": 272400000,
    "incomeBeforeTaxRatio": 0.1307917607,
    "incomeTaxExpense": 81900000,
    "netIncome": 189200000,
    "netIncomeRatio": 0.0908436165,
    "eps": 0.48,
    "epsdiluted": 0.47,
    "weightedAverageShsOut": 393295680,
    "weightedAverageShsOutDil": 400600000,
    "link": null,
    "finalLink": null
  },
  {
    "date": "2014-09-29",
    "symbol": "VTRS",
    "reportedCurrency": "USD",
    "cik": "0001792044",
    "fillingDate": "2014-09-29",
    "acceptedDate": "2014-09-28 20:00:00",
    "calendarYear": "2014",
    "period": "Q3",
    "revenue": 2084000000,
    "costOfRevenue": 1071600000,
    "grossProfit": 1012400000,
    "grossProfitRatio": 0.4857965451,
    "researchAndDevelopmentExpenses": 158200000,
    "generalAndAdministrativeExpenses": 0,
    "sellingAndMarketingExpenses": 0,
    "sellingGeneralAndAdministrativeExpenses": 418300000,
    "otherExpenses": -59100000,
    "operatingExpenses": 517400000,
    "costAndExpenses": 1589000000,
    "interestIncome": 0,
    "interestExpense": 83900000,
    "depreciationAndAmortization": 133700000,
    "ebitda": 630200000,
    "ebitdaratio": 0.3023992322,
    "operatingIncome": 495000000,
    "operatingIncomeRatio": 0.2375239923,
    "totalOtherIncomeExpensesNet": -82400000,
    "incomeBeforeTax": 412600000,
    "incomeBeforeTaxRatio": 0.1979846449,
    "incomeTaxExpense": 86800000,
    "netIncome": 499100000,
    "netIncomeRatio": 0.2394913628,
    "eps": 1.26,
    "epsdiluted": 1.26,
    "weightedAverageShsOut": 396111111,
    "weightedAverageShsOutDil": 397300000,
    "link": null,
    "finalLink": null
  },
  {
    "date": "2014-06-29",
    "symbol": "VTRS",
    "reportedCurrency": "USD",
    "cik": "0001792044",
    "fillingDate": "2014-06-29",
    "acceptedDate": "2014-06-28 20:00:00",
    "calendarYear": "2014",
    "period": "Q2",
    "revenue": 1837300000,
    "costOfRevenue": 1028500000,
    "grossProfit": 808800000,
    "grossProfitRatio": 0.4402111794,
    "researchAndDevelopmentExpenses": 155400000,
    "generalAndAdministrativeExpenses": 0,
    "sellingAndMarketingExpenses": 0,
    "sellingGeneralAndAdministrativeExpenses": 404100000,
    "otherExpenses": 23200000,
    "operatingExpenses": 582700000,
    "costAndExpenses": 1611200000,
    "interestIncome": 0,
    "interestExpense": 84600000,
    "depreciationAndAmortization": 129200000,
    "ebitda": 351600000,
    "ebitdaratio": 0.1913677679,
    "operatingIncome": 226100000,
    "operatingIncomeRatio": 0.1230610134,
    "totalOtherIncomeExpensesNet": -88300000,
    "incomeBeforeTax": 137800000,
    "incomeBeforeTaxRatio": 0.0750013607,
    "incomeTaxExpense": 11200000,
    "netIncome": 125200000,
    "netIncomeRatio": 0.0681434714,
    "eps": 0.32,
    "epsdiluted": 0.32,
    "weightedAverageShsOut": 391250000,
    "weightedAverageShsOutDil": 397400000,
    "link": null,
    "finalLink": null
  },
  {
    "date": "2014-03-30",
    "symbol": "VTRS",
    "reportedCurrency": "USD",
    "cik": "0001792044",
    "fillingDate": "2014-03-30",
    "acceptedDate": "2014-03-29 20:00:00",
    "calendarYear": "2014",
    "period": "Q1",
    "revenue": 1715600000,
    "costOfRevenue": 977800000,
    "grossProfit": 737800000,
    "grossProfitRatio": 0.4300536256,
    "researchAndDevelopmentExpenses": 118000000,
    "generalAndAdministrativeExpenses": 0,
    "sellingAndMarketingExpenses": 0,
    "sellingGeneralAndAdministrativeExpenses": 377700000,
    "otherExpenses": 3100000,
    "operatingExpenses": 498800000,
    "costAndExpenses": 1476600000,
    "interestIncome": 0,
    "interestExpense": 82700000,
    "depreciationAndAmortization": 135200000,
    "ebitda": 369600000,
    "ebitdaratio": 0.2154348333,
    "operatingIncome": 239000000,
    "operatingIncomeRatio": 0.1393098624,
    "totalOtherIncomeExpensesNet": -87300000,
    "incomeBeforeTax": 151700000,
    "incomeBeforeTaxRatio": 0.088423875,
    "incomeTaxExpense": 35100000,
    "netIncome": 115900000,
    "netIncomeRatio": 0.06755654,
    "eps": 0.29,
    "epsdiluted": 0.29,
    "weightedAverageShsOut": 396700000,
    "weightedAverageShsOutDil": 396700000,
    "link": null,
    "finalLink": null
  },
  {
    "date": "2013-12-30",
    "symbol": "VTRS",
    "reportedCurrency": "USD",
    "cik": "0001792044",
    "fillingDate": "2013-12-30",
    "acceptedDate": "2013-12-29 19:00:00",
    "calendarYear": "2013",
    "period": "Q4",
    "revenue": 1808526000,
    "costOfRevenue": 1012575000,
    "grossProfit": 795951000,
    "grossProfitRatio": 0.440110344,
    "researchAndDevelopmentExpenses": 155909000,
    "generalAndAdministrativeExpenses": 0,
    "sellingAndMarketingExpenses": 0,
    "sellingGeneralAndAdministrativeExpenses": 380005000,
    "otherExpenses": -13211000,
    "operatingExpenses": 522703000,
    "costAndExpenses": 1535278000,
    "interestIncome": 0,
    "interestExpense": 79592000,
    "depreciationAndAmortization": 142126000,
    "ebitda": 414911000,
    "ebitdaratio": 0.2294194278,
    "operatingIncome": 273248000,
    "operatingIncomeRatio": 0.1510887872,
    "totalOtherIncomeExpensesNet": -80055000,
    "incomeBeforeTax": 193100000,
    "incomeBeforeTaxRatio": 0.1067720342,
    "incomeTaxExpense": 12200000,
    "netIncome": 180200000,
    "netIncomeRatio": 0.0996391537,
    "eps": 0.45,
    "epsdiluted": 0.45,
    "weightedAverageShsOut": 396200000,
    "weightedAverageShsOutDil": 396200000,
    "link": null,
    "finalLink": null
  },
  {
    "date": "2013-09-29",
    "symbol": "VTRS",
    "reportedCurrency": "USD",
    "cik": "0001792044",
    "fillingDate": "2013-09-29",
    "acceptedDate": "2013-09-28 20:00:00",
    "calendarYear": "2013",
    "period": "Q3",
    "revenue": 1767400000,
    "costOfRevenue": 958900000,
    "grossProfit": 808500000,
    "grossProfitRatio": 0.4574516239,
    "researchAndDevelopmentExpenses": 114000000,
    "generalAndAdministrativeExpenses": 0,
    "sellingAndMarketingExpenses": 0,
    "sellingGeneralAndAdministrativeExpenses": 349800000,
    "otherExpenses": 4900000,
    "operatingExpenses": 468700000,
    "costAndExpenses": 1427600000,
    "interestIncome": 0,
    "interestExpense": 73900000,
    "depreciationAndAmortization": 126900000,
    "ebitda": 396100000,
    "ebitdaratio": 0.2241145185,
    "operatingIncome": 339800000,
    "operatingIncomeRatio": 0.1922598167,
    "totalOtherIncomeExpensesNet": -144500000,
    "incomeBeforeTax": 195300000,
    "incomeBeforeTaxRatio": 0.1105013013,
    "incomeTaxExpense": 35900000,
    "netIncome": 158900000,
    "netIncomeRatio": 0.0899060767,
    "eps": 0.4,
    "epsdiluted": 0.4,
    "weightedAverageShsOut": 395500000,
    "weightedAverageShsOutDil": 395500000,
    "link": null,
    "finalLink": null
  }
]