[
  {
    "date": "2024-12-31",
    "symbol": "VTRS",
    "reportedCurrency": "USD",
    "cik": "0001792044",
    "fillingDate": "2025-02-27",
    "acceptedDate": "2025-02-27 16:07:14",
    "calendarYear": "2024",
    "period": "FY",
    "revenue": 14739300000,
    "costOfRevenue": 9115700000,
    "grossProfit": 5623600000,
    "grossProfitRatio": 0.3815377935,
    "researchAndDevelopmentExpenses": 808700000,
    "generalAndAdministrativeExpenses": 0,
    "sellingAndMarketingExpenses": 0,
    "sellingGeneralAndAdministrativeExpenses": 4425600000,
    "otherExpenses": 379200000,
    "operatingExpenses": 5613500000,
    "costAndExpenses": 14729200000,
    "interestIncome": 0,
    "interestExpense": 550000000,
    "depreciationAndAmortization": 2893200000,
    "ebitda": 2820000000,
    "ebitdaratio": 0.1913252325,
    "operatingIncome": 10100000,
    "operatingIncomeRatio": 0.0006852429,
    "totalOtherIncomeExpensesNet": -633300000,
    "incomeBeforeTax": -623200000,
    "incomeBeforeTaxRatio": -0.0422815195,
    "incomeTaxExpense": 11000000,
    "netIncome": -634200000,
    "netIncomeRatio": -0.0430278236,
    "eps": -0.53,
    "epsdiluted": -0.53,
    "weightedAverageShsOut": 1193300000,
    "weightedAverageShsOutDil": 1193300000,
    "link": "https://www.sec.gov/Archives/edgar/data/1792044/000179204425000008/0001792044-25-000008-index.htm",
    "finalLink": "https://www.sec.gov/Archives/edgar/data/1792044/000179204425000008/vtrs-20241231.htm"
  },
  {
    "date": "2023-12-31",
    "symbol": "VTRS",
    "reportedCurrency": "USD",
    "cik": "0001792044",
    "fillingDate": "2024-02-28",
    "acceptedDate": "2024-02-28 16:15:49",
    "calendarYear": "2023",
    "period": "FY",
    "revenue": 15426900000,
    "costOfRevenue": 8988300000,
    "grossProfit": 6438600000,
    "grossProfitRatio": 0.4173618809,
    "researchAndDevelopmentExpenses": 805200000,
    "generalAndAdministrativeExpenses": 0,
    "sellingAndMarketingExpenses": 0,
    "sellingGeneralAndAdministrativeExpenses": 4650100000,
    "otherExpenses": 217100000,
    "operatingExpenses": 5672400000,
    "costAndExpenses": 14660700000,
    "interestIncome": 0,
    "interestExpense": 573100000,
    "depreciationAndAmortization": 2740500000,
    "ebitda": 3516500000,
    "ebitdaratio": 0.2279459904,
    "operatingIncome": 766200000,
    "operatingIncomeRatio": 0.0496664916,
    "totalOtherIncomeExpensesNet": -563300000,
    "incomeBeforeTax": 202900000,
    "incomeBeforeTaxRatio": 0.0131523508,
    "incomeTaxExpense": 148200000,
    "netIncome": 54700000,
    "netIncomeRatio": 0.0035457545,
    "eps": 0.0456,
    "epsdiluted": 0.0453,
    "weightedAverageShsOut": 1200300000,
    "weightedAverageShsOutDil": 1206900000,
    "link": "https://www.sec.gov/Archives/edgar/data/1792044/000179204424000008/0001792044-24-000008-index.htm",
    "finalLink": "https://www.sec.gov/Archives/edgar/data/1792044/000179204424000008/vtrs-20231231.htm"
  },
  {
    "date": "2022-12-31",
    "symbol": "VTRS",
    "reportedCurrency": "USD",
    "cik": "0001792044",
    "fillingDate": "2023-02-27",
    "acceptedDate": "2023-02-27 16:06:58",
    "calendarYear": "2022",
    "period": "FY",
    "revenue": 16262700000,
    "costOfRevenue": 9765700000,
    "grossProfit": 6497000000,
    "grossProfitRatio": 0.3995031575,
    "researchAndDevelopmentExpenses": 662200000,
    "generalAndAdministrativeExpenses": 0,
    "sellingAndMarketingExpenses": 0,
    "sellingGeneralAndAdministrativeExpenses": 4179100000,
    "otherExpenses": 40800000,
    "operatingExpenses": 4882100000,
    "costAndExpenses": 14647800000,
    "interestIncome": 0,
    "interestExpense": 592400000,
    "depreciationAndAmortization": 3027600000,
    "ebitda": 6433200000,
    "ebitdaratio": 0.3955800697,
    "operatingIncome": 1614900000,
    "operatingIncomeRatio": 0.0993008541,
    "totalOtherIncomeExpensesNet": 1198300000,
    "incomeBeforeTax": 2813200000,
    "incomeBeforeTaxRatio": 0.1729848057,
    "incomeTaxExpense": 734600000,
    "netIncome": 2078600000,
    "netIncomeRatio": 0.1278139546,
    "eps": 1.71,
    "epsdiluted": 1.71,
    "weightedAverageShsOut": 1212100000,
    "weightedAverageShsOutDil": 1217400000,
    "link": "https://www.sec.gov/Archives/edgar/data/1792044/000179204423000008/0001792044-23-000008-index.htm",
    "finalLink": "https://www.sec.gov/Archives/edgar/data/1792044/000179204423000008/vtrs-20221231.htm"
  },
  {
    "date": "2021-12-31",
    "symbol": "VTRS",
    "reportedCurrency": "USD",
    "cik": "0001792044",
    "fillingDate": "2022-02-28",
    "acceptedDate": "2022-02-28 16:10:26",
    "calendarYear": "2021",
    "period": "FY",
    "revenue": 17886300000,
    "costOfRevenue": 12310800000,
    "grossProfit": 5575500000,
    "grossProfitRatio": 0.3117190252,
    "researchAndDevelopmentExpenses": 681000000,
    "generalAndAdministrativeExpenses": 0,
    "sellingAndMarketingExpenses": 0,
    "sellingGeneralAndAdministrativeExpenses": 4529200000,
    "otherExpenses": 399300000,
    "operatingExpenses": 5609500000,
    "costAndExpenses": 17920300000,
    "interestIncome": 0,
    "interestExpense": 636200000,
    "depreciationAndAmortization": 4506500000,
    "ebitda": 4478300000,
    "ebitdaratio": 0.2503759861,
    "operatingIncome": -34000000,
    "operatingIncomeRatio": -0.0019008962,
    "totalOtherIncomeExpensesNet": -630400000,
    "incomeBeforeTax": -664400000,
    "incomeBeforeTaxRatio": -0.0371457484,
    "incomeTaxExpense": 604700000,
    "netIncome": -1269100000,
    "netIncomeRatio": -0.0709537467,
    "eps": -1.05,
    "epsdiluted": -1.05,
    "weightedAverageShsOut": 1208800000,
    "weightedAverageShsOutDil": 1208800000,
    "link": "https://www.sec.gov/Archives/edgar/data/1792044/000179204422000010/0001792044-22-000010-index.htm",
    "finalLink": "https://www.sec.gov/Archives/edgar/data/1792044/000179204422000010/vtrs-20211231.htm"
  },
  {
    "date": "2020-12-31",
    "symbol": "VTRS",
    "reportedCurrency": "USD",
    "cik": "0001792044",
    "fillingDate": "2021-03-01",
    "acceptedDate": "2021-03-01 17:31:58",
    "calendarYear": "2020",
    "period": "FY",
    "revenue": 11946000000,
    "costOfRevenue": 8149300000,
    "grossProfit": 3796700000,
    "grossProfitRatio": 0.3178218651,
    "researchAndDevelopmentExpenses": 512600000,
    "generalAndAdministrativeExpenses": 0,
    "sellingAndMarketingExpenses": 0,
    "sellingGeneralAndAdministrativeExpenses": 3344600000,
    "otherExpenses": 150300000,
    "operatingExpenses": 4007500000,
    "costAndExpenses": 12156800000,
    "interestIncome": 0,
    "interestExpense": 497800000,
    "depreciationAndAmortization": 2216100000,
    "ebitda": 1992700000,
    "ebitdaratio": 0.1668089737,
    "operatingIncome": -210800000,
    "operatingIncomeRatio": -0.017646074,
    "totalOtherIncomeExpensesNet": -510400000,
    "incomeBeforeTax": -721200000,
    "incomeBeforeTaxRatio": -0.0603716725,
    "incomeTaxExpense": -51300000,
    "netIncome": -669900000,
    "netIncomeRatio": -0.0560773481,
    "eps": -1.11,
    "epsdiluted": -1.11,
    "weightedAverageShsOut": 601200000,
    "weightedAverageShsOutDil": 601200000,
    "link": "https://www.sec.gov/Archives/edgar/data/1792044/000179204421000009/0001792044-21-000009-index.htm",
    "finalLink": "https://www.sec.gov/Archives/edgar/data/1792044/000179204421000009/vtrs-20201231.htm"
  },
  {
    "date": "2019-12-31",
    "symbol": "VTRS",
    "reportedCurrency": "USD",
    "cik": "0001792044",
    "fillingDate": "2020-05-07",
    "acceptedDate": "2020-05-07 13:42:06",
    "calendarYear": "2019",
    "period": "FY",
    "revenue": 11500500000,
    "costOfRevenue": 7602900000,
    "grossProfit": 3897600000,
    "grossProfitRatio": 0.338907004,
    "researchAndDevelopmentExpenses": 639900000,
    "generalAndAdministrativeExpenses": 0,
    "sellingAndMarketingExpenses": 0,
    "sellingGeneralAndAdministrativeExpenses": 2563600000,
    "otherExpenses": -21400000,
    "operatingExpenses": 3182100000,
    "costAndExpenses": 10785000000,
    "interestIncome": 0,
    "interestExpense": 517300000,
    "depreciationAndAmortization": 2019300000,
    "ebitda": 2691000000,
    "ebitdaratio": 0.2339898265,
    "operatingIncome": 715500000,
    "operatingIncomeRatio": 0.0622146863,
    "totalOtherIncomeExpensesNet": -561100000,
    "incomeBeforeTax": 154400000,
    "incomeBeforeTaxRatio": 0.0134255032,
    "incomeTaxExpense": 137600000,
    "netIncome": 16800000,
    "netIncomeRatio": 0.0014608061,
    "eps": 0.0326,
    "epsdiluted": 0.03,
    "weightedAverageShsOut": 560000000,
    "weightedAverageShsOutDil": 516500000,
    "link": "https://www.sec.gov/Archives/edgar/data/1792044/000119312520136001/0001193125-20-136001-index.htm",
    "finalLink": "https://www.sec.gov/Archives/edgar/data/1792044/000119312520136001/d792786d10k.htm"
  },
  {
    "date": "2018-12-30",
    "symbol": "VTRS",
    "reportedCurrency": "USD",
    "cik": "0001792044",
    "fillingDate": "2018-12-30",
    "acceptedDate": "2018-12-29 19:00:00",
    "calendarYear": "2018",
    "period": "FY",
    "revenue": 11433900000,
    "costOfRevenue": 7432300000,
    "grossProfit": 4001600000,
    "grossProfitRatio": 0.3499768233,
    "researchAndDevelopmentExpenses": 704500000,
    "generalAndAdministrativeExpenses": 0,
    "sellingAndMarketingExpenses": 0,
    "sellingGeneralAndAdministrativeExpenses": 2441000000,
    "otherExpenses": -49500000,
    "operatingExpenses": 3096000000,
    "costAndExpenses": 10528300000,
    "interestIncome": 0,
    "interestExpense": 542300000,
    "depreciationAndAmortization": 2109900000,
    "ebitda": 2950600000,
    "ebitdaratio": 0.2580571808,
    "operatingIncome": 905600000,
    "operatingIncomeRatio": 0.0792030716,
    "totalOtherIncomeExpensesNet": -607200000,
    "incomeBeforeTax": 298400000,
    "incomeBeforeTaxRatio": 0.0260978319,
    "incomeTaxExpense": 54100000,
    "netIncome": 352500000,
    "netIncomeRatio": 0.0308293758,
    "eps": 0.69,
    "epsdiluted": 0.68,
    "weightedAverageShsOut": 516500000,
    "weightedAverageShsOutDil": 516500000,
    "link": null,
    "finalLink": null
  },
  {
    "date": "2017-12-30",
    "symbol": "VTRS",
    "reportedCurrency": "USD",
    "cik": "0001792044",
    "fillingDate": "2017-12-30",
    "acceptedDate": "2017-12-29 19:00:00",
    "calendarYear": "2017",
    "period": "FY",
    "revenue": 11907700000,
    "costOfRevenue": 7124600000,
    "grossProfit": 4783100000,
    "grossProfitRatio": 0.4016812651,
    "researchAndDevelopmentExpenses": 783300000,
    "generalAndAdministrativeExpenses": 0,
    "sellingAndMarketingExpenses": 0,
    "sellingGeneralAndAdministrativeExpenses": 2575700000,
    "otherExpenses": -13100000,
    "operatingExpenses": 3345900000,
    "costAndExpenses": 10470500000,
    "interestIncome": 0,
    "interestExpense": 534600000,
    "depreciationAndAmortization": 1805800000,
    "ebitda": 3243400000,
    "ebitdaratio": 0.272378377,
    "operatingIncome": 1437200000,
    "operatingIncomeRatio": 0.1206950125,
    "totalOtherIncomeExpensesNet": -534200000,
    "incomeBeforeTax": 903000000,
    "incomeBeforeTaxRatio": 0.0758332843,
    "incomeTaxExpense": 207000000,
    "netIncome": 696000000,
    "netIncomeRatio": 0.0584495746,
    "eps": 1.3,
    "epsdiluted": 1.3,
    "weightedAverageShsOut": 535384615,
    "weightedAverageShsOutDil": 536700000,
    "link": null,
    "finalLink": null
  },
  {
    "date": "2016-12-30",
    "symbol": "VTRS",
    "reportedCurrency": "USD",
    "cik": "0001792044",
    "fillingDate": "2016-12-30",
    "acceptedDate": "2016-12-29 19:00:00",
    "calendarYear": "2016",
    "period": "FY",
    "revenue": 11076900000,
    "costOfRevenue": 6379900000,
    "grossProfit": 4697000000,
    "grossProfitRatio": 0.4240356056,
    "researchAndDevelopmentExpenses": 826800000,
    "generalAndAdministrativeExpenses": 0,
    "sellingAndMarketingExpenses": 0,
    "sellingGeneralAndAdministrativeExpenses": 2498500000,
    "otherExpenses": 672500000,
    "operatingExpenses": 3997800000,
    "costAndExpenses": 10377700000,
    "interestIncome": 12300000,
    "interestExpense": 454800000,
    "depreciationAndAmortization": 1523000000,
    "ebitda": 2099500000,
    "ebitdaratio": 0.1895385893,
    "operatingIncome": 699200000,
    "operatingIncomeRatio": 0.0631223537,
    "totalOtherIncomeExpensesNet": -577500000,
    "incomeBeforeTax": 121700000,
    "incomeBeforeTaxRatio": 0.0109868284,
    "incomeTaxExpense": 358300000,
    "netIncome": 480000000,
    "netIncomeRatio": 0.0433334236,
    "eps": 0.94,
    "epsdiluted": 0.92,
    "weightedAverageShsOut": 520500000,
    "weightedAverageShsOutDil": 520500000,
    "link": null,
    "finalLink": null
  },
  {
    "date": "2015-12-30",
    "symbol": "VTRS",
    "reportedCurrency": "USD",
    "cik": "0001792044",
    "fillingDate": "2015-12-30",
    "acceptedDate": "2015-12-29 19:00:00",
    "calendarYear": "2015",
    "period": "FY",
    "revenue": 9429300000,
    "costOfRevenue": 5213200000,
    "grossProfit": 4216100000,
    "grossProfitRatio": 0.4471275704,
    "researchAndDevelopmentExpenses": 671900000,
    "generalAndAdministrativeExpenses": 0,
    "sellingAndMarketingExpenses": 0,
    "sellingGeneralAndAdministrativeExpenses": 2180700000,
    "otherExpenses": -97400000,
    "operatingExpenses": 2755200000,
    "costAndExpenses": 7968400000,
    "interestIncome": 0,
    "interestExpense": 336400000,
    "depreciationAndAmortization": 1032100000,
    "ebitda": 2286900000,
    "ebitdaratio": 0.2425312589,
    "operatingIncome": 1460900000,
    "operatingIncomeRatio": 0.1549319674,
    "totalOtherIncomeExpensesNet": -545500000,
    "incomeBeforeTax": 915400000,
    "incomeBeforeTaxRatio": 0.0970803771,
    "incomeTaxExpense": 67700000,
    "netIncome": 847600000,
    "netIncomeRatio": 0.0898900236,
    "eps": 1.8,
    "epsdiluted": 1.7,
    "weightedAverageShsOut": 497400000,
    "weightedAverageShsOutDil": 497400000,
    "link": null,
    "finalLink": null
  },
  {
    "date": "2014-12-30",
    "symbol": "VTRS",
    "reportedCurrency": "USD",
    "cik": "0001792044",
    "fillingDate": "2014-12-30",
    "acceptedDate": "2014-12-29 19:00:00",
    "calendarYear": "2014",
    "period": "FY",
    "revenue": 7719600000,
    "costOfRevenue": 4191600000,
    "grossProfit": 3528000000,
    "grossProfitRatio": 0.4570184984,
    "researchAndDevelopmentExpenses": 581800000,
    "generalAndAdministrativeExpenses": 0,
    "sellingAndMarketingExpenses": 0,
    "sellingGeneralAndAdministrativeExpenses": 1625700000,
    "otherExpenses": -32100000,
    "operatingExpenses": 2175400000,
    "costAndExpenses": 6367000000,
    "interestIncome": 0,
    "interestExpense": 333200000,
    "depreciationAndAmortization": 566600000,
    "ebitda": 1874300000,
    "ebitdaratio": 0.2427975543,
    "operatingIncome": 1352600000,
    "operatingIncomeRatio": 0.1752163325,
    "totalOtherIncomeExpensesNet": -378100000,
    "incomeBeforeTax": 974500000,
    "incomeBeforeTaxRatio": 0.1262371107,
    "incomeTaxExpense": 41400000,
    "netIncome": 929400000,
    "netIncomeRatio": 0.1203948391,
    "eps": 2.49,
    "epsdiluted": 2.34,
    "weightedAverageShsOut": 397179487,
    "weightedAverageShsOutDil": 398000000,
    "link": null,
    "finalLink": null
  },
  {
    "date": "2013-12-30",
    "symbol": "VTRS",
    "reportedCurrency": "USD",
    "cik": "0001792044",
    "fillingDate": "2013-12-30",
    "acceptedDate": "2013-12-29 19:00:00",
    "calendarYear": "2013",
    "period": "FY",
    "revenue": 6909100000,
    "costOfRevenue": 3868800000,
    "grossProfit": 3040300000,
    "grossProfitRatio": 0.440042842,
    "researchAndDevelopmentExpenses": 507800000,
    "generalAndAdministrativeExpenses": 0,
    "sellingAndMarketingExpenses": 0,
    "sellingGeneralAndAdministrativeExpenses": 1408500000,
    "otherExpenses": -11500000,
    "operatingExpenses": 1904800000,
    "costAndExpenses": 5773600000,
    "interestIncome": 0,
    "interestExpense": 313300000,
    "depreciationAndAmortization": 516000000,
    "ebitda": 1576600000,
    "ebitdaratio": 0.228191805,
    "operatingIncome": 1135500000,
    "operatingIncomeRatio": 0.164348468,
    "totalOtherIncomeExpensesNet": -388200000,
    "incomeBeforeTax": 747300000,
    "incomeBeforeTaxRatio": 0.1081616998,
    "incomeTaxExpense": 120800000,
    "netIncome": 623700000,
    "netIncomeRatio": 0.0902722496,
    "eps": 1.63,
    "epsdiluted": 1.58,
    "weightedAverageShsOut": 394500000,
    "weightedAverageShsOutDil": 394500000,
    "link": null,
    "finalLink": null
  },
  {
    "date": "2012-12-31",
    "symbol": "VTRS",
    "reportedCurrency": "USD",
    "cik": "0001792044",
    "fillingDate": "2012-12-31",
    "acceptedDate": "2012-12-29 19:00:00",
    "calendarYear": "2012",
    "period": "FY",
    "revenue": 6796100000,
    "costOfRevenue": 3887800000,
    "grossProfit": 2908300000,
    "grossProfitRatio": 0.4279366107,
    "researchAndDevelopmentExpenses": 401300000,
    "generalAndAdministrativeExpenses": 0,
    "sellingAndMarketingExpenses": 0,
    "sellingGeneralAndAdministrativeExpenses": 1392400000,
    "otherExpenses": 5200000,
    "operatingExpenses": 1798900000,
    "costAndExpenses": 5686700000,
    "interestIncome": 0,
    "interestExpense": 319002000,
    "depreciationAndAmortization": 546600000,
    "ebitda": 1659500000,
    "ebitdaratio": 0.2441841644,
    "operatingIncome": 1109400000,
    "operatingIncomeRatio": 0.1632406822,
    "totalOtherIncomeExpensesNet": -305200000,
    "incomeBeforeTax": 804079000,
    "incomeBeforeTaxRatio": 0.1183147688,
    "incomeTaxExpense": 161145000,
    "netIncome": 640850000,
    "netIncomeRatio": 0.094296729,
    "eps": 1.54,
    "epsdiluted": 1.52,
    "weightedAverageShsOut": 415210000,
    "weightedAverageShsOutDil": 420236000,
    "link": null,
    "finalLink": null
  },
  {
    "date": "2011-12-31",
    "symbol": "VTRS",
    "reportedCurrency": "USD",
    "cik": "0001792044",
    "fillingDate": "2011-12-31",
    "acceptedDate": "2011-12-29 19:00:00",
    "calendarYear": "2011",
    "period": "FY",
    "revenue": 6129825000,
    "costOfRevenue": 3566461000,
    "grossProfit": 2563364000,
    "grossProfitRatio": 0.4181789855,
    "researchAndDevelopmentExpenses": 294728000,
    "generalAndAdministrativeExpenses": 0,
    "sellingAndMarketingExpenses": 0,
    "sellingGeneralAndAdministrativeExpenses": 1214631000,
    "otherExpenses": 48556000,
    "operatingExpenses": 1557915000,
    "costAndExpenses": 5124376000,
    "interestIncome": 0,
    "interestExpense": 333100000,
    "depreciationAndAmortization": 510688000,
    "ebitda": 1501268000,
    "ebitdaratio": 0.2449120489,
    "operatingIncome": 1005449000,
    "operatingIncomeRatio": 0.1640257267,
    "totalOtherIncomeExpensesNet": -350813000,
    "incomeBeforeTax": 654636000,
    "incomeBeforeTaxRatio": 0.1067952185,
    "incomeTaxExpense": 115833000,
    "netIncome": 536810000,
    "netIncomeRatio": 0.0875734625,
    "eps": 1.25,
    "epsdiluted": 1.22,
    "weightedAverageShsOut": 430839000,
    "weightedAverageShsOutDil": 438785000,
    "link": null,
    "finalLink": null
  },
  {
    "date": "2010-12-31",
    "symbol": "VTRS",
    "reportedCurrency": "USD",
    "cik": "0001792044",
    "fillingDate": "2010-12-31",
    "acceptedDate": "2010-12-29 19:00:00",
    "calendarYear": "2010",
    "period": "FY",
    "revenue": 5450522000,
    "costOfRevenue": 3233125000,
    "grossProfit": 2217397000,
    "grossProfitRatio": 0.4068228694,
    "researchAndDevelopmentExpenses": 282146000,
    "generalAndAdministrativeExpenses": 0,
    "sellingAndMarketingExpenses": 0,
    "sellingGeneralAndAdministrativeExpenses": 1086609000,
    "otherExpenses": 127058000,
    "operatingExpenses": 1495813000,
    "costAndExpenses": 4728938000,
    "interestIncome": 0,
    "interestExpense": 277963000,
    "depreciationAndAmortization": 422788000,
    "ebitda": 1110194000,
    "ebitdaratio": 0.2036858121,
    "operatingIncome": 721584000,
    "operatingIncomeRatio": 0.1323880538,
    "totalOtherIncomeExpensesNet": -365640000,
    "incomeBeforeTax": 355944000,
    "incomeBeforeTaxRatio": 0.0653045708,
    "incomeTaxExpense": 10402000,
    "netIncome": 345115000,
    "netIncomeRatio": 0.0633177886,
    "eps": 0.69,
    "epsdiluted": 0.68,
    "weightedAverageShsOut": 324453000,
    "weightedAverageShsOutDil": 328979000,
    "link": null,
    "finalLink": null
  },
  {
    "date": "2009-12-31",
    "symbol": "VTRS",
    "reportedCurrency": "USD",
    "cik": "0001792044",
    "fillingDate": "2009-12-31",
    "acceptedDate": "2009-12-29 19:00:00",
    "calendarYear": "2009",
    "period": "FY",
    "revenue": 5092785000,
    "costOfRevenue": 3018313000,
    "grossProfit": 2074472000,
    "grossProfitRatio": 0.4073354756,
    "researchAndDevelopmentExpenses": 275258000,
    "generalAndAdministrativeExpenses": 0,
    "sellingAndMarketingExpenses": 0,
    "sellingGeneralAndAdministrativeExpenses": 1050145000,
    "otherExpenses": 225717000,
    "operatingExpenses": 1551120000,
    "costAndExpenses": 4569433000,
    "interestIncome": 6700000,
    "interestExpense": 266750000,
    "depreciationAndAmortization": 401157000,
    "ebitda": 946628000,
    "ebitdaratio": 0.1858762936,
    "operatingIncome": 523352000,
    "operatingIncomeRatio": 0.1027634192,
    "totalOtherIncomeExpensesNet": -296377000,
    "incomeBeforeTax": 226975000,
    "incomeBeforeTaxRatio": 0.0445679525,
    "incomeTaxExpense": -20773000,
    "netIncome": 232571000,
    "netIncomeRatio": 0.0456667619,
    "eps": 0.31,
    "epsdiluted": 0.3,
    "weightedAverageShsOut": 305162000,
    "weightedAverageShsOutDil": 306913000,
    "link": null,
    "finalLink": null
  },
  {
    "date": "2008-12-31",
    "symbol": "VTRS",
    "reportedCurrency": "USD",
    "cik": "0001792044",
    "fillingDate": "2008-12-31",
    "acceptedDate": "2008-12-29 19:00:00",
    "calendarYear": "2008",
    "period": "FY",
    "revenue": 5137585000,
    "costOfRevenue": 3067364000,
    "grossProfit": 2070221000,
    "grossProfitRatio": 0.4029560581,
    "researchAndDevelopmentExpenses": 317217000,
    "generalAndAdministrativeExpenses": 0,
    "sellingAndMarketingExpenses": 0,
    "sellingGeneralAndAdministrativeExpenses": 1053485000,
    "otherExpenses": 401634000,
    "operatingExpenses": 1772336000,
    "costAndExpenses": 4839700000,
    "interestIncome": 0,
    "interestExpense": 380779000,
    "depreciationAndAmortization": 425279000,
    "ebitda": 734501000,
    "ebitdaratio": 0.1429661991,
    "operatingIncome": 297885000,
    "operatingIncomeRatio": 0.0579815224,
    "totalOtherIncomeExpensesNet": -345708000,
    "incomeBeforeTax": -71557000,
    "incomeBeforeTaxRatio": -0.0139281394,
    "incomeTaxExpense": 128550000,
    "netIncome": -196076000,
    "netIncomeRatio": -0.0381650133,
    "eps": -0.64,
    "epsdiluted": -0.64,
    "weightedAverageShsOut": 304360000,
    "weightedAverageShsOutDil": 304360000,
    "link": null,
    "finalLink": null
  },
  {
    "date": "2007-12-31",
    "symbol": "VTRS",
    "reportedCurrency": "USD",
    "cik": "0001792044",
    "fillingDate": "2007-12-31",
    "acceptedDate": "2007-12-29 19:00:00",
    "calendarYear": "2007",
    "period": "FY",
    "revenue": 2905007404,
    "costOfRevenue": 1739079652,
    "grossProfit": 1165927752,
    "grossProfitRatio": 0.4013510432,
    "researchAndDevelopmentExpenses": 194750179,
    "generalAndAdministrativeExpenses": 0,
    "sellingAndMarketingExpenses": 0,
    "sellingGeneralAndAdministrativeExpenses": 599462501,
    "otherExpenses": 0,
    "operatingExpenses": 794212681,
    "costAndExpenses": 2533292333,
    "interestIncome": 0,
    "interestExpense": 239212735,
    "depreciationAndAmortization": 210399474,
    "ebitda": -991802855,
    "ebitdaratio": -0.3414114724,
    "operatingIncome": 371715070,
    "operatingIncomeRatio": 0.1279566687,
    "totalOtherIncomeExpensesNet": -1813130133,
    "incomeBeforeTax": -1441415063,
    "incomeBeforeTaxRatio": -0.4961829223,
    "incomeTaxExpense": 80097133,
    "netIncome": -1517362873,
    "netIncomeRatio": -0.5223266801,
    "eps": -5.9,
    "epsdiluted": -5.9,
    "weightedAverageShsOut": 257149999,
    "weightedAverageShsOutDil": 257149999,
    "link": null,
    "finalLink": null
  },
  {
    "date": "2006-03-31",
    "symbol": "VTRS",
    "reportedCurrency": "USD",
    "cik": "0001792044",
    "fillingDate": "2006-03-31",
    "acceptedDate": "2006-03-29 19:00:00",
    "calendarYear": "2005",
    "period": "FY",
    "revenue": 1257164000,
    "costOfRevenue": 629548000,
    "grossProfit": 627616000,
    "grossProfitRatio": 0.4992316038,
    "researchAndDevelopmentExpenses": 102431000,
    "generalAndAdministrativeExpenses": 0,
    "sellingAndMarketingExpenses": 0,
    "sellingGeneralAndAdministrativeExpenses": 225380000,
    "otherExpenses": 12417000,
    "operatingExpenses": 340228000,
    "costAndExpenses": 969776000,
    "interestIncome": 0,
    "interestExpense": 31285000,
    "depreciationAndAmortization": 46827000,
    "ebitda": 334215000,
    "ebitdaratio": 0.2658483698,
    "operatingIncome": 287388000,
    "operatingIncomeRatio": 0.2286002463,
    "totalOtherIncomeExpensesNet": -12783000,
    "incomeBeforeTax": 274605000,
    "incomeBeforeTaxRatio": 0.2184321218,
    "incomeTaxExpense": 90063000,
    "netIncome": 184542000,
    "netIncomeRatio": 0.1467923039,
    "eps": 0.8,
    "epsdiluted": 0.79,
    "weightedAverageShsOut": 229389000,
    "weightedAverageShsOutDil": 234209000,
    "link": null,
    "finalLink": null
  },
  {
    "date": "2005-03-31",
    "symbol": "VTRS",
    "reportedCurrency": "USD",
    "cik": "0001792044",
    "fillingDate": "2005-03-31",
    "acceptedDate": "2005-03-29 19:00:00",
    "calendarYear": "2004",
    "period": "FY",
    "revenue": 1253374000,
    "costOfRevenue": 629834000,
    "grossProfit": 623540000,
    "grossProfitRatio": 0.4974891772,
    "researchAndDevelopmentExpenses": 88254000,
    "generalAndAdministrativeExpenses": 0,
    "sellingAndMarketingExpenses": 0,
    "sellingGeneralAndAdministrativeExpenses": 259105000,
    "otherExpenses": -25990000,
    "operatingExpenses": 321369000,
    "costAndExpenses": 951203000,
    "interestIncome": 0,
    "interestExpense": 0,
    "depreciationAndAmortization": 45100000,
    "ebitda": 347271000,
    "ebitdaratio": 0.2770689355,
    "operatingIncome": 302171000,
    "operatingIncomeRatio": 0.2410860605,
    "totalOtherIncomeExpensesNet": 10076000,
    "incomeBeforeTax": 312247000,
    "incomeBeforeTaxRatio": 0.2491251614,
    "incomeTaxExpense": 108655000,
    "netIncome": 203592000,
    "netIncomeRatio": 0.162435155,
    "eps": 0.76,
    "epsdiluted": 0.74,
    "weightedAverageShsOut": 268985000,
    "weightedAverageShsOutDil": 273621000,
    "link": null,
    "finalLink": null
  },
  {
    "date": "2004-03-31",
    "symbol": "VTRS",
    "reportedCurrency": "USD",
    "cik": "0001792044",
    "fillingDate": "2004-03-31",
    "acceptedDate": "2004-03-29 19:00:00",
    "calendarYear": "2003",
    "period": "FY",
    "revenue": 1374617000,
    "costOfRevenue": 612149000,
    "grossProfit": 762468000,
    "grossProfitRatio": 0.5546766845,
    "researchAndDevelopmentExpenses": 100813000,
    "generalAndAdministrativeExpenses": 0,
    "sellingAndMarketingExpenses": 0,
    "sellingGeneralAndAdministrativeExpenses": 201612000,
    "otherExpenses": -34758000,
    "operatingExpenses": 267667000,
    "costAndExpenses": 879816000,
    "interestIncome": 0,
    "interestExpense": 0,
    "depreciationAndAmortization": 44323000,
    "ebitda": 539124000,
    "ebitdaratio": 0.3921994272,
    "operatingIncome": 494801000,
    "operatingIncomeRatio": 0.3599555367,
    "totalOtherIncomeExpensesNet": 17807000,
    "incomeBeforeTax": 512608000,
    "incomeBeforeTaxRatio": 0.3729096905,
    "incomeTaxExpense": 177999000,
    "netIncome": 334609000,
    "netIncomeRatio": 0.2434198035,
    "eps": 1.24,
    "epsdiluted": 1.21,
    "weightedAverageShsOut": 268931000,
    "weightedAverageShsOutDil": 276318000,
    "link": null,
    "finalLink": null
  }
]