[
  {
    "date": "2024-12-31",
    "symbol": "VZ",
    "reportedCurrency": "USD",
    "cik": "0000732712",
    "fillingDate": "2025-02-12",
    "acceptedDate": "2025-02-12 10:19:07",
    "calendarYear": "2024",
    "period": "FY",
    "revenue": 134788000000,
    "costOfRevenue": 71989000000,
    "grossProfit": 62799000000,
    "grossProfitRatio": 0.4659094281,
    "researchAndDevelopmentExpenses": 0,
    "generalAndAdministrativeExpenses": 0,
    "sellingAndMarketingExpenses": 0,
    "sellingGeneralAndAdministrativeExpenses": 32195000000,
    "otherExpenses": 0,
    "operatingExpenses": 32195000000,
    "costAndExpenses": 104184000000,
    "interestIncome": 336000000,
    "interestExpense": 6653000000,
    "depreciationAndAmortization": 17892000000,
    "ebitda": 47524000000,
    "ebitdaratio": 0.352583316,
    "operatingIncome": 30604000000,
    "operatingIncomeRatio": 0.2270528534,
    "totalOtherIncomeExpensesNet": -7625000000,
    "incomeBeforeTax": 22979000000,
    "incomeBeforeTaxRatio": 0.1704825355,
    "incomeTaxExpense": 5030000000,
    "netIncome": 17506000000,
    "netIncomeRatio": 0.1298780307,
    "eps": 4.15,
    "epsdiluted": 4.15,
    "weightedAverageShsOut": 4218000000,
    "weightedAverageShsOutDil": 4218000000,
    "link": "https://www.sec.gov/Archives/edgar/data/732712/000073271225000006/0000732712-25-000006-index.htm",
    "finalLink": "https://www.sec.gov/Archives/edgar/data/732712/000073271225000006/vz-20241231.htm"
  },
  {
    "date": "2023-12-31",
    "symbol": "VZ",
    "reportedCurrency": "USD",
    "cik": "0000732712",
    "fillingDate": "2024-02-09",
    "acceptedDate": "2024-02-09 10:51:34",
    "calendarYear": "2023",
    "period": "FY",
    "revenue": 133974000000,
    "costOfRevenue": 72511000000,
    "grossProfit": 61463000000,
    "grossProfitRatio": 0.4587681192,
    "researchAndDevelopmentExpenses": 0,
    "generalAndAdministrativeExpenses": 0,
    "sellingAndMarketingExpenses": 0,
    "sellingGeneralAndAdministrativeExpenses": 32632000000,
    "otherExpenses": 0,
    "operatingExpenses": 32632000000,
    "costAndExpenses": 105143000000,
    "interestIncome": 354000000,
    "interestExpense": 5525000000,
    "depreciationAndAmortization": 17624000000,
    "ebitda": 40136000000,
    "ebitdaratio": 0.2995805156,
    "operatingIncome": 28831000000,
    "operatingIncomeRatio": 0.2151984713,
    "totalOtherIncomeExpensesNet": -11844000000,
    "incomeBeforeTax": 16987000000,
    "incomeBeforeTaxRatio": 0.1267932584,
    "incomeTaxExpense": 4892000000,
    "netIncome": 11614000000,
    "netIncomeRatio": 0.0866884619,
    "eps": 2.76,
    "epsdiluted": 2.75,
    "weightedAverageShsOut": 4211000000,
    "weightedAverageShsOutDil": 4215000000,
    "link": "https://www.sec.gov/Archives/edgar/data/732712/000073271224000010/0000732712-24-000010-index.htm",
    "finalLink": "https://www.sec.gov/Archives/edgar/data/732712/000073271224000010/vz-20231231.htm"
  },
  {
    "date": "2022-12-31",
    "symbol": "VZ",
    "reportedCurrency": "USD",
    "cik": "0000732712",
    "fillingDate": "2023-02-10",
    "acceptedDate": "2023-02-10 11:54:36",
    "calendarYear": "2022",
    "period": "FY",
    "revenue": 136835000000,
    "costOfRevenue": 76232000000,
    "grossProfit": 60603000000,
    "grossProfitRatio": 0.4428910732,
    "researchAndDevelopmentExpenses": 0,
    "generalAndAdministrativeExpenses": 0,
    "sellingAndMarketingExpenses": 0,
    "sellingGeneralAndAdministrativeExpenses": 30136000000,
    "otherExpenses": 0,
    "operatingExpenses": 30136000000,
    "costAndExpenses": 106368000000,
    "interestIncome": 146000000,
    "interestExpense": 3582000000,
    "depreciationAndAmortization": 17099000000,
    "ebitda": 48952000000,
    "ebitdaratio": 0.3577447291,
    "operatingIncome": 30467000000,
    "operatingIncomeRatio": 0.2226550225,
    "totalOtherIncomeExpensesNet": -2196000000,
    "incomeBeforeTax": 28271000000,
    "incomeBeforeTaxRatio": 0.2066064969,
    "incomeTaxExpense": 6523000000,
    "netIncome": 21256000000,
    "netIncomeRatio": 0.1553403734,
    "eps": 5.06,
    "epsdiluted": 5.06,
    "weightedAverageShsOut": 4202000000,
    "weightedAverageShsOutDil": 4204000000,
    "link": "https://www.sec.gov/Archives/edgar/data/732712/000073271223000012/0000732712-23-000012-index.htm",
    "finalLink": "https://www.sec.gov/Archives/edgar/data/732712/000073271223000012/vz-20221231.htm"
  },
  {
    "date": "2021-12-31",
    "symbol": "VZ",
    "reportedCurrency": "USD",
    "cik": "0000732712",
    "fillingDate": "2022-02-11",
    "acceptedDate": "2022-02-11 14:04:46",
    "calendarYear": "2021",
    "period": "FY",
    "revenue": 133613000000,
    "costOfRevenue": 72507000000,
    "grossProfit": 61106000000,
    "grossProfitRatio": 0.4573357383,
    "researchAndDevelopmentExpenses": 0,
    "generalAndAdministrativeExpenses": 0,
    "sellingAndMarketingExpenses": 0,
    "sellingGeneralAndAdministrativeExpenses": 29141000000,
    "otherExpenses": 0,
    "operatingExpenses": 29141000000,
    "costAndExpenses": 101648000000,
    "interestIncome": 48000000,
    "interestExpense": 3498000000,
    "depreciationAndAmortization": 16206000000,
    "ebitda": 49124000000,
    "ebitdaratio": 0.3676588356,
    "operatingIncome": 31965000000,
    "operatingIncomeRatio": 0.2392357031,
    "totalOtherIncomeExpensesNet": -2545000000,
    "incomeBeforeTax": 29420000000,
    "incomeBeforeTaxRatio": 0.2201881553,
    "incomeTaxExpense": 6802000000,
    "netIncome": 22065000000,
    "netIncomeRatio": 0.1651411165,
    "eps": 5.32,
    "epsdiluted": 5.32,
    "weightedAverageShsOut": 4148000000,
    "weightedAverageShsOutDil": 4150000000,
    "link": "https://www.sec.gov/Archives/edgar/data/732712/000073271222000008/0000732712-22-000008-index.htm",
    "finalLink": "https://www.sec.gov/Archives/edgar/data/732712/000073271222000008/vz-20211231.htm"
  },
  {
    "date": "2020-12-31",
    "symbol": "VZ",
    "reportedCurrency": "USD",
    "cik": "0000732712",
    "fillingDate": "2021-02-25",
    "acceptedDate": "2021-02-25 14:08:10",
    "calendarYear": "2020",
    "period": "FY",
    "revenue": 128292000000,
    "costOfRevenue": 67921000000,
    "grossProfit": 60371000000,
    "grossProfitRatio": 0.4705749384,
    "researchAndDevelopmentExpenses": 0,
    "generalAndAdministrativeExpenses": 0,
    "sellingAndMarketingExpenses": 0,
    "sellingGeneralAndAdministrativeExpenses": 30504000000,
    "otherExpenses": 0,
    "operatingExpenses": 30504000000,
    "costAndExpenses": 98425000000,
    "interestIncome": 65000000,
    "interestExpense": 4274000000,
    "depreciationAndAmortization": 16720000000,
    "ebitda": 44961000000,
    "ebitdaratio": 0.3504583294,
    "operatingIncome": 29867000000,
    "operatingIncomeRatio": 0.2328048514,
    "totalOtherIncomeExpensesNet": -5900000000,
    "incomeBeforeTax": 23967000000,
    "incomeBeforeTaxRatio": 0.1868160135,
    "incomeTaxExpense": 5619000000,
    "netIncome": 17801000000,
    "netIncomeRatio": 0.1387537804,
    "eps": 4.3,
    "epsdiluted": 4.3,
    "weightedAverageShsOut": 4140000000,
    "weightedAverageShsOutDil": 4142000000,
    "link": "https://www.sec.gov/Archives/edgar/data/732712/000073271221000012/0000732712-21-000012-index.htm",
    "finalLink": "https://www.sec.gov/Archives/edgar/data/732712/000073271221000012/vz-20201231.htm"
  },
  {
    "date": "2019-12-31",
    "symbol": "VZ",
    "reportedCurrency": "USD",
    "cik": "0000732712",
    "fillingDate": "2020-02-21",
    "acceptedDate": "2020-02-21 11:20:18",
    "calendarYear": "2019",
    "period": "FY",
    "revenue": 131868000000,
    "costOfRevenue": 71408000000,
    "grossProfit": 60460000000,
    "grossProfitRatio": 0.4584887918,
    "researchAndDevelopmentExpenses": 0,
    "generalAndAdministrativeExpenses": 0,
    "sellingAndMarketingExpenses": 0,
    "sellingGeneralAndAdministrativeExpenses": 29431000000,
    "otherExpenses": 0,
    "operatingExpenses": 29431000000,
    "costAndExpenses": 100839000000,
    "interestIncome": 121000000,
    "interestExpense": 4730000000,
    "depreciationAndAmortization": 16682000000,
    "ebitda": 44145000000,
    "ebitdaratio": 0.3347665848,
    "operatingIncome": 31029000000,
    "operatingIncomeRatio": 0.2353034853,
    "totalOtherIncomeExpensesNet": -8296000000,
    "incomeBeforeTax": 22733000000,
    "incomeBeforeTaxRatio": 0.1723920891,
    "incomeTaxExpense": 2945000000,
    "netIncome": 19265000000,
    "netIncomeRatio": 0.1460930628,
    "eps": 4.66,
    "epsdiluted": 4.65,
    "weightedAverageShsOut": 4138000000,
    "weightedAverageShsOutDil": 4140000000,
    "link": "https://www.sec.gov/Archives/edgar/data/732712/000073271220000014/0000732712-20-000014-index.htm",
    "finalLink": "https://www.sec.gov/Archives/edgar/data/732712/000073271220000014/a2019q410-k.htm"
  },
  {
    "date": "2018-12-31",
    "symbol": "VZ",
    "reportedCurrency": "USD",
    "cik": "0000732712",
    "fillingDate": "2019-02-15",
    "acceptedDate": "2019-02-15 13:42:40",
    "calendarYear": "2018",
    "period": "FY",
    "revenue": 130863000000,
    "costOfRevenue": 72608000000,
    "grossProfit": 58255000000,
    "grossProfitRatio": 0.4451602057,
    "researchAndDevelopmentExpenses": 0,
    "generalAndAdministrativeExpenses": 0,
    "sellingAndMarketingExpenses": 0,
    "sellingGeneralAndAdministrativeExpenses": 28248000000,
    "otherExpenses": 0,
    "operatingExpenses": 28248000000,
    "costAndExpenses": 100856000000,
    "interestIncome": 94000000,
    "interestExpense": 4833000000,
    "depreciationAndAmortization": 17403000000,
    "ebitda": 41859000000,
    "ebitdaratio": 0.3198688705,
    "operatingIncome": 30007000000,
    "operatingIncomeRatio": 0.2293008719,
    "totalOtherIncomeExpensesNet": -10384000000,
    "incomeBeforeTax": 19623000000,
    "incomeBeforeTaxRatio": 0.1499507118,
    "incomeTaxExpense": 3584000000,
    "netIncome": 15528000000,
    "netIncomeRatio": 0.1186584443,
    "eps": 3.76,
    "epsdiluted": 3.76,
    "weightedAverageShsOut": 4128000000,
    "weightedAverageShsOutDil": 4132000000,
    "link": "https://www.sec.gov/Archives/edgar/data/732712/000073271219000012/0000732712-19-000012-index.htm",
    "finalLink": "https://www.sec.gov/Archives/edgar/data/732712/000073271219000012/a2018q410-k.htm"
  },
  {
    "date": "2017-12-31",
    "symbol": "VZ",
    "reportedCurrency": "USD",
    "cik": "0000732712",
    "fillingDate": "2018-02-23",
    "acceptedDate": "2018-02-23 13:15:54",
    "calendarYear": "2017",
    "period": "FY",
    "revenue": 126034000000,
    "costOfRevenue": 68510000000,
    "grossProfit": 57524000000,
    "grossProfitRatio": 0.4564165225,
    "researchAndDevelopmentExpenses": 0,
    "generalAndAdministrativeExpenses": 0,
    "sellingAndMarketingExpenses": 0,
    "sellingGeneralAndAdministrativeExpenses": 31005000000,
    "otherExpenses": 0,
    "operatingExpenses": 31005000000,
    "costAndExpenses": 99515000000,
    "interestIncome": 82000000,
    "interestExpense": 4733000000,
    "depreciationAndAmortization": 16954000000,
    "ebitda": 42281000000,
    "ebitdaratio": 0.3354729676,
    "operatingIncome": 26519000000,
    "operatingIncomeRatio": 0.2104114763,
    "totalOtherIncomeExpensesNet": -5925000000,
    "incomeBeforeTax": 20594000000,
    "incomeBeforeTaxRatio": 0.1634003523,
    "incomeTaxExpense": -9956000000,
    "netIncome": 30101000000,
    "netIncomeRatio": 0.2388323786,
    "eps": 7.37,
    "epsdiluted": 7.36,
    "weightedAverageShsOut": 4084000000,
    "weightedAverageShsOutDil": 4089000000,
    "link": "https://www.sec.gov/Archives/edgar/data/732712/000073271218000009/0000732712-18-000009-index.htm",
    "finalLink": "https://www.sec.gov/Archives/edgar/data/732712/000073271218000009/a201710-k.htm"
  },
  {
    "date": "2016-12-31",
    "symbol": "VZ",
    "reportedCurrency": "USD",
    "cik": "0000732712",
    "fillingDate": "2017-02-21",
    "acceptedDate": "2017-02-21 15:21:12",
    "calendarYear": "2016",
    "period": "FY",
    "revenue": 125980000000,
    "costOfRevenue": 67352000000,
    "grossProfit": 58628000000,
    "grossProfitRatio": 0.4653754564,
    "researchAndDevelopmentExpenses": 0,
    "generalAndAdministrativeExpenses": 0,
    "sellingAndMarketingExpenses": 0,
    "sellingGeneralAndAdministrativeExpenses": 32718000000,
    "otherExpenses": 0,
    "operatingExpenses": 32718000000,
    "costAndExpenses": 100070000000,
    "interestIncome": 59000000,
    "interestExpense": 4376000000,
    "depreciationAndAmortization": 15928000000,
    "ebitda": 41290000000,
    "ebitdaratio": 0.3277504366,
    "operatingIncome": 25910000000,
    "operatingIncomeRatio": 0.2056675663,
    "totalOtherIncomeExpensesNet": -4924000000,
    "incomeBeforeTax": 20986000000,
    "incomeBeforeTaxRatio": 0.1665819971,
    "incomeTaxExpense": 7378000000,
    "netIncome": 13127000000,
    "netIncomeRatio": 0.1041990792,
    "eps": 3.22,
    "epsdiluted": 3.21,
    "weightedAverageShsOut": 4080000000,
    "weightedAverageShsOutDil": 4086000000,
    "link": "https://www.sec.gov/Archives/edgar/data/732712/000119312517050292/0001193125-17-050292-index.htm",
    "finalLink": "https://www.sec.gov/Archives/edgar/data/732712/000119312517050292/d296602d10k.htm"
  },
  {
    "date": "2015-12-31",
    "symbol": "VZ",
    "reportedCurrency": "USD",
    "cik": "0000732712",
    "fillingDate": "2016-02-23",
    "acceptedDate": "2016-02-23 15:09:48",
    "calendarYear": "2015",
    "period": "FY",
    "revenue": 131620000000,
    "costOfRevenue": 68574000000,
    "grossProfit": 63046000000,
    "grossProfitRatio": 0.479000152,
    "researchAndDevelopmentExpenses": 0,
    "generalAndAdministrativeExpenses": 0,
    "sellingAndMarketingExpenses": 0,
    "sellingGeneralAndAdministrativeExpenses": 30240000000,
    "otherExpenses": 0,
    "operatingExpenses": 30240000000,
    "costAndExpenses": 98814000000,
    "interestIncome": 115000000,
    "interestExpense": 4920000000,
    "depreciationAndAmortization": 16017000000,
    "ebitda": 49177000000,
    "ebitdaratio": 0.3736286279,
    "operatingIncome": 32806000000,
    "operatingIncomeRatio": 0.2492478347,
    "totalOtherIncomeExpensesNet": -4566000000,
    "incomeBeforeTax": 28240000000,
    "incomeBeforeTaxRatio": 0.2145570582,
    "incomeTaxExpense": 9865000000,
    "netIncome": 17879000000,
    "netIncomeRatio": 0.1358380185,
    "eps": 4.38,
    "epsdiluted": 4.37,
    "weightedAverageShsOut": 4085000000,
    "weightedAverageShsOutDil": 4093000000,
    "link": "https://www.sec.gov/Archives/edgar/data/732712/000119312516473367/0001193125-16-473367-index.htm",
    "finalLink": "https://www.sec.gov/Archives/edgar/data/732712/000119312516473367/d35513d10k.htm"
  },
  {
    "date": "2014-12-31",
    "symbol": "VZ",
    "reportedCurrency": "USD",
    "cik": "0000732712",
    "fillingDate": "2015-02-23",
    "acceptedDate": "2015-02-23 13:10:04",
    "calendarYear": "2014",
    "period": "FY",
    "revenue": 127079000000,
    "costOfRevenue": 66464000000,
    "grossProfit": 60615000000,
    "grossProfitRatio": 0.4769867563,
    "researchAndDevelopmentExpenses": 0,
    "generalAndAdministrativeExpenses": 0,
    "sellingAndMarketingExpenses": 0,
    "sellingGeneralAndAdministrativeExpenses": 41723000000,
    "otherExpenses": 0,
    "operatingExpenses": 41723000000,
    "costAndExpenses": 108187000000,
    "interestIncome": 108000000,
    "interestExpense": 4915000000,
    "depreciationAndAmortization": 16533000000,
    "ebitda": 36718000000,
    "ebitdaratio": 0.2889383769,
    "operatingIncome": 18892000000,
    "operatingIncomeRatio": 0.1486634298,
    "totalOtherIncomeExpensesNet": -3622000000,
    "incomeBeforeTax": 15270000000,
    "incomeBeforeTaxRatio": 0.1201614744,
    "incomeTaxExpense": 3314000000,
    "netIncome": 9625000000,
    "netIncomeRatio": 0.0757402875,
    "eps": 2.42,
    "epsdiluted": 2.42,
    "weightedAverageShsOut": 3974000000,
    "weightedAverageShsOutDil": 3981000000,
    "link": "https://www.sec.gov/Archives/edgar/data/732712/000119312515057710/0001193125-15-057710-index.htm",
    "finalLink": "https://www.sec.gov/Archives/edgar/data/732712/000119312515057710/d820819d10k.htm"
  },
  {
    "date": "2013-12-31",
    "symbol": "VZ",
    "reportedCurrency": "USD",
    "cik": "0000732712",
    "fillingDate": "2014-02-27",
    "acceptedDate": "2014-02-27 16:47:50",
    "calendarYear": "2013",
    "period": "FY",
    "revenue": 120550000000,
    "costOfRevenue": 61493000000,
    "grossProfit": 59057000000,
    "grossProfitRatio": 0.4898963086,
    "researchAndDevelopmentExpenses": 0,
    "generalAndAdministrativeExpenses": 0,
    "sellingAndMarketingExpenses": 0,
    "sellingGeneralAndAdministrativeExpenses": 27367000000,
    "otherExpenses": 0,
    "operatingExpenses": 27367000000,
    "costAndExpenses": 88860000000,
    "interestIncome": 64000000,
    "interestExpense": 2667000000,
    "depreciationAndAmortization": 16606000000,
    "ebitda": 48550000000,
    "ebitdaratio": 0.4027374533,
    "operatingIncome": 31690000000,
    "operatingIncomeRatio": 0.2628784737,
    "totalOtherIncomeExpensesNet": -2413000000,
    "incomeBeforeTax": 29277000000,
    "incomeBeforeTaxRatio": 0.242861883,
    "incomeTaxExpense": 5730000000,
    "netIncome": 11497000000,
    "netIncomeRatio": 0.0953712153,
    "eps": 4.01,
    "epsdiluted": 4,
    "weightedAverageShsOut": 2866000000,
    "weightedAverageShsOutDil": 2874000000,
    "link": "https://www.sec.gov/Archives/edgar/data/732712/000119312514073266/0001193125-14-073266-index.htm",
    "finalLink": "https://www.sec.gov/Archives/edgar/data/732712/000119312514073266/d622994d10k.htm"
  },
  {
    "date": "2012-12-31",
    "symbol": "VZ",
    "reportedCurrency": "USD",
    "cik": "0000732712",
    "fillingDate": "2013-02-26",
    "acceptedDate": "2013-02-26 10:36:58",
    "calendarYear": "2012",
    "period": "FY",
    "revenue": 115846000000,
    "costOfRevenue": 62695000000,
    "grossProfit": 53151000000,
    "grossProfitRatio": 0.4588073822,
    "researchAndDevelopmentExpenses": 0,
    "generalAndAdministrativeExpenses": 0,
    "sellingAndMarketingExpenses": 0,
    "sellingGeneralAndAdministrativeExpenses": 32145000000,
    "otherExpenses": 0,
    "operatingExpenses": 32145000000,
    "costAndExpenses": 94840000000,
    "interestIncome": 57000000,
    "interestExpense": 2571000000,
    "depreciationAndAmortization": 16460000000,
    "ebitda": 28928000000,
    "ebitdaratio": 0.249710823,
    "operatingIncome": 21006000000,
    "operatingIncomeRatio": 0.181326934,
    "totalOtherIncomeExpensesNet": -11109000000,
    "incomeBeforeTax": 9897000000,
    "incomeBeforeTaxRatio": 0.0854323844,
    "incomeTaxExpense": -660000000,
    "netIncome": 875000000,
    "netIncomeRatio": 0.0075531309,
    "eps": 0.31,
    "epsdiluted": 0.31,
    "weightedAverageShsOut": 2853000000,
    "weightedAverageShsOutDil": 2862000000,
    "link": "https://www.sec.gov/Archives/edgar/data/732712/000119312513075713/0001193125-13-075713-index.htm",
    "finalLink": "https://www.sec.gov/Archives/edgar/data/732712/000119312513075713/d441535d10k.htm"
  },
  {
    "date": "2011-12-31",
    "symbol": "VZ",
    "reportedCurrency": "USD",
    "cik": "0000732712",
    "fillingDate": "2012-02-24",
    "acceptedDate": "2012-02-24 15:10:22",
    "calendarYear": "2011",
    "period": "FY",
    "revenue": 110875000000,
    "costOfRevenue": 62371000000,
    "grossProfit": 48504000000,
    "grossProfitRatio": 0.4374656144,
    "researchAndDevelopmentExpenses": 0,
    "generalAndAdministrativeExpenses": 0,
    "sellingAndMarketingExpenses": 0,
    "sellingGeneralAndAdministrativeExpenses": 29670000000,
    "otherExpenses": 0,
    "operatingExpenses": 29670000000,
    "costAndExpenses": 92041000000,
    "interestIncome": 68000000,
    "interestExpense": 2827000000,
    "depreciationAndAmortization": 16496000000,
    "ebitda": 29806000000,
    "ebitdaratio": 0.2688252537,
    "operatingIncome": 18834000000,
    "operatingIncomeRatio": 0.1698669673,
    "totalOtherIncomeExpensesNet": -8351000000,
    "incomeBeforeTax": 10483000000,
    "incomeBeforeTaxRatio": 0.0945479143,
    "incomeTaxExpense": 285000000,
    "netIncome": 2404000000,
    "netIncomeRatio": 0.0216820744,
    "eps": 0.85,
    "epsdiluted": 0.85,
    "weightedAverageShsOut": 2833000000,
    "weightedAverageShsOutDil": 2839000000,
    "link": "https://www.sec.gov/Archives/edgar/data/732712/000119312512077846/0001193125-12-077846-index.htm",
    "finalLink": "https://www.sec.gov/Archives/edgar/data/732712/000119312512077846/d257450d10k.htm"
  },
  {
    "date": "2010-12-31",
    "symbol": "VZ",
    "reportedCurrency": "USD",
    "cik": "0000732712",
    "fillingDate": "2011-02-28",
    "acceptedDate": "2011-02-28 14:32:38",
    "calendarYear": "2010",
    "period": "FY",
    "revenue": 106565000000,
    "costOfRevenue": 58311000000,
    "grossProfit": 48254000000,
    "grossProfitRatio": 0.4528128372,
    "researchAndDevelopmentExpenses": 0,
    "generalAndAdministrativeExpenses": 0,
    "sellingAndMarketingExpenses": 0,
    "sellingGeneralAndAdministrativeExpenses": 29281000000,
    "otherExpenses": 0,
    "operatingExpenses": 29281000000,
    "costAndExpenses": 87592000000,
    "interestIncome": 92000000,
    "interestExpense": 2523000000,
    "depreciationAndAmortization": 16405000000,
    "ebitda": 31510000000,
    "ebitdaratio": 0.2956880777,
    "operatingIncome": 18973000000,
    "operatingIncomeRatio": 0.1780415709,
    "totalOtherIncomeExpensesNet": -6289000000,
    "incomeBeforeTax": 12684000000,
    "incomeBeforeTaxRatio": 0.1190259466,
    "incomeTaxExpense": 2467000000,
    "netIncome": 2549000000,
    "netIncomeRatio": 0.0239196734,
    "eps": 0.9,
    "epsdiluted": 0.9,
    "weightedAverageShsOut": 2830000000,
    "weightedAverageShsOutDil": 2833000000,
    "link": "https://www.sec.gov/Archives/edgar/data/732712/000119312511049476/0001193125-11-049476-index.htm",
    "finalLink": "https://www.sec.gov/Archives/edgar/data/732712/000119312511049476/d10k.htm"
  },
  {
    "date": "2009-12-31",
    "symbol": "VZ",
    "reportedCurrency": "USD",
    "cik": "0000732712",
    "fillingDate": "2010-02-26",
    "acceptedDate": "2010-02-26 08:02:44",
    "calendarYear": "2009",
    "period": "FY",
    "revenue": 107808000000,
    "costOfRevenue": 58837000000,
    "grossProfit": 48971000000,
    "grossProfitRatio": 0.4542427278,
    "researchAndDevelopmentExpenses": 0,
    "generalAndAdministrativeExpenses": 0,
    "sellingAndMarketingExpenses": 0,
    "sellingGeneralAndAdministrativeExpenses": 29491000000,
    "otherExpenses": 0,
    "operatingExpenses": 29491000000,
    "costAndExpenses": 88328000000,
    "interestIncome": 75000000,
    "interestExpense": 3102000000,
    "depreciationAndAmortization": 16534000000,
    "ebitda": 30885000000,
    "ebitdaratio": 0.2864815227,
    "operatingIncome": 19480000000,
    "operatingIncomeRatio": 0.1806915999,
    "totalOtherIncomeExpensesNet": -7912000000,
    "incomeBeforeTax": 13520000000,
    "incomeBeforeTaxRatio": 0.125408133,
    "incomeTaxExpense": 1210000000,
    "netIncome": 3651000000,
    "netIncomeRatio": 0.0338657614,
    "eps": 1.29,
    "epsdiluted": 1.29,
    "weightedAverageShsOut": 2841000000,
    "weightedAverageShsOutDil": 2841000000,
    "link": "https://www.sec.gov/Archives/edgar/data/732712/000119312510041685/0001193125-10-041685-index.htm",
    "finalLink": "https://www.sec.gov/Archives/edgar/data/732712/000119312510041685/d10k.htm"
  },
  {
    "date": "2008-12-31",
    "symbol": "VZ",
    "reportedCurrency": "USD",
    "cik": "0000732712",
    "fillingDate": "2009-02-24",
    "acceptedDate": "2009-02-24 17:25:09",
    "calendarYear": "2008",
    "period": "FY",
    "revenue": 97354000000,
    "costOfRevenue": 53467000000,
    "grossProfit": 43887000000,
    "grossProfitRatio": 0.4507981182,
    "researchAndDevelopmentExpenses": 0,
    "generalAndAdministrativeExpenses": 0,
    "sellingAndMarketingExpenses": 0,
    "sellingGeneralAndAdministrativeExpenses": 25776000000,
    "otherExpenses": 0,
    "operatingExpenses": 25776000000,
    "costAndExpenses": 79243000000,
    "interestIncome": 362000000,
    "interestExpense": 1819000000,
    "depreciationAndAmortization": 14610000000,
    "ebitda": 32298000000,
    "ebitdaratio": 0.3317583253,
    "operatingIncome": 18111000000,
    "operatingIncomeRatio": 0.1860324178,
    "totalOtherIncomeExpensesNet": -2197000000,
    "incomeBeforeTax": 1643000000,
    "incomeBeforeTaxRatio": 0.0168765536,
    "incomeTaxExpense": 3331000000,
    "netIncome": 6428000000,
    "netIncomeRatio": 0.0660270764,
    "eps": 2.26,
    "epsdiluted": 2.26,
    "weightedAverageShsOut": 2849000000,
    "weightedAverageShsOutDil": 2850000000,
    "link": "https://www.sec.gov/Archives/edgar/data/732712/000119312509036349/0001193125-09-036349-index.htm",
    "finalLink": "https://www.sec.gov/Archives/edgar/data/732712/000119312509036349/d10k.htm"
  },
  {
    "date": "2007-12-31",
    "symbol": "VZ",
    "reportedCurrency": "USD",
    "cik": "0000732712",
    "fillingDate": "2008-02-28",
    "acceptedDate": "2008-02-28 17:18:10",
    "calendarYear": "2007",
    "period": "FY",
    "revenue": 93469000000,
    "costOfRevenue": 51892000000,
    "grossProfit": 41577000000,
    "grossProfitRatio": 0.4448212776,
    "researchAndDevelopmentExpenses": 0,
    "generalAndAdministrativeExpenses": 0,
    "sellingAndMarketingExpenses": 0,
    "sellingGeneralAndAdministrativeExpenses": 24865000000,
    "otherExpenses": 0,
    "operatingExpenses": 24865000000,
    "costAndExpenses": 76757000000,
    "interestIncome": 168000000,
    "interestExpense": 1829000000,
    "depreciationAndAmortization": 14377000000,
    "ebitda": 30751000000,
    "ebitdaratio": 0.3289967797,
    "operatingIncome": 16712000000,
    "operatingIncomeRatio": 0.1787972483,
    "totalOtherIncomeExpensesNet": -2167000000,
    "incomeBeforeTax": 14545000000,
    "incomeBeforeTaxRatio": 0.155613091,
    "incomeTaxExpense": 3982000000,
    "netIncome": 5521000000,
    "netIncomeRatio": 0.0590677123,
    "eps": 1.91,
    "epsdiluted": 1.9,
    "weightedAverageShsOut": 2898000000,
    "weightedAverageShsOutDil": 2902000000,
    "link": "https://www.sec.gov/Archives/edgar/data/732712/000119312508042027/0001193125-08-042027-index.htm",
    "finalLink": "https://www.sec.gov/Archives/edgar/data/732712/000119312508042027/d10k.htm"
  },
  {
    "date": "2006-12-31",
    "symbol": "VZ",
    "reportedCurrency": "USD",
    "cik": "0000732712",
    "fillingDate": "2007-03-01",
    "acceptedDate": "2007-03-01 14:23:33",
    "calendarYear": "2006",
    "period": "FY",
    "revenue": 88182000000,
    "costOfRevenue": 49514000000,
    "grossProfit": 38630000000,
    "grossProfitRatio": 0.4380712617,
    "researchAndDevelopmentExpenses": 0,
    "generalAndAdministrativeExpenses": 0,
    "sellingAndMarketingExpenses": 0,
    "sellingGeneralAndAdministrativeExpenses": 24416000000,
    "otherExpenses": 0,
    "operatingExpenses": 24416000000,
    "costAndExpenses": 73930000000,
    "interestIncome": 201000000,
    "interestExpense": 2349000000,
    "depreciationAndAmortization": 14545000000,
    "ebitda": 29086000000,
    "ebitdaratio": 0.329840557,
    "operatingIncome": 14214000000,
    "operatingIncomeRatio": 0.1611893584,
    "totalOtherIncomeExpensesNet": -2022000000,
    "incomeBeforeTax": 12192000000,
    "incomeBeforeTaxRatio": 0.1382595087,
    "incomeTaxExpense": 2674000000,
    "netIncome": 6197000000,
    "netIncomeRatio": 0.0702751128,
    "eps": 2.13,
    "epsdiluted": 2.12,
    "weightedAverageShsOut": 2912000000,
    "weightedAverageShsOutDil": 2938000000,
    "link": "https://www.sec.gov/Archives/edgar/data/732712/000119312507044126/0001193125-07-044126-index.htm",
    "finalLink": "https://www.sec.gov/Archives/edgar/data/732712/000119312507044126/d10k.htm"
  },
  {
    "date": "2005-12-31",
    "symbol": "VZ",
    "reportedCurrency": "USD",
    "cik": "0000732712",
    "fillingDate": "2006-03-14",
    "acceptedDate": "2006-03-14 16:16:16",
    "calendarYear": "2005",
    "period": "FY",
    "revenue": 69518000000,
    "costOfRevenue": 37815000000,
    "grossProfit": 31703000000,
    "grossProfitRatio": 0.4560401623,
    "researchAndDevelopmentExpenses": 0,
    "generalAndAdministrativeExpenses": 0,
    "sellingAndMarketingExpenses": 0,
    "sellingGeneralAndAdministrativeExpenses": 19341000000,
    "otherExpenses": 0,
    "operatingExpenses": 19341000000,
    "costAndExpenses": 57156000000,
    "interestIncome": 103000000,
    "interestExpense": 2129000000,
    "depreciationAndAmortization": 13615000000,
    "ebitda": 27193000000,
    "ebitdaratio": 0.3911648782,
    "operatingIncome": 12362000000,
    "operatingIncomeRatio": 0.1778244483,
    "totalOtherIncomeExpensesNet": -913000000,
    "incomeBeforeTax": 11449000000,
    "incomeBeforeTaxRatio": 0.1646911591,
    "incomeTaxExpense": 3210000000,
    "netIncome": 7397000000,
    "netIncomeRatio": 0.1064040968,
    "eps": 2.67,
    "epsdiluted": 2.65,
    "weightedAverageShsOut": 2766000000,
    "weightedAverageShsOutDil": 2817000000,
    "link": "https://www.sec.gov/Archives/edgar/data/732712/000119312506053710/0001193125-06-053710-index.htm",
    "finalLink": "https://www.sec.gov/Archives/edgar/data/732712/000119312506053710/d10k.htm"
  },
  {
    "date": "2004-12-31",
    "symbol": "VZ",
    "reportedCurrency": "USD",
    "cik": "0000732712",
    "fillingDate": "2005-03-14",
    "acceptedDate": "2005-03-14 12:13:00",
    "calendarYear": "2004",
    "period": "FY",
    "revenue": 65751000000,
    "costOfRevenue": 37078000000,
    "grossProfit": 34205000000,
    "grossProfitRatio": 0.5202202248,
    "researchAndDevelopmentExpenses": 0,
    "generalAndAdministrativeExpenses": 0,
    "sellingAndMarketingExpenses": 0,
    "sellingGeneralAndAdministrativeExpenses": 21179000000,
    "otherExpenses": 0,
    "operatingExpenses": 21179000000,
    "costAndExpenses": 58257000000,
    "interestIncome": 97000000,
    "interestExpense": 2384000000,
    "depreciationAndAmortization": 13503000000,
    "ebitda": 28815000000,
    "ebitdaratio": 0.4382442853,
    "operatingIncome": 13026000000,
    "operatingIncomeRatio": 0.1981110553,
    "totalOtherIncomeExpensesNet": -505000000,
    "incomeBeforeTax": 10306000000,
    "incomeBeforeTaxRatio": 0.1567428632,
    "incomeTaxExpense": 2851000000,
    "netIncome": 7831000000,
    "netIncomeRatio": 0.1191008502,
    "eps": 2.83,
    "epsdiluted": 2.79,
    "weightedAverageShsOut": 2770000000,
    "weightedAverageShsOutDil": 2831000000,
    "link": "https://www.sec.gov/Archives/edgar/data/732712/000119312505049044/0001193125-05-049044-index.htm",
    "finalLink": "https://www.sec.gov/Archives/edgar/data/732712/000119312505049044/d10k.htm"
  },
  {
    "date": "2003-12-31",
    "symbol": "VZ",
    "reportedCurrency": "USD",
    "cik": "0000732712",
    "fillingDate": "2004-03-12",
    "acceptedDate": "2004-03-12 14:13:48",
    "calendarYear": "2003",
    "period": "FY",
    "revenue": 67468000000,
    "costOfRevenue": 21701000000,
    "grossProfit": 45767000000,
    "grossProfitRatio": 0.6783512184,
    "researchAndDevelopmentExpenses": 0,
    "generalAndAdministrativeExpenses": 0,
    "sellingAndMarketingExpenses": 0,
    "sellingGeneralAndAdministrativeExpenses": 24894000000,
    "otherExpenses": 0,
    "operatingExpenses": 38501000000,
    "costAndExpenses": 60202000000,
    "interestIncome": 95000000,
    "interestExpense": 2797000000,
    "depreciationAndAmortization": 13607000000,
    "ebitda": 22660000000,
    "ebitdaratio": 0.3358629276,
    "operatingIncome": 7407000000,
    "operatingIncomeRatio": 0.1097853797,
    "totalOtherIncomeExpensesNet": -1151000000,
    "incomeBeforeTax": 6256000000,
    "incomeBeforeTaxRatio": 0.0927254402,
    "incomeTaxExpense": 1252000000,
    "netIncome": 3077000000,
    "netIncomeRatio": 0.0456068062,
    "eps": 1.12,
    "epsdiluted": 1.12,
    "weightedAverageShsOut": 2756000000,
    "weightedAverageShsOutDil": 2832000000,
    "link": "https://www.sec.gov/Archives/edgar/data/732712/000119312504040305/0001193125-04-040305-index.htm",
    "finalLink": "https://www.sec.gov/Archives/edgar/data/732712/000119312504040305/d10k.htm"
  },
  {
    "date": "2002-12-31",
    "symbol": "VZ",
    "reportedCurrency": "USD",
    "cik": "0000732712",
    "fillingDate": "2003-03-14",
    "acceptedDate": "2003-03-14 14:12:02",
    "calendarYear": "2002",
    "period": "FY",
    "revenue": 67056000000,
    "costOfRevenue": 19866000000,
    "grossProfit": 47190000000,
    "grossProfitRatio": 0.7037401575,
    "researchAndDevelopmentExpenses": 0,
    "generalAndAdministrativeExpenses": 0,
    "sellingAndMarketingExpenses": 0,
    "sellingGeneralAndAdministrativeExpenses": 21778000000,
    "otherExpenses": 0,
    "operatingExpenses": 35060000000,
    "costAndExpenses": 54926000000,
    "interestIncome": 187000000,
    "interestExpense": 3130000000,
    "depreciationAndAmortization": 13282000000,
    "ebitda": 23946000000,
    "ebitdaratio": 0.3571045097,
    "operatingIncome": 14877000000,
    "operatingIncomeRatio": 0.2218593414,
    "totalOtherIncomeExpensesNet": -7343000000,
    "incomeBeforeTax": 7534000000,
    "incomeBeforeTaxRatio": 0.1123538535,
    "incomeTaxExpense": 1618000000,
    "netIncome": 4079000000,
    "netIncomeRatio": 0.0608297542,
    "eps": 1.49,
    "epsdiluted": 1.49,
    "weightedAverageShsOut": 2729000000,
    "weightedAverageShsOutDil": 2789000000,
    "link": "https://www.sec.gov/Archives/edgar/data/732712/000095013403003953/0000950134-03-003953-index.htm",
    "finalLink": "https://www.sec.gov/Archives/edgar/data/732712/000095013403003953/d03879e10vk.htm"
  },
  {
    "date": "2001-12-31",
    "symbol": "VZ",
    "reportedCurrency": "USD",
    "cik": "0000732712",
    "fillingDate": "2002-03-20",
    "acceptedDate": "2002-03-20 00:00:00",
    "calendarYear": "2001",
    "period": "FY",
    "revenue": 66713000000,
    "costOfRevenue": 20538000000,
    "grossProfit": 46175000000,
    "grossProfitRatio": 0.6921439599,
    "researchAndDevelopmentExpenses": 0,
    "generalAndAdministrativeExpenses": 0,
    "sellingAndMarketingExpenses": 0,
    "sellingGeneralAndAdministrativeExpenses": 20829000000,
    "otherExpenses": 0,
    "operatingExpenses": 34352000000,
    "costAndExpenses": 54890000000,
    "interestIncome": 393000000,
    "interestExpense": 3276000000,
    "depreciationAndAmortization": 13523000000,
    "ebitda": 20155000000,
    "ebitdaratio": 0.3021150301,
    "operatingIncome": 11473000000,
    "operatingIncomeRatio": 0.171975477,
    "totalOtherIncomeExpensesNet": -8117000000,
    "incomeBeforeTax": 3356000000,
    "incomeBeforeTaxRatio": 0.050305038,
    "incomeTaxExpense": 2176000000,
    "netIncome": 389000000,
    "netIncomeRatio": 0.0058309475,
    "eps": 0.14,
    "epsdiluted": 0.14,
    "weightedAverageShsOut": 2710000000,
    "weightedAverageShsOutDil": 2730000000,
    "link": "https://www.sec.gov/Archives/edgar/data/732712/000095010902001438/0000950109-02-001438-index.htm",
    "finalLink": "https://www.sec.gov/Archives/edgar/data/732712/000095010902001438/d10k.txt"
  },
  {
    "date": "2000-12-31",
    "symbol": "VZ",
    "reportedCurrency": "USD",
    "cik": "0000732712",
    "fillingDate": "2001-03-23",
    "acceptedDate": "2001-03-23 00:00:00",
    "calendarYear": "2000",
    "period": "FY",
    "revenue": 64707000000,
    "costOfRevenue": 39481000000,
    "grossProfit": 25226000000,
    "grossProfitRatio": 0.3898496299,
    "researchAndDevelopmentExpenses": 0,
    "generalAndAdministrativeExpenses": 0,
    "sellingAndMarketingExpenses": 0,
    "sellingGeneralAndAdministrativeExpenses": 0,
    "otherExpenses": 0,
    "operatingExpenses": 12261000000,
    "costAndExpenses": 51742000000,
    "interestIncome": 0,
    "interestExpense": 0,
    "depreciationAndAmortization": 12261000000,
    "ebitda": 25226000000,
    "ebitdaratio": 0.3898496299,
    "operatingIncome": 12965000000,
    "operatingIncomeRatio": 0.200364721,
    "totalOtherIncomeExpensesNet": 4854000000,
    "incomeBeforeTax": 17819000000,
    "incomeBeforeTaxRatio": 0.2753797889,
    "incomeTaxExpense": 7009000000,
    "netIncome": 11797000000,
    "netIncomeRatio": 0.1823141237,
    "eps": 4.34,
    "epsdiluted": 4.31,
    "weightedAverageShsOut": 2715898618,
    "weightedAverageShsOutDil": 2734802784,
    "link": "https://www.sec.gov/Archives/edgar/data/732712/000095010901000760/0000950109-01-000760-index.htm",
    "finalLink": "https://www.sec.gov/Archives/edgar/data/732712/000095010901000760/0000950109-01-000760-0001.txt"
  },
  {
    "date": "1999-12-31",
    "symbol": "VZ",
    "reportedCurrency": "USD",
    "cik": "0000732712",
    "fillingDate": "2000-03-30",
    "acceptedDate": "2000-03-30 00:00:00",
    "calendarYear": "1999",
    "period": "FY",
    "revenue": 58194000000,
    "costOfRevenue": 33730000000,
    "grossProfit": 24464000000,
    "grossProfitRatio": 0.4203869815,
    "researchAndDevelopmentExpenses": 0,
    "generalAndAdministrativeExpenses": 0,
    "sellingAndMarketingExpenses": 0,
    "sellingGeneralAndAdministrativeExpenses": 8241000000,
    "otherExpenses": 0,
    "operatingExpenses": 9890000000,
    "costAndExpenses": 43620000000,
    "interestIncome": 0,
    "interestExpense": 0,
    "depreciationAndAmortization": 9890000000,
    "ebitda": 24464000000,
    "ebitdaratio": 0.4203869815,
    "operatingIncome": 14574000000,
    "operatingIncomeRatio": 0.2504381895,
    "totalOtherIncomeExpensesNet": -1406000000,
    "incomeBeforeTax": 13168000000,
    "incomeBeforeTaxRatio": 0.2262776231,
    "incomeTaxExpense": 2557000000,
    "netIncome": 4202000000,
    "netIncomeRatio": 0.0722067567,
    "eps": 1.53,
    "epsdiluted": 1.51,
    "weightedAverageShsOut": 2739000000,
    "weightedAverageShsOutDil": 2777000000,
    "link": "https://www.sec.gov/Archives/edgar/data/732712/000095010900001253/0000950109-00-001253-index.htm",
    "finalLink": "https://www.sec.gov/Archives/edgar/data/732712/000095010900001253/"
  },
  {
    "date": "1998-12-31",
    "symbol": "VZ",
    "reportedCurrency": "USD",
    "cik": "0000732712",
    "fillingDate": "1999-03-30",
    "acceptedDate": "1999-03-30 00:00:00",
    "calendarYear": "1998",
    "period": "FY",
    "revenue": 31566000000,
    "costOfRevenue": 9803000000,
    "grossProfit": 21763000000,
    "grossProfitRatio": 0.6894443388,
    "researchAndDevelopmentExpenses": 0,
    "generalAndAdministrativeExpenses": 0,
    "sellingAndMarketingExpenses": 0,
    "sellingGeneralAndAdministrativeExpenses": 9266000000,
    "otherExpenses": 0,
    "operatingExpenses": 15136000000,
    "costAndExpenses": 24939000000,
    "interestIncome": 0,
    "interestExpense": 0,
    "depreciationAndAmortization": 9645000000,
    "ebitda": 16272000000,
    "ebitdaratio": 0.5154913515,
    "operatingIncome": 6627000000,
    "operatingIncomeRatio": 0.2099410758,
    "totalOtherIncomeExpensesNet": -1628000000,
    "incomeBeforeTax": 4999000000,
    "incomeBeforeTaxRatio": 0.158366597,
    "incomeTaxExpense": 2008100000,
    "netIncome": 2965000000,
    "netIncomeRatio": 0.093930178,
    "eps": 1.89,
    "epsdiluted": 1.86,
    "weightedAverageShsOut": 1553000000,
    "weightedAverageShsOutDil": 1578000000,
    "link": "https://www.sec.gov/Archives/edgar/data/732712/000095010999001134/0000950109-99-001134-index.htm",
    "finalLink": "https://www.sec.gov/Archives/edgar/data/732712/0000950109-99-001134.txt"
  },
  {
    "date": "1997-12-31",
    "symbol": "VZ",
    "reportedCurrency": "USD",
    "cik": "0000732712",
    "fillingDate": "1998-03-25",
    "acceptedDate": "1998-03-25 00:00:00",
    "calendarYear": "1997",
    "period": "FY",
    "revenue": 30194000000,
    "costOfRevenue": 8444200000,
    "grossProfit": 21749800000,
    "grossProfitRatio": 0.7203351659,
    "researchAndDevelopmentExpenses": 0,
    "generalAndAdministrativeExpenses": 0,
    "sellingAndMarketingExpenses": 0,
    "sellingGeneralAndAdministrativeExpenses": 9047200000,
    "otherExpenses": 0,
    "operatingExpenses": 16408200000,
    "costAndExpenses": 24852400000,
    "interestIncome": 0,
    "interestExpense": 0,
    "depreciationAndAmortization": 5754100000,
    "ebitda": 11095700000,
    "ebitdaratio": 0.3674802941,
    "operatingIncome": 5341600000,
    "operatingIncomeRatio": 0.1769093197,
    "totalOtherIncomeExpensesNet": -1357500000,
    "incomeBeforeTax": 3984100000,
    "incomeBeforeTaxRatio": 0.1319500563,
    "incomeTaxExpense": 1529200000,
    "netIncome": 2454900000,
    "netIncomeRatio": 0.0813042326,
    "eps": 1.58,
    "epsdiluted": 1.57,
    "weightedAverageShsOut": 1553734177,
    "weightedAverageShsOutDil": 1563630573,
    "link": "https://www.sec.gov/Archives/edgar/data/732712/000095010998002102/0000950109-98-002102-index.htm",
    "finalLink": "https://www.sec.gov/Archives/edgar/data/732712/0000950109-98-002102.txt"
  },
  {
    "date": "1996-12-31",
    "symbol": "VZ",
    "reportedCurrency": "USD",
    "cik": "0000732712",
    "fillingDate": "1997-03-25",
    "acceptedDate": "1997-03-25 00:00:00",
    "calendarYear": "1996",
    "period": "FY",
    "revenue": 29155200000,
    "costOfRevenue": 7594400000,
    "grossProfit": 21560800000,
    "grossProfitRatio": 0.7395181649,
    "researchAndDevelopmentExpenses": 0,
    "generalAndAdministrativeExpenses": 0,
    "sellingAndMarketingExpenses": 0,
    "sellingGeneralAndAdministrativeExpenses": 8703900000,
    "otherExpenses": 0,
    "operatingExpenses": 15482200000,
    "costAndExpenses": 23076600000,
    "interestIncome": 0,
    "interestExpense": 0,
    "depreciationAndAmortization": 5278400000,
    "ebitda": 11357000000,
    "ebitdaratio": 0.3895360004,
    "operatingIncome": 6078600000,
    "operatingIncomeRatio": 0.2084911096,
    "totalOtherIncomeExpensesNet": -1167400000,
    "incomeBeforeTax": 4911200000,
    "incomeBeforeTaxRatio": 0.168450225,
    "incomeTaxExpense": 1011200000,
    "netIncome": 1739400000,
    "netIncomeRatio": 0.0596600263,
    "eps": 1.86,
    "epsdiluted": 1.84,
    "weightedAverageShsOut": 934258065,
    "weightedAverageShsOutDil": 946470588,
    "link": "https://www.sec.gov/Archives/edgar/data/732712/000095010997002420/0000950109-97-002420-index.htm",
    "finalLink": "https://www.sec.gov/Archives/edgar/data/732712/0000950109-97-002420.txt"
  },
  {
    "date": "1995-12-31",
    "symbol": "VZ",
    "reportedCurrency": "USD",
    "cik": "0000732712",
    "fillingDate": "1996-04-29",
    "acceptedDate": "1996-04-29 00:00:00",
    "calendarYear": "1995",
    "period": "FY",
    "revenue": 27926800000,
    "costOfRevenue": 6874800000,
    "grossProfit": 21052000000,
    "grossProfitRatio": 0.7538278643,
    "researchAndDevelopmentExpenses": 0,
    "generalAndAdministrativeExpenses": 0,
    "sellingAndMarketingExpenses": 0,
    "sellingGeneralAndAdministrativeExpenses": 8811300000,
    "otherExpenses": 0,
    "operatingExpenses": 15634600000,
    "costAndExpenses": 22509400000,
    "interestIncome": 0,
    "interestExpense": 0,
    "depreciationAndAmortization": 5234000000,
    "ebitda": 10651400000,
    "ebitdaratio": 0.3814042425,
    "operatingIncome": 5417400000,
    "operatingIncomeRatio": 0.1939857055,
    "totalOtherIncomeExpensesNet": -882400000,
    "incomeBeforeTax": 4535000000,
    "incomeBeforeTaxRatio": 0.1623888165,
    "incomeTaxExpense": 1147600000,
    "netIncome": 1858300000,
    "netIncomeRatio": 0.0665418165,
    "eps": 2.13,
    "epsdiluted": 2.13,
    "weightedAverageShsOut": 872857143,
    "weightedAverageShsOutDil": 872857143,
    "link": "https://www.sec.gov/Archives/edgar/data/732712/000095010996002466/0000950109-96-002466-index.html",
    "finalLink": "https://www.sec.gov/Archives/edgar/data/732712/"
  },
  {
    "date": "1994-12-31",
    "symbol": "VZ",
    "reportedCurrency": "USD",
    "cik": "0000732712",
    "fillingDate": "1995-03-30",
    "acceptedDate": "1995-03-30 00:00:00",
    "calendarYear": "1994",
    "period": "FY",
    "revenue": 13791400000,
    "costOfRevenue": 4001600000,
    "grossProfit": 9789800000,
    "grossProfitRatio": 0.7098481662,
    "researchAndDevelopmentExpenses": 0,
    "generalAndAdministrativeExpenses": 0,
    "sellingAndMarketingExpenses": 0,
    "sellingGeneralAndAdministrativeExpenses": 4333100000,
    "otherExpenses": 0,
    "operatingExpenses": 6985200000,
    "costAndExpenses": 10986800000,
    "interestIncome": 0,
    "interestExpense": 0,
    "depreciationAndAmortization": 2652100000,
    "ebitda": 5456700000,
    "ebitdaratio": 0.395659614,
    "operatingIncome": 2804600000,
    "operatingIncomeRatio": 0.2033586148,
    "totalOtherIncomeExpensesNet": -517800000,
    "incomeBeforeTax": 2286800000,
    "incomeBeforeTaxRatio": 0.165813478,
    "incomeTaxExpense": 884900000,
    "netIncome": -754800000,
    "netIncomeRatio": -0.0547297591,
    "eps": -0.86,
    "epsdiluted": -0.86,
    "weightedAverageShsOut": 876803279,
    "weightedAverageShsOutDil": 876803279,
    "link": "https://www.sec.gov/Archives/edgar/data/732712/000095010995001028/0000950109-95-001028-index.htm",
    "finalLink": "https://www.sec.gov/Archives/edgar/data/732712/0000950109-95-001028.txt"
  },
  {
    "date": "1993-12-31",
    "symbol": "VZ",
    "reportedCurrency": "USD",
    "cik": "0000732712",
    "fillingDate": "1994-03-31",
    "acceptedDate": "1994-03-31 00:00:00",
    "calendarYear": "1993",
    "period": "FY",
    "revenue": 12990200000,
    "costOfRevenue": 4027600000,
    "grossProfit": 8962600000,
    "grossProfitRatio": 0.6899508861,
    "researchAndDevelopmentExpenses": 0,
    "generalAndAdministrativeExpenses": 0,
    "sellingAndMarketingExpenses": 0,
    "sellingGeneralAndAdministrativeExpenses": 3619900000,
    "otherExpenses": 0,
    "operatingExpenses": 6165000000,
    "costAndExpenses": 10192600000,
    "interestIncome": 0,
    "interestExpense": 0,
    "depreciationAndAmortization": 2545100000,
    "ebitda": 5342700000,
    "ebitdaratio": 0.4112869702,
    "operatingIncome": 2797600000,
    "operatingIncomeRatio": 0.2153623501,
    "totalOtherIncomeExpensesNet": -524000000,
    "incomeBeforeTax": 2273600000,
    "incomeBeforeTaxRatio": 0.175024249,
    "incomeTaxExpense": 792000000,
    "netIncome": 1403400000,
    "netIncomeRatio": 0.1080352881,
    "eps": -0.42,
    "epsdiluted": -0.42,
    "weightedAverageShsOut": 868646617,
    "weightedAverageShsOutDil": 868646617,
    "link": "https://www.sec.gov/Archives/edgar/data/732712/000095010994000587/0000950109-94-000587-index.htm",
    "finalLink": "https://www.sec.gov/Archives/edgar/data/732712/0000950109-94-000587.txt"
  },
  {
    "date": "1992-12-31",
    "symbol": "VZ",
    "reportedCurrency": "USD",
    "cik": "0000732712",
    "fillingDate": "1992-12-31",
    "acceptedDate": "1992-12-31 00:00:00",
    "calendarYear": "1992",
    "period": "FY",
    "revenue": 12647000000,
    "costOfRevenue": 3941500000,
    "grossProfit": 8705500000,
    "grossProfitRatio": 0.6883450621,
    "researchAndDevelopmentExpenses": 0,
    "generalAndAdministrativeExpenses": 0,
    "sellingAndMarketingExpenses": 0,
    "sellingGeneralAndAdministrativeExpenses": 3781900000,
    "otherExpenses": 0,
    "operatingExpenses": 6199300000,
    "costAndExpenses": 10140800000,
    "interestIncome": 0,
    "interestExpense": 0,
    "depreciationAndAmortization": 2417400000,
    "ebitda": 4923600000,
    "ebitdaratio": 0.3893097177,
    "operatingIncome": 2506200000,
    "operatingIncomeRatio": 0.1981655729,
    "totalOtherIncomeExpensesNet": -480500000,
    "incomeBeforeTax": 2025700000,
    "incomeBeforeTaxRatio": 0.1601723729,
    "incomeTaxExpense": 643500000,
    "netIncome": 1340600000,
    "netIncomeRatio": 0.1060014233,
    "eps": 1.57,
    "epsdiluted": 1.57,
    "weightedAverageShsOut": 853885350,
    "weightedAverageShsOutDil": 853885350,
    "link": null,
    "finalLink": null
  },
  {
    "date": "1991-12-31",
    "symbol": "VZ",
    "reportedCurrency": "USD",
    "cik": "0000732712",
    "fillingDate": "1991-12-31",
    "acceptedDate": "1991-12-31 00:00:00",
    "calendarYear": "1991",
    "period": "FY",
    "revenue": 12279700000,
    "costOfRevenue": 3936600000,
    "grossProfit": 8343100000,
    "grossProfitRatio": 0.6794221357,
    "researchAndDevelopmentExpenses": 0,
    "generalAndAdministrativeExpenses": 0,
    "sellingAndMarketingExpenses": 0,
    "sellingGeneralAndAdministrativeExpenses": 3519000000,
    "otherExpenses": 0,
    "operatingExpenses": 5817700000,
    "costAndExpenses": 9754300000,
    "interestIncome": 0,
    "interestExpense": 0,
    "depreciationAndAmortization": 2298700000,
    "ebitda": 4824100000,
    "ebitdaratio": 0.3928516169,
    "operatingIncome": 2525400000,
    "operatingIncomeRatio": 0.20565649,
    "totalOtherIncomeExpensesNet": -529000000,
    "incomeBeforeTax": 1996400000,
    "incomeBeforeTaxRatio": 0.1625772617,
    "incomeTaxExpense": 664800000,
    "netIncome": 1331600000,
    "netIncomeRatio": 0.1084391312,
    "eps": 1.71,
    "epsdiluted": 1.71,
    "weightedAverageShsOut": 778713450,
    "weightedAverageShsOutDil": 778713450,
    "link": null,
    "finalLink": null
  },
  {
    "date": "1990-12-31",
    "symbol": "VZ",
    "reportedCurrency": "USD",
    "cik": "0000732712",
    "fillingDate": "1990-12-31",
    "acceptedDate": "1990-12-31 00:00:00",
    "calendarYear": "1990",
    "period": "FY",
    "revenue": 12298000000,
    "costOfRevenue": 3761100000,
    "grossProfit": 8536900000,
    "grossProfitRatio": 0.6941697837,
    "researchAndDevelopmentExpenses": 0,
    "generalAndAdministrativeExpenses": 0,
    "sellingAndMarketingExpenses": 0,
    "sellingGeneralAndAdministrativeExpenses": 3550100000,
    "otherExpenses": 0,
    "operatingExpenses": 5927300000,
    "costAndExpenses": 9688400000,
    "interestIncome": 0,
    "interestExpense": 0,
    "depreciationAndAmortization": 2377200000,
    "ebitda": 4986800000,
    "ebitdaratio": 0.4054968288,
    "operatingIncome": 2609600000,
    "operatingIncomeRatio": 0.2121971052,
    "totalOtherIncomeExpensesNet": -627500000,
    "incomeBeforeTax": 1982100000,
    "incomeBeforeTaxRatio": 0.1611725484,
    "incomeTaxExpense": 669600000,
    "netIncome": 1312500000,
    "netIncomeRatio": 0.1067246707,
    "eps": 1.69,
    "epsdiluted": 1.69,
    "weightedAverageShsOut": 776627219,
    "weightedAverageShsOutDil": 776627219,
    "link": null,
    "finalLink": null
  },
  {
    "date": "1989-12-31",
    "symbol": "VZ",
    "reportedCurrency": "USD",
    "cik": "0000732712",
    "fillingDate": "1989-12-31",
    "acceptedDate": "1989-12-31 00:00:00",
    "calendarYear": "1989",
    "period": "FY",
    "revenue": 11448600000,
    "costOfRevenue": 3739100000,
    "grossProfit": 7709500000,
    "grossProfitRatio": 0.6734011145,
    "researchAndDevelopmentExpenses": 0,
    "generalAndAdministrativeExpenses": 0,
    "sellingAndMarketingExpenses": 0,
    "sellingGeneralAndAdministrativeExpenses": 3276800000,
    "otherExpenses": 0,
    "operatingExpenses": 5696700000,
    "costAndExpenses": 9435800000,
    "interestIncome": 0,
    "interestExpense": 0,
    "depreciationAndAmortization": 2419900000,
    "ebitda": 4432700000,
    "ebitdaratio": 0.3871827123,
    "operatingIncome": 2012800000,
    "operatingIncomeRatio": 0.1758118897,
    "totalOtherIncomeExpensesNet": -467300000,
    "incomeBeforeTax": 1545500000,
    "incomeBeforeTaxRatio": 0.1349946718,
    "incomeTaxExpense": 471000000,
    "netIncome": 1074500000,
    "netIncomeRatio": 0.0938542704,
    "eps": 1.36,
    "epsdiluted": 1.36,
    "weightedAverageShsOut": 790073529,
    "weightedAverageShsOutDil": 790073529,
    "link": null,
    "finalLink": null
  },
  {
    "date": "1988-12-31",
    "symbol": "VZ",
    "reportedCurrency": "USD",
    "cik": "0000732712",
    "fillingDate": "1988-12-31",
    "acceptedDate": "1988-12-30 19:00:00",
    "calendarYear": "1988",
    "period": "FY",
    "revenue": 10880100000,
    "costOfRevenue": 6281600000,
    "grossProfit": 4598500000,
    "grossProfitRatio": 0.4226523653,
    "researchAndDevelopmentExpenses": 0,
    "generalAndAdministrativeExpenses": 0,
    "sellingAndMarketingExpenses": 0,
    "sellingGeneralAndAdministrativeExpenses": 0,
    "otherExpenses": 0,
    "operatingExpenses": 2354000000,
    "costAndExpenses": 8635600000,
    "interestIncome": 0,
    "interestExpense": 0,
    "depreciationAndAmortization": 2354000000,
    "ebitda": 4598500000,
    "ebitdaratio": 0.4226523653,
    "operatingIncome": 2244500000,
    "operatingIncomeRatio": 0.2062940598,
    "totalOtherIncomeExpensesNet": -397700000,
    "incomeBeforeTax": 1846800000,
    "incomeBeforeTaxRatio": 0.1697410869,
    "incomeTaxExpense": 530000000,
    "netIncome": 1316800000,
    "netIncomeRatio": 0.1210282994,
    "eps": 1.67,
    "epsdiluted": 1.67,
    "weightedAverageShsOut": 788502994,
    "weightedAverageShsOutDil": 788502994,
    "link": "",
    "finalLink": ""
  },
  {
    "date": "1987-12-31",
    "symbol": "VZ",
    "reportedCurrency": "USD",
    "cik": "0000732712",
    "fillingDate": "1987-12-31",
    "acceptedDate": "1987-12-30 19:00:00",
    "calendarYear": "1987",
    "period": "FY",
    "revenue": 10298400000,
    "costOfRevenue": 5835400000,
    "grossProfit": 4463000000,
    "grossProfitRatio": 0.4333682902,
    "researchAndDevelopmentExpenses": 0,
    "generalAndAdministrativeExpenses": 0,
    "sellingAndMarketingExpenses": 0,
    "sellingGeneralAndAdministrativeExpenses": 0,
    "otherExpenses": 0,
    "operatingExpenses": 2116900000,
    "costAndExpenses": 7952300000,
    "interestIncome": 0,
    "interestExpense": 0,
    "depreciationAndAmortization": 2116900000,
    "ebitda": 4463000000,
    "ebitdaratio": 0.4333682902,
    "operatingIncome": 2346100000,
    "operatingIncomeRatio": 0.2278120873,
    "totalOtherIncomeExpensesNet": -391700000,
    "incomeBeforeTax": 1954400000,
    "incomeBeforeTaxRatio": 0.1897770527,
    "incomeTaxExpense": 714000000,
    "netIncome": 1240400000,
    "netIncomeRatio": 0.1204458945,
    "eps": 1.56,
    "epsdiluted": 1.56,
    "weightedAverageShsOut": 795128205,
    "weightedAverageShsOutDil": 795128205,
    "link": "",
    "finalLink": ""
  },
  {
    "date": "1986-12-31",
    "symbol": "VZ",
    "reportedCurrency": "USD",
    "cik": "0000732712",
    "fillingDate": "1986-12-31",
    "acceptedDate": "1986-12-30 19:00:00",
    "calendarYear": "1986",
    "period": "FY",
    "revenue": 9920800000,
    "costOfRevenue": 5530300000,
    "grossProfit": 4390500000,
    "grossProfitRatio": 0.4425550359,
    "researchAndDevelopmentExpenses": 0,
    "generalAndAdministrativeExpenses": 0,
    "sellingAndMarketingExpenses": 0,
    "sellingGeneralAndAdministrativeExpenses": 0,
    "otherExpenses": 0,
    "operatingExpenses": 1926600000,
    "costAndExpenses": 7456900000,
    "interestIncome": 0,
    "interestExpense": 0,
    "depreciationAndAmortization": 1926600000,
    "ebitda": 4390500000,
    "ebitdaratio": 0.4425550359,
    "operatingIncome": 2463900000,
    "operatingIncomeRatio": 0.2483569873,
    "totalOtherIncomeExpensesNet": -392300000,
    "incomeBeforeTax": 2071600000,
    "incomeBeforeTaxRatio": 0.2088138053,
    "incomeTaxExpense": 904500000,
    "netIncome": 1167100000,
    "netIncomeRatio": 0.1176417224,
    "eps": 1.47,
    "epsdiluted": 1.47,
    "weightedAverageShsOut": 793945578,
    "weightedAverageShsOutDil": 793945578,
    "link": "",
    "finalLink": ""
  },
  {
    "date": "1985-12-31",
    "symbol": "VZ",
    "reportedCurrency": "USD",
    "cik": "0000732712",
    "fillingDate": "1985-12-31",
    "acceptedDate": "1985-12-30 19:00:00",
    "calendarYear": "1985",
    "period": "FY",
    "revenue": 9084200000,
    "costOfRevenue": 5275800000,
    "grossProfit": 3808400000,
    "grossProfitRatio": 0.4192333942,
    "researchAndDevelopmentExpenses": 0,
    "generalAndAdministrativeExpenses": 0,
    "sellingAndMarketingExpenses": 0,
    "sellingGeneralAndAdministrativeExpenses": 0,
    "otherExpenses": 0,
    "operatingExpenses": 1483900000,
    "costAndExpenses": 6759700000,
    "interestIncome": 0,
    "interestExpense": 0,
    "depreciationAndAmortization": 1483900000,
    "ebitda": 3808400000,
    "ebitdaratio": 0.4192333942,
    "operatingIncome": 2324500000,
    "operatingIncomeRatio": 0.2558838423,
    "totalOtherIncomeExpensesNet": -421200000,
    "incomeBeforeTax": 1903300000,
    "incomeBeforeTaxRatio": 0.209517624,
    "incomeTaxExpense": 810400000,
    "netIncome": 1092900000,
    "netIncomeRatio": 0.1203077871,
    "eps": 1.37,
    "epsdiluted": 1.37,
    "weightedAverageShsOut": 797737226,
    "weightedAverageShsOutDil": 797737226,
    "link": "",
    "finalLink": ""
  }
]