[
  {
    "date": "2025-06-30",
    "symbol": "WAB",
    "reportedCurrency": "USD",
    "cik": "0000943452",
    "fillingDate": "2025-07-24",
    "acceptedDate": "2025-07-24 09:54:58",
    "calendarYear": "2025",
    "period": "Q2",
    "revenue": 2706000000,
    "costOfRevenue": 1768000000,
    "grossProfit": 938000000,
    "grossProfitRatio": 0.3466371027,
    "researchAndDevelopmentExpenses": 50000000,
    "generalAndAdministrativeExpenses": 0,
    "sellingAndMarketingExpenses": 0,
    "sellingGeneralAndAdministrativeExpenses": 347000000,
    "otherExpenses": 69000000,
    "operatingExpenses": 466000000,
    "costAndExpenses": 2234000000,
    "interestIncome": 0,
    "interestExpense": 46000000,
    "depreciationAndAmortization": 105000000,
    "ebitda": 601000000,
    "ebitdaratio": 0.2220990392,
    "operatingIncome": 472000000,
    "operatingIncomeRatio": 0.1744271988,
    "totalOtherIncomeExpensesNet": -22000000,
    "incomeBeforeTax": 450000000,
    "incomeBeforeTaxRatio": 0.1662971175,
    "incomeTaxExpense": 111000000,
    "netIncome": 336000000,
    "netIncomeRatio": 0.1241685144,
    "eps": 1.96,
    "epsdiluted": 1.96,
    "weightedAverageShsOut": 170600000,
    "weightedAverageShsOutDil": 171200000,
    "link": "https://www.sec.gov/Archives/edgar/data/943452/000162828025035852/0001628280-25-035852-index.htm",
    "finalLink": "https://www.sec.gov/Archives/edgar/data/943452/000162828025035852/wab-20250630.htm"
  },
  {
    "date": "2025-03-31",
    "symbol": "WAB",
    "reportedCurrency": "USD",
    "cik": "0000943452",
    "fillingDate": "2025-04-23",
    "acceptedDate": "2025-04-23 10:03:29",
    "calendarYear": "2025",
    "period": "Q1",
    "revenue": 2610000000,
    "costOfRevenue": 1710000000,
    "grossProfit": 900000000,
    "grossProfitRatio": 0.3448275862,
    "researchAndDevelopmentExpenses": 46000000,
    "generalAndAdministrativeExpenses": 0,
    "sellingAndMarketingExpenses": 0,
    "sellingGeneralAndAdministrativeExpenses": 307000000,
    "otherExpenses": 73000000,
    "operatingExpenses": 426000000,
    "costAndExpenses": 2136000000,
    "interestIncome": 0,
    "interestExpense": 46000000,
    "depreciationAndAmortization": 110000000,
    "ebitda": 582000000,
    "ebitdaratio": 0.2229885057,
    "operatingIncome": 474000000,
    "operatingIncomeRatio": 0.1816091954,
    "totalOtherIncomeExpensesNet": -48000000,
    "incomeBeforeTax": 426000000,
    "incomeBeforeTaxRatio": 0.1632183908,
    "incomeTaxExpense": 99000000,
    "netIncome": 322000000,
    "netIncomeRatio": 0.1233716475,
    "eps": 1.88,
    "epsdiluted": 1.88,
    "weightedAverageShsOut": 170500000,
    "weightedAverageShsOutDil": 171300000,
    "link": "https://www.sec.gov/Archives/edgar/data/943452/000162828025019005/0001628280-25-019005-index.htm",
    "finalLink": "https://www.sec.gov/Archives/edgar/data/943452/000162828025019005/wab-20250331.htm"
  },
  {
    "date": "2024-12-31",
    "symbol": "WAB",
    "reportedCurrency": "USD",
    "cik": "0000943452",
    "fillingDate": "2025-02-12",
    "acceptedDate": "2025-02-12 15:29:23",
    "calendarYear": "2024",
    "period": "Q4",
    "revenue": 2583000000,
    "costOfRevenue": 1786000000,
    "grossProfit": 797000000,
    "grossProfitRatio": 0.3085559427,
    "researchAndDevelopmentExpenses": 51000000,
    "generalAndAdministrativeExpenses": 0,
    "sellingAndMarketingExpenses": 0,
    "sellingGeneralAndAdministrativeExpenses": 333000000,
    "otherExpenses": 79000000,
    "operatingExpenses": 463000000,
    "costAndExpenses": 2249000000,
    "interestIncome": 0,
    "interestExpense": 53000000,
    "depreciationAndAmortization": 118000000,
    "ebitda": 455000000,
    "ebitdaratio": 0.1761517615,
    "operatingIncome": 334000000,
    "operatingIncomeRatio": 0.1293070074,
    "totalOtherIncomeExpensesNet": -50000000,
    "incomeBeforeTax": 284000000,
    "incomeBeforeTaxRatio": 0.1099496709,
    "incomeTaxExpense": 71000000,
    "netIncome": 212000000,
    "netIncomeRatio": 0.0820751065,
    "eps": 1.24,
    "epsdiluted": 1.23,
    "weightedAverageShsOut": 171200000,
    "weightedAverageShsOutDil": 172000000,
    "link": "https://www.sec.gov/Archives/edgar/data/943452/000162828025005100/0001628280-25-005100-index.htm",
    "finalLink": "https://www.sec.gov/Archives/edgar/data/943452/000162828025005100/wab-20241231.htm"
  },
  {
    "date": "2024-09-30",
    "symbol": "WAB",
    "reportedCurrency": "USD",
    "cik": "0000943452",
    "fillingDate": "2024-10-23",
    "acceptedDate": "2024-10-23 10:26:58",
    "calendarYear": "2024",
    "period": "Q3",
    "revenue": 2663000000,
    "costOfRevenue": 1783000000,
    "grossProfit": 880000000,
    "grossProfitRatio": 0.3304543748,
    "researchAndDevelopmentExpenses": 50000000,
    "generalAndAdministrativeExpenses": 0,
    "sellingAndMarketingExpenses": 0,
    "sellingGeneralAndAdministrativeExpenses": 318000000,
    "otherExpenses": 79000000,
    "operatingExpenses": 447000000,
    "costAndExpenses": 2230000000,
    "interestIncome": 0,
    "interestExpense": 52000000,
    "depreciationAndAmortization": 123000000,
    "ebitda": 553000000,
    "ebitdaratio": 0.2076605332,
    "operatingIncome": 433000000,
    "operatingIncomeRatio": 0.162598573,
    "totalOtherIncomeExpensesNet": -55000000,
    "incomeBeforeTax": 378000000,
    "incomeBeforeTaxRatio": 0.1419451746,
    "incomeTaxExpense": 92000000,
    "netIncome": 283000000,
    "netIncomeRatio": 0.1062711228,
    "eps": 1.63,
    "epsdiluted": 1.63,
    "weightedAverageShsOut": 173400000,
    "weightedAverageShsOutDil": 174100000,
    "link": "https://www.sec.gov/Archives/edgar/data/943452/000162828024043365/0001628280-24-043365-index.htm",
    "finalLink": "https://www.sec.gov/Archives/edgar/data/943452/000162828024043365/wab-20240930.htm"
  },
  {
    "date": "2024-06-30",
    "symbol": "WAB",
    "reportedCurrency": "USD",
    "cik": "0000943452",
    "fillingDate": "2024-07-24",
    "acceptedDate": "2024-07-24 11:43:36",
    "calendarYear": "2024",
    "period": "Q2",
    "revenue": 2644000000,
    "costOfRevenue": 1770000000,
    "grossProfit": 874000000,
    "grossProfitRatio": 0.3305597579,
    "researchAndDevelopmentExpenses": 57000000,
    "generalAndAdministrativeExpenses": 314000000,
    "sellingAndMarketingExpenses": 2000000,
    "sellingGeneralAndAdministrativeExpenses": 316000000,
    "otherExpenses": 71000000,
    "operatingExpenses": 444000000,
    "costAndExpenses": 2214000000,
    "interestIncome": 0,
    "interestExpense": 49000000,
    "depreciationAndAmortization": 106000000,
    "ebitda": 540000000,
    "ebitdaratio": 0.2042360061,
    "operatingIncome": 430000000,
    "operatingIncomeRatio": 0.1626323752,
    "totalOtherIncomeExpensesNet": -45000000,
    "incomeBeforeTax": 385000000,
    "incomeBeforeTaxRatio": 0.145612708,
    "incomeTaxExpense": 94000000,
    "netIncome": 289000000,
    "netIncomeRatio": 0.1093040847,
    "eps": 1.65,
    "epsdiluted": 1.64,
    "weightedAverageShsOut": 175400000,
    "weightedAverageShsOutDil": 176000000,
    "link": "https://www.sec.gov/Archives/edgar/data/943452/000162828024032762/0001628280-24-032762-index.htm",
    "finalLink": "https://www.sec.gov/Archives/edgar/data/943452/000162828024032762/wab-20240630.htm"
  },
  {
    "date": "2024-03-31",
    "symbol": "WAB",
    "reportedCurrency": "USD",
    "cik": "0000943452",
    "fillingDate": "2024-04-24",
    "acceptedDate": "2024-04-24 12:11:51",
    "calendarYear": "2024",
    "period": "Q1",
    "revenue": 2497000000,
    "costOfRevenue": 1682000000,
    "grossProfit": 815000000,
    "grossProfitRatio": 0.32639167,
    "researchAndDevelopmentExpenses": 48000000,
    "generalAndAdministrativeExpenses": 0,
    "sellingAndMarketingExpenses": 0,
    "sellingGeneralAndAdministrativeExpenses": 281000000,
    "otherExpenses": 74000000,
    "operatingExpenses": 403000000,
    "costAndExpenses": 2085000000,
    "interestIncome": 0,
    "interestExpense": 47000000,
    "depreciationAndAmortization": 112000000,
    "ebitda": 522000000,
    "ebitdaratio": 0.209050861,
    "operatingIncome": 412000000,
    "operatingIncomeRatio": 0.1649979976,
    "totalOtherIncomeExpensesNet": -49000000,
    "incomeBeforeTax": 363000000,
    "incomeBeforeTaxRatio": 0.1453744493,
    "incomeTaxExpense": 86000000,
    "netIncome": 272000000,
    "netIncomeRatio": 0.1089307169,
    "eps": 1.54,
    "epsdiluted": 1.54,
    "weightedAverageShsOut": 176500000,
    "weightedAverageShsOutDil": 177200000,
    "link": "https://www.sec.gov/Archives/edgar/data/943452/000162828024017577/0001628280-24-017577-index.htm",
    "finalLink": "https://www.sec.gov/Archives/edgar/data/943452/000162828024017577/wab-20240331.htm"
  },
  {
    "date": "2023-12-31",
    "symbol": "WAB",
    "reportedCurrency": "USD",
    "cik": "0000943452",
    "fillingDate": "2024-02-14",
    "acceptedDate": "2024-02-14 16:02:42",
    "calendarYear": "2023",
    "period": "Q4",
    "revenue": 2526000000,
    "costOfRevenue": 1762000000,
    "grossProfit": 764000000,
    "grossProfitRatio": 0.3024544735,
    "researchAndDevelopmentExpenses": 61000000,
    "generalAndAdministrativeExpenses": 0,
    "sellingAndMarketingExpenses": 0,
    "sellingGeneralAndAdministrativeExpenses": 296000000,
    "otherExpenses": 99000000,
    "operatingExpenses": 456000000,
    "costAndExpenses": 2218000000,
    "interestIncome": 0,
    "interestExpense": 55000000,
    "depreciationAndAmortization": 145000000,
    "ebitda": 480000000,
    "ebitdaratio": 0.190023753,
    "operatingIncome": 308000000,
    "operatingIncomeRatio": 0.1219319082,
    "totalOtherIncomeExpensesNet": -28000000,
    "incomeBeforeTax": 280000000,
    "incomeBeforeTaxRatio": 0.1108471892,
    "incomeTaxExpense": 63000000,
    "netIncome": 215000000,
    "netIncomeRatio": 0.085114806,
    "eps": 1.21,
    "epsdiluted": 1.2,
    "weightedAverageShsOut": 178000000,
    "weightedAverageShsOutDil": 178800000,
    "link": "https://www.sec.gov/Archives/edgar/data/943452/000162828024004774/0001628280-24-004774-index.htm",
    "finalLink": "https://www.sec.gov/Archives/edgar/data/943452/000162828024004774/wab-20231231.htm"
  },
  {
    "date": "2023-09-30",
    "symbol": "WAB",
    "reportedCurrency": "USD",
    "cik": "0000943452",
    "fillingDate": "2023-10-25",
    "acceptedDate": "2023-10-25 14:57:30",
    "calendarYear": "2023",
    "period": "Q3",
    "revenue": 2550000000,
    "costOfRevenue": 1758000000,
    "grossProfit": 792000000,
    "grossProfitRatio": 0.3105882353,
    "researchAndDevelopmentExpenses": 53000000,
    "generalAndAdministrativeExpenses": 0,
    "sellingAndMarketingExpenses": 0,
    "sellingGeneralAndAdministrativeExpenses": 295000000,
    "otherExpenses": 74000000,
    "operatingExpenses": 422000000,
    "costAndExpenses": 2180000000,
    "interestIncome": 0,
    "interestExpense": 60000000,
    "depreciationAndAmortization": 112000000,
    "ebitda": 492000000,
    "ebitdaratio": 0.1929411765,
    "operatingIncome": 370000000,
    "operatingIncomeRatio": 0.1450980392,
    "totalOtherIncomeExpensesNet": -50000000,
    "incomeBeforeTax": 320000000,
    "incomeBeforeTaxRatio": 0.1254901961,
    "incomeTaxExpense": 78000000,
    "netIncome": 240000000,
    "netIncomeRatio": 0.0941176471,
    "eps": 1.34,
    "epsdiluted": 1.34,
    "weightedAverageShsOut": 178600000,
    "weightedAverageShsOutDil": 179200000,
    "link": "https://www.sec.gov/Archives/edgar/data/943452/000162828023035085/0001628280-23-035085-index.htm",
    "finalLink": "https://www.sec.gov/Archives/edgar/data/943452/000162828023035085/wab-20230930.htm"
  },
  {
    "date": "2023-06-30",
    "symbol": "WAB",
    "reportedCurrency": "USD",
    "cik": "0000943452",
    "fillingDate": "2023-07-27",
    "acceptedDate": "2023-07-27 11:23:57",
    "calendarYear": "2023",
    "period": "Q2",
    "revenue": 2407000000,
    "costOfRevenue": 1684000000,
    "grossProfit": 723000000,
    "grossProfitRatio": 0.3003739094,
    "researchAndDevelopmentExpenses": 53000000,
    "generalAndAdministrativeExpenses": 284000000,
    "sellingAndMarketingExpenses": 0,
    "sellingGeneralAndAdministrativeExpenses": 284000000,
    "otherExpenses": 74000000,
    "operatingExpenses": 411000000,
    "costAndExpenses": 2095000000,
    "interestIncome": 0,
    "interestExpense": 55000000,
    "depreciationAndAmortization": 109000000,
    "ebitda": 423000000,
    "ebitdaratio": 0.1757374325,
    "operatingIncome": 312000000,
    "operatingIncomeRatio": 0.129621936,
    "totalOtherIncomeExpensesNet": -53000000,
    "incomeBeforeTax": 259000000,
    "incomeBeforeTaxRatio": 0.1076028251,
    "incomeTaxExpense": 66000000,
    "netIncome": 191000000,
    "netIncomeRatio": 0.0793518903,
    "eps": 1.07,
    "epsdiluted": 1.06,
    "weightedAverageShsOut": 178900000,
    "weightedAverageShsOutDil": 179400000,
    "link": "https://www.sec.gov/Archives/edgar/data/943452/000162828023025856/0001628280-23-025856-index.htm",
    "finalLink": "https://www.sec.gov/Archives/edgar/data/943452/000162828023025856/wab-20230630.htm"
  },
  {
    "date": "2023-03-31",
    "symbol": "WAB",
    "reportedCurrency": "USD",
    "cik": "0000943452",
    "fillingDate": "2023-04-26",
    "acceptedDate": "2023-04-26 10:55:53",
    "calendarYear": "2023",
    "period": "Q1",
    "revenue": 2194000000,
    "costOfRevenue": 1529000000,
    "grossProfit": 665000000,
    "grossProfitRatio": 0.3030993619,
    "researchAndDevelopmentExpenses": 51000000,
    "generalAndAdministrativeExpenses": 0,
    "sellingAndMarketingExpenses": 0,
    "sellingGeneralAndAdministrativeExpenses": 263000000,
    "otherExpenses": 75000000,
    "operatingExpenses": 389000000,
    "costAndExpenses": 1918000000,
    "interestIncome": 0,
    "interestExpense": 48000000,
    "depreciationAndAmortization": 111000000,
    "ebitda": 392000000,
    "ebitdaratio": 0.1786690975,
    "operatingIncome": 276000000,
    "operatingIncomeRatio": 0.1257976299,
    "totalOtherIncomeExpensesNet": -43000000,
    "incomeBeforeTax": 233000000,
    "incomeBeforeTaxRatio": 0.1061987238,
    "incomeTaxExpense": 60000000,
    "netIncome": 169000000,
    "netIncomeRatio": 0.0770282589,
    "eps": 0.94,
    "epsdiluted": 0.94,
    "weightedAverageShsOut": 179900000,
    "weightedAverageShsOutDil": 180600000,
    "link": "https://www.sec.gov/Archives/edgar/data/943452/000162828023013106/0001628280-23-013106-index.htm",
    "finalLink": "https://www.sec.gov/Archives/edgar/data/943452/000162828023013106/wab-20230331.htm"
  },
  {
    "date": "2022-12-31",
    "symbol": "WAB",
    "reportedCurrency": "USD",
    "cik": "0000943452",
    "fillingDate": "2023-02-15",
    "acceptedDate": "2023-02-15 13:38:58",
    "calendarYear": "2022",
    "period": "Q4",
    "revenue": 2306000000,
    "costOfRevenue": 1654000000,
    "grossProfit": 652000000,
    "grossProfitRatio": 0.2827406765,
    "researchAndDevelopmentExpenses": 60000000,
    "generalAndAdministrativeExpenses": 0,
    "sellingAndMarketingExpenses": 0,
    "sellingGeneralAndAdministrativeExpenses": 272000000,
    "otherExpenses": 73000000,
    "operatingExpenses": 405000000,
    "costAndExpenses": 2059000000,
    "interestIncome": 0,
    "interestExpense": 51000000,
    "depreciationAndAmortization": 106000000,
    "ebitda": 367000000,
    "ebitdaratio": 0.1591500434,
    "operatingIncome": 247000000,
    "operatingIncomeRatio": 0.107111882,
    "totalOtherIncomeExpensesNet": -37000000,
    "incomeBeforeTax": 210000000,
    "incomeBeforeTaxRatio": 0.0910667823,
    "incomeTaxExpense": 51000000,
    "netIncome": 158000000,
    "netIncomeRatio": 0.0685169124,
    "eps": 0.87,
    "epsdiluted": 0.87,
    "weightedAverageShsOut": 181750000,
    "weightedAverageShsOutDil": 182350000,
    "link": "https://www.sec.gov/Archives/edgar/data/943452/000162828023003675/0001628280-23-003675-index.htm",
    "finalLink": "https://www.sec.gov/Archives/edgar/data/943452/000162828023003675/wab-20221231.htm"
  },
  {
    "date": "2022-09-30",
    "symbol": "WAB",
    "reportedCurrency": "USD",
    "cik": "0000943452",
    "fillingDate": "2022-11-01",
    "acceptedDate": "2022-11-01 11:15:14",
    "calendarYear": "2022",
    "period": "Q3",
    "revenue": 2081000000,
    "costOfRevenue": 1433000000,
    "grossProfit": 648000000,
    "grossProfitRatio": 0.3113887554,
    "researchAndDevelopmentExpenses": 54000000,
    "generalAndAdministrativeExpenses": 0,
    "sellingAndMarketingExpenses": 0,
    "sellingGeneralAndAdministrativeExpenses": 260000000,
    "otherExpenses": 73000000,
    "operatingExpenses": 387000000,
    "costAndExpenses": 1820000000,
    "interestIncome": 0,
    "interestExpense": 48000000,
    "depreciationAndAmortization": 105000000,
    "ebitda": 370000000,
    "ebitdaratio": 0.177799135,
    "operatingIncome": 261000000,
    "operatingIncomeRatio": 0.1254204709,
    "totalOtherIncomeExpensesNet": -44000000,
    "incomeBeforeTax": 217000000,
    "incomeBeforeTaxRatio": 0.10427679,
    "incomeTaxExpense": 54000000,
    "netIncome": 160000000,
    "netIncomeRatio": 0.0768861124,
    "eps": 0.88,
    "epsdiluted": 0.88,
    "weightedAverageShsOut": 181300000,
    "weightedAverageShsOutDil": 181900000,
    "link": "https://www.sec.gov/Archives/edgar/data/943452/000162828022027500/0001628280-22-027500-index.htm",
    "finalLink": "https://www.sec.gov/Archives/edgar/data/943452/000162828022027500/wab-20220930.htm"
  },
  {
    "date": "2022-06-30",
    "symbol": "WAB",
    "reportedCurrency": "USD",
    "cik": "0000943452",
    "fillingDate": "2022-08-05",
    "acceptedDate": "2022-08-05 10:19:27",
    "calendarYear": "2022",
    "period": "Q2",
    "revenue": 2048000000,
    "costOfRevenue": 1403000000,
    "grossProfit": 645000000,
    "grossProfitRatio": 0.3149414063,
    "researchAndDevelopmentExpenses": 50000000,
    "generalAndAdministrativeExpenses": 0,
    "sellingAndMarketingExpenses": 0,
    "sellingGeneralAndAdministrativeExpenses": 259000000,
    "otherExpenses": 72000000,
    "operatingExpenses": 381000000,
    "costAndExpenses": 1784000000,
    "interestIncome": 0,
    "interestExpense": 44000000,
    "depreciationAndAmortization": 105000000,
    "ebitda": 376000000,
    "ebitdaratio": 0.18359375,
    "operatingIncome": 264000000,
    "operatingIncomeRatio": 0.12890625,
    "totalOtherIncomeExpensesNet": -37000000,
    "incomeBeforeTax": 227000000,
    "incomeBeforeTaxRatio": 0.1108398438,
    "incomeTaxExpense": 58000000,
    "netIncome": 166000000,
    "netIncomeRatio": 0.0810546875,
    "eps": 0.91,
    "epsdiluted": 0.91,
    "weightedAverageShsOut": 181900000,
    "weightedAverageShsOutDil": 182400000,
    "link": "https://www.sec.gov/Archives/edgar/data/943452/000162828022021268/0001628280-22-021268-index.htm",
    "finalLink": "https://www.sec.gov/Archives/edgar/data/943452/000162828022021268/wab-20220630.htm"
  },
  {
    "date": "2022-03-31",
    "symbol": "WAB",
    "reportedCurrency": "USD",
    "cik": "0000943452",
    "fillingDate": "2022-04-27",
    "acceptedDate": "2022-04-27 10:56:22",
    "calendarYear": "2022",
    "period": "Q1",
    "revenue": 1927000000,
    "costOfRevenue": 1332000000,
    "grossProfit": 595000000,
    "grossProfitRatio": 0.308770109,
    "researchAndDevelopmentExpenses": 45000000,
    "generalAndAdministrativeExpenses": 0,
    "sellingAndMarketingExpenses": 0,
    "sellingGeneralAndAdministrativeExpenses": 238000000,
    "otherExpenses": 73000000,
    "operatingExpenses": 356000000,
    "costAndExpenses": 1688000000,
    "interestIncome": 0,
    "interestExpense": 43000000,
    "depreciationAndAmortization": 110000000,
    "ebitda": 353000000,
    "ebitdaratio": 0.1831862999,
    "operatingIncome": 239000000,
    "operatingIncomeRatio": 0.124026985,
    "totalOtherIncomeExpensesNet": -39000000,
    "incomeBeforeTax": 200000000,
    "incomeBeforeTaxRatio": 0.1037882719,
    "incomeTaxExpense": 50000000,
    "netIncome": 149000000,
    "netIncomeRatio": 0.0773222626,
    "eps": 0.81,
    "epsdiluted": 0.81,
    "weightedAverageShsOut": 184500000,
    "weightedAverageShsOutDil": 185000000,
    "link": "https://www.sec.gov/Archives/edgar/data/943452/000162828022010717/0001628280-22-010717-index.htm",
    "finalLink": "https://www.sec.gov/Archives/edgar/data/943452/000162828022010717/wab-20220331.htm"
  },
  {
    "date": "2021-12-31",
    "symbol": "WAB",
    "reportedCurrency": "USD",
    "cik": "0000943452",
    "fillingDate": "2022-02-17",
    "acceptedDate": "2022-02-17 13:49:07",
    "calendarYear": "2021",
    "period": "Q4",
    "revenue": 2072600000,
    "costOfRevenue": 1420200000,
    "grossProfit": 652400000,
    "grossProfitRatio": 0.3147737142,
    "researchAndDevelopmentExpenses": 52000000,
    "generalAndAdministrativeExpenses": 0,
    "sellingAndMarketingExpenses": 0,
    "sellingGeneralAndAdministrativeExpenses": 263500000,
    "otherExpenses": 72300000,
    "operatingExpenses": 388300000,
    "costAndExpenses": 1808500000,
    "interestIncome": 0,
    "interestExpense": 42300000,
    "depreciationAndAmortization": 108600000,
    "ebitda": 385700000,
    "ebitdaratio": 0.1860947602,
    "operatingIncome": 264100000,
    "operatingIncomeRatio": 0.127424491,
    "totalOtherIncomeExpensesNet": -29300000,
    "incomeBeforeTax": 234800000,
    "incomeBeforeTaxRatio": 0.113287658,
    "incomeTaxExpense": 41500000,
    "netIncome": 190200000,
    "netIncomeRatio": 0.0917687928,
    "eps": 1.02,
    "epsdiluted": 1.02,
    "weightedAverageShsOut": 186000000,
    "weightedAverageShsOutDil": 186500000,
    "link": "https://www.sec.gov/Archives/edgar/data/943452/000162828022002997/0001628280-22-002997-index.htm",
    "finalLink": "https://www.sec.gov/Archives/edgar/data/943452/000162828022002997/wab-20211231.htm"
  },
  {
    "date": "2021-09-30",
    "symbol": "WAB",
    "reportedCurrency": "USD",
    "cik": "0000943452",
    "fillingDate": "2021-10-27",
    "acceptedDate": "2021-10-27 15:13:16",
    "calendarYear": "2021",
    "period": "Q3",
    "revenue": 1907000000,
    "costOfRevenue": 1304000000,
    "grossProfit": 603000000,
    "grossProfitRatio": 0.3162034609,
    "researchAndDevelopmentExpenses": 43800000,
    "generalAndAdministrativeExpenses": 0,
    "sellingAndMarketingExpenses": 0,
    "sellingGeneralAndAdministrativeExpenses": 269000000,
    "otherExpenses": 73000000,
    "operatingExpenses": 386000000,
    "costAndExpenses": 1690000000,
    "interestIncome": 200000,
    "interestExpense": 42000000,
    "depreciationAndAmortization": 106000000,
    "ebitda": 323000000,
    "ebitdaratio": 0.1693759832,
    "operatingIncome": 217000000,
    "operatingIncomeRatio": 0.1137912952,
    "totalOtherIncomeExpensesNet": -42000000,
    "incomeBeforeTax": 175000000,
    "incomeBeforeTaxRatio": 0.0917671736,
    "incomeTaxExpense": 43000000,
    "netIncome": 131000000,
    "netIncomeRatio": 0.0686942842,
    "eps": 0.69,
    "epsdiluted": 0.69,
    "weightedAverageShsOut": 187600000,
    "weightedAverageShsOutDil": 188000000,
    "link": "https://www.sec.gov/Archives/edgar/data/943452/000162828021020615/0001628280-21-020615-index.htm",
    "finalLink": "https://www.sec.gov/Archives/edgar/data/943452/000162828021020615/wab-20210930.htm"
  },
  {
    "date": "2021-06-30",
    "symbol": "WAB",
    "reportedCurrency": "USD",
    "cik": "0000943452",
    "fillingDate": "2021-07-29",
    "acceptedDate": "2021-07-29 11:35:40",
    "calendarYear": "2021",
    "period": "Q2",
    "revenue": 2012000000,
    "costOfRevenue": 1432000000,
    "grossProfit": 580000000,
    "grossProfitRatio": 0.2882703777,
    "researchAndDevelopmentExpenses": 42000000,
    "generalAndAdministrativeExpenses": 0,
    "sellingAndMarketingExpenses": 0,
    "sellingGeneralAndAdministrativeExpenses": 263000000,
    "otherExpenses": 72000000,
    "operatingExpenses": 377000000,
    "costAndExpenses": 1809000000,
    "interestIncome": 0,
    "interestExpense": 45000000,
    "depreciationAndAmortization": 119000000,
    "ebitda": 333000000,
    "ebitdaratio": 0.1655069583,
    "operatingIncome": 203000000,
    "operatingIncomeRatio": 0.1008946322,
    "totalOtherIncomeExpensesNet": -34000000,
    "incomeBeforeTax": 169000000,
    "incomeBeforeTaxRatio": 0.0839960239,
    "incomeTaxExpense": 44000000,
    "netIncome": 125000000,
    "netIncomeRatio": 0.0621272366,
    "eps": 0.66,
    "epsdiluted": 0.66,
    "weightedAverageShsOut": 188600000,
    "weightedAverageShsOutDil": 188900000,
    "link": "https://www.sec.gov/Archives/edgar/data/943452/000162828021014841/0001628280-21-014841-index.htm",
    "finalLink": "https://www.sec.gov/Archives/edgar/data/943452/000162828021014841/wab-20210630.htm"
  },
  {
    "date": "2021-03-31",
    "symbol": "WAB",
    "reportedCurrency": "USD",
    "cik": "0000943452",
    "fillingDate": "2021-04-29",
    "acceptedDate": "2021-04-29 12:03:52",
    "calendarYear": "2021",
    "period": "Q1",
    "revenue": 1830000000,
    "costOfRevenue": 1296000000,
    "grossProfit": 534000000,
    "grossProfitRatio": 0.2918032787,
    "researchAndDevelopmentExpenses": 37700000,
    "generalAndAdministrativeExpenses": 0,
    "sellingAndMarketingExpenses": 0,
    "sellingGeneralAndAdministrativeExpenses": 234000000,
    "otherExpenses": 70000000,
    "operatingExpenses": 342000000,
    "costAndExpenses": 1638000000,
    "interestIncome": 0,
    "interestExpense": 48000000,
    "depreciationAndAmortization": 107000000,
    "ebitda": 313000000,
    "ebitdaratio": 0.1710382514,
    "operatingIncome": 192000000,
    "operatingIncomeRatio": 0.1049180328,
    "totalOtherIncomeExpensesNet": -34000000,
    "incomeBeforeTax": 158000000,
    "incomeBeforeTaxRatio": 0.0863387978,
    "incomeTaxExpense": 43000000,
    "netIncome": 112000000,
    "netIncomeRatio": 0.0612021858,
    "eps": 0.59,
    "epsdiluted": 0.59,
    "weightedAverageShsOut": 188500000,
    "weightedAverageShsOutDil": 188900000,
    "link": "https://www.sec.gov/Archives/edgar/data/943452/000162828021008066/0001628280-21-008066-index.htm",
    "finalLink": "https://www.sec.gov/Archives/edgar/data/943452/000162828021008066/wab-20210331.htm"
  },
  {
    "date": "2020-12-31",
    "symbol": "WAB",
    "reportedCurrency": "USD",
    "cik": "0000943452",
    "fillingDate": "2021-02-19",
    "acceptedDate": "2021-02-19 15:05:40",
    "calendarYear": "2020",
    "period": "Q4",
    "revenue": 2023700000,
    "costOfRevenue": 1518200000,
    "grossProfit": 505500000,
    "grossProfitRatio": 0.2497899886,
    "researchAndDevelopmentExpenses": 38400000,
    "generalAndAdministrativeExpenses": 0,
    "sellingAndMarketingExpenses": 0,
    "sellingGeneralAndAdministrativeExpenses": 235200000,
    "otherExpenses": 70800000,
    "operatingExpenses": 344400000,
    "costAndExpenses": 1862600000,
    "interestIncome": 0,
    "interestExpense": 48600000,
    "depreciationAndAmortization": 99700000,
    "ebitda": 266600000,
    "ebitdaratio": 0.1317388941,
    "operatingIncome": 161100000,
    "operatingIncomeRatio": 0.0796066611,
    "totalOtherIncomeExpensesNet": -42800000,
    "incomeBeforeTax": 118300000,
    "incomeBeforeTaxRatio": 0.0584572812,
    "incomeTaxExpense": 31500000,
    "netIncome": 87900000,
    "netIncomeRatio": 0.0434352918,
    "eps": 0.46,
    "epsdiluted": 0.46,
    "weightedAverageShsOut": 189200000,
    "weightedAverageShsOutDil": 189700000,
    "link": "https://www.sec.gov/Archives/edgar/data/943452/000162828021002557/0001628280-21-002557-index.htm",
    "finalLink": "https://www.sec.gov/Archives/edgar/data/943452/000162828021002557/wab-20201231.htm"
  },
  {
    "date": "2020-09-30",
    "symbol": "WAB",
    "reportedCurrency": "USD",
    "cik": "0000943452",
    "fillingDate": "2020-10-29",
    "acceptedDate": "2020-10-29 12:01:43",
    "calendarYear": "2020",
    "period": "Q3",
    "revenue": 1865100000,
    "costOfRevenue": 1298900000,
    "grossProfit": 566200000,
    "grossProfitRatio": 0.3035762158,
    "researchAndDevelopmentExpenses": 36500000,
    "generalAndAdministrativeExpenses": 0,
    "sellingAndMarketingExpenses": 0,
    "sellingGeneralAndAdministrativeExpenses": 252700000,
    "otherExpenses": 70300000,
    "operatingExpenses": 359500000,
    "costAndExpenses": 1658400000,
    "interestIncome": 0,
    "interestExpense": 45600000,
    "depreciationAndAmortization": 107100000,
    "ebitda": 328100000,
    "ebitdaratio": 0.1759155005,
    "operatingIncome": 206700000,
    "operatingIncomeRatio": 0.1108251568,
    "totalOtherIncomeExpensesNet": -31300000,
    "incomeBeforeTax": 175400000,
    "incomeBeforeTaxRatio": 0.0940432148,
    "incomeTaxExpense": 46900000,
    "netIncome": 128100000,
    "netIncomeRatio": 0.0686826444,
    "eps": 0.67,
    "epsdiluted": 0.67,
    "weightedAverageShsOut": 189800000,
    "weightedAverageShsOutDil": 190200000,
    "link": "https://www.sec.gov/Archives/edgar/data/943452/000162828020015066/0001628280-20-015066-index.htm",
    "finalLink": "https://www.sec.gov/Archives/edgar/data/943452/000162828020015066/wab-20200930.htm"
  },
  {
    "date": "2020-06-30",
    "symbol": "WAB",
    "reportedCurrency": "USD",
    "cik": "0000943452",
    "fillingDate": "2020-07-29",
    "acceptedDate": "2020-07-29 11:40:03",
    "calendarYear": "2020",
    "period": "Q2",
    "revenue": 1737400000,
    "costOfRevenue": 1250700000,
    "grossProfit": 486700000,
    "grossProfitRatio": 0.2801312306,
    "researchAndDevelopmentExpenses": 38200000,
    "generalAndAdministrativeExpenses": 0,
    "sellingAndMarketingExpenses": 0,
    "sellingGeneralAndAdministrativeExpenses": 216800000,
    "otherExpenses": 72300000,
    "operatingExpenses": 327300000,
    "costAndExpenses": 1578000000,
    "interestIncome": 0,
    "interestExpense": 51400000,
    "depreciationAndAmortization": 100100000,
    "ebitda": 265800000,
    "ebitdaratio": 0.1529872223,
    "operatingIncome": 159400000,
    "operatingIncomeRatio": 0.0917462876,
    "totalOtherIncomeExpensesNet": -45100000,
    "incomeBeforeTax": 114300000,
    "incomeBeforeTaxRatio": 0.065787959,
    "incomeTaxExpense": 28500000,
    "netIncome": 86800000,
    "netIncomeRatio": 0.0499597099,
    "eps": 0.46,
    "epsdiluted": 0.46,
    "weightedAverageShsOut": 189800000,
    "weightedAverageShsOutDil": 190200000,
    "link": "https://www.sec.gov/Archives/edgar/data/943452/000162828020010768/0001628280-20-010768-index.htm",
    "finalLink": "https://www.sec.gov/Archives/edgar/data/943452/000162828020010768/wab-20200630.htm"
  },
  {
    "date": "2020-03-31",
    "symbol": "WAB",
    "reportedCurrency": "USD",
    "cik": "0000943452",
    "fillingDate": "2020-05-06",
    "acceptedDate": "2020-05-06 11:45:49",
    "calendarYear": "2020",
    "period": "Q1",
    "revenue": 1929900000,
    "costOfRevenue": 1351200000,
    "grossProfit": 578700000,
    "grossProfitRatio": 0.2998600964,
    "researchAndDevelopmentExpenses": 49000000,
    "generalAndAdministrativeExpenses": 0,
    "sellingAndMarketingExpenses": 0,
    "sellingGeneralAndAdministrativeExpenses": 243400000,
    "otherExpenses": 69000000,
    "operatingExpenses": 361400000,
    "costAndExpenses": 1712600000,
    "interestIncome": 0,
    "interestExpense": 53300000,
    "depreciationAndAmortization": 78200000,
    "ebitda": 280700000,
    "ebitdaratio": 0.1454479507,
    "operatingIncome": 217300000,
    "operatingIncomeRatio": 0.1125965076,
    "totalOtherIncomeExpensesNet": -68100000,
    "incomeBeforeTax": 149200000,
    "incomeBeforeTaxRatio": 0.0773097052,
    "incomeTaxExpense": 38000000,
    "netIncome": 111600000,
    "netIncomeRatio": 0.0578268304,
    "eps": 0.58,
    "epsdiluted": 0.58,
    "weightedAverageShsOut": 190800000,
    "weightedAverageShsOutDil": 191400000,
    "link": "https://www.sec.gov/Archives/edgar/data/943452/000162828020006580/0001628280-20-006580-index.htm",
    "finalLink": "https://www.sec.gov/Archives/edgar/data/943452/000162828020006580/wab-20200331.htm"
  },
  {
    "date": "2019-12-31",
    "symbol": "WAB",
    "reportedCurrency": "USD",
    "cik": "0000943452",
    "fillingDate": "2020-02-24",
    "acceptedDate": "2020-02-24 15:43:54",
    "calendarYear": "2019",
    "period": "Q4",
    "revenue": 2368400000,
    "costOfRevenue": 1693500000,
    "grossProfit": 674900000,
    "grossProfitRatio": 0.2849603108,
    "researchAndDevelopmentExpenses": 59600000,
    "generalAndAdministrativeExpenses": 0,
    "sellingAndMarketingExpenses": 0,
    "sellingGeneralAndAdministrativeExpenses": 323700000,
    "otherExpenses": 65500000,
    "operatingExpenses": 448800000,
    "costAndExpenses": 2142300000,
    "interestIncome": 0,
    "interestExpense": 58300000,
    "depreciationAndAmortization": 59800000,
    "ebitda": 298500000,
    "ebitdaratio": 0.1260344536,
    "operatingIncome": 226100000,
    "operatingIncomeRatio": 0.095465293,
    "totalOtherIncomeExpensesNet": -51400000,
    "incomeBeforeTax": 174700000,
    "incomeBeforeTaxRatio": 0.0737628779,
    "incomeTaxExpense": 37700000,
    "netIncome": 135700000,
    "netIncomeRatio": 0.0572960649,
    "eps": 0.71,
    "epsdiluted": 0.71,
    "weightedAverageShsOut": 191100000,
    "weightedAverageShsOutDil": 191600000,
    "link": "https://www.sec.gov/Archives/edgar/data/943452/000162828020002098/0001628280-20-002098-index.htm",
    "finalLink": "https://www.sec.gov/Archives/edgar/data/943452/000162828020002098/wab-20191231.htm"
  },
  {
    "date": "2019-09-30",
    "symbol": "WAB",
    "reportedCurrency": "USD",
    "cik": "0000943452",
    "fillingDate": "2019-11-01",
    "acceptedDate": "2019-11-01 12:05:24",
    "calendarYear": "2019",
    "period": "Q3",
    "revenue": 2001700000,
    "costOfRevenue": 1402300000,
    "grossProfit": 599400000,
    "grossProfitRatio": 0.2994454713,
    "researchAndDevelopmentExpenses": 58600000,
    "generalAndAdministrativeExpenses": 0,
    "sellingAndMarketingExpenses": 0,
    "sellingGeneralAndAdministrativeExpenses": 292200000,
    "otherExpenses": 79500000,
    "operatingExpenses": 430300000,
    "costAndExpenses": 1832600000,
    "interestIncome": 0,
    "interestExpense": 57700000,
    "depreciationAndAmortization": 103700000,
    "ebitda": 274700000,
    "ebitdaratio": 0.1372333517,
    "operatingIncome": 169100000,
    "operatingIncomeRatio": 0.0844781935,
    "totalOtherIncomeExpensesNet": -55800000,
    "incomeBeforeTax": 113300000,
    "incomeBeforeTaxRatio": 0.0566018884,
    "incomeTaxExpense": 22700000,
    "netIncome": 91100000,
    "netIncomeRatio": 0.0455113154,
    "eps": 0.48,
    "epsdiluted": 0.48,
    "weightedAverageShsOut": 189600000,
    "weightedAverageShsOutDil": 191500000,
    "link": "https://www.sec.gov/Archives/edgar/data/943452/000162828019013038/0001628280-19-013038-index.htm",
    "finalLink": "https://www.sec.gov/Archives/edgar/data/943452/000162828019013038/wab-20190930x10q.htm"
  },
  {
    "date": "2019-06-30",
    "symbol": "WAB",
    "reportedCurrency": "USD",
    "cik": "0000943452",
    "fillingDate": "2019-08-01",
    "acceptedDate": "2019-08-01 13:25:23",
    "calendarYear": "2019",
    "period": "Q2",
    "revenue": 2236300000,
    "costOfRevenue": 1621600000,
    "grossProfit": 614700000,
    "grossProfitRatio": 0.2748736753,
    "researchAndDevelopmentExpenses": 57120000,
    "generalAndAdministrativeExpenses": 0,
    "sellingAndMarketingExpenses": 0,
    "sellingGeneralAndAdministrativeExpenses": 290900000,
    "otherExpenses": 66000000,
    "operatingExpenses": 414100000,
    "costAndExpenses": 2035700000,
    "interestIncome": 60000,
    "interestExpense": 58500000,
    "depreciationAndAmortization": 99800000,
    "ebitda": 302500000,
    "ebitdaratio": 0.1352680767,
    "operatingIncome": 200600000,
    "operatingIncomeRatio": 0.0897017395,
    "totalOtherIncomeExpensesNet": -56400000,
    "incomeBeforeTax": 144200000,
    "incomeBeforeTaxRatio": 0.0644815096,
    "incomeTaxExpense": 41500000,
    "netIncome": 104100000,
    "netIncomeRatio": 0.0465501051,
    "eps": 0.58,
    "epsdiluted": 0.54,
    "weightedAverageShsOut": 177300000,
    "weightedAverageShsOutDil": 191500000,
    "link": "https://www.sec.gov/Archives/edgar/data/943452/000162828019009750/0001628280-19-009750-index.htm",
    "finalLink": "https://www.sec.gov/Archives/edgar/data/943452/000162828019009750/wab-20190630x10q.htm"
  },
  {
    "date": "2019-03-31",
    "symbol": "WAB",
    "reportedCurrency": "USD",
    "cik": "0000943452",
    "fillingDate": "2019-05-09",
    "acceptedDate": "2019-05-09 12:29:40",
    "calendarYear": "2019",
    "period": "Q1",
    "revenue": 1593600000,
    "costOfRevenue": 1204600000,
    "grossProfit": 389000000,
    "grossProfitRatio": 0.2441014056,
    "researchAndDevelopmentExpenses": 34545000,
    "generalAndAdministrativeExpenses": 0,
    "sellingAndMarketingExpenses": 0,
    "sellingGeneralAndAdministrativeExpenses": 259800000,
    "otherExpenses": 27400000,
    "operatingExpenses": 321700000,
    "costAndExpenses": 1526300000,
    "interestIncome": 0,
    "interestExpense": 44600000,
    "depreciationAndAmortization": 55900000,
    "ebitda": 115000000,
    "ebitdaratio": 0.0721636546,
    "operatingIncome": 67300000,
    "operatingIncomeRatio": 0.0422314257,
    "totalOtherIncomeExpensesNet": -52800000,
    "incomeBeforeTax": 14500000,
    "incomeBeforeTaxRatio": 0.0090988956,
    "incomeTaxExpense": 18500000,
    "netIncome": -4500000,
    "netIncomeRatio": -0.0028237952,
    "eps": -0.0377,
    "epsdiluted": -0.0369,
    "weightedAverageShsOut": 118567702,
    "weightedAverageShsOutDil": 121200000,
    "link": "https://www.sec.gov/Archives/edgar/data/943452/000162828019006382/0001628280-19-006382-index.htm",
    "finalLink": "https://www.sec.gov/Archives/edgar/data/943452/000162828019006382/wab-20190331x10q.htm"
  },
  {
    "date": "2018-12-31",
    "symbol": "WAB",
    "reportedCurrency": "USD",
    "cik": "0000943452",
    "fillingDate": "2019-02-27",
    "acceptedDate": "2019-02-27 13:55:48",
    "calendarYear": "2018",
    "period": "Q4",
    "revenue": 1117876000,
    "costOfRevenue": 820851000,
    "grossProfit": 297025000,
    "grossProfitRatio": 0.265704783,
    "researchAndDevelopmentExpenses": 25881000,
    "generalAndAdministrativeExpenses": 0,
    "sellingAndMarketingExpenses": 0,
    "sellingGeneralAndAdministrativeExpenses": 168047000,
    "otherExpenses": 9641000,
    "operatingExpenses": 203569000,
    "costAndExpenses": 1024420000,
    "interestIncome": 0,
    "interestExpense": 36318000,
    "depreciationAndAmortization": 26323000,
    "ebitda": 120201000,
    "ebitdaratio": 0.1075262373,
    "operatingIncome": 93456000,
    "operatingIncomeRatio": 0.0836014012,
    "totalOtherIncomeExpensesNet": -35896000,
    "incomeBeforeTax": 57560000,
    "incomeBeforeTaxRatio": 0.0514905052,
    "incomeTaxExpense": 22654000,
    "netIncome": 34423000,
    "netIncomeRatio": 0.0307932186,
    "eps": 0.36,
    "epsdiluted": 0.36,
    "weightedAverageShsOut": 96324000,
    "weightedAverageShsOutDil": 96674000,
    "link": "https://www.sec.gov/Archives/edgar/data/943452/000162828019002095/0001628280-19-002095-index.htm",
    "finalLink": "https://www.sec.gov/Archives/edgar/data/943452/000162828019002095/wab1231201810k.htm"
  },
  {
    "date": "2018-09-30",
    "symbol": "WAB",
    "reportedCurrency": "USD",
    "cik": "0000943452",
    "fillingDate": "2018-10-30",
    "acceptedDate": "2018-10-30 16:16:50",
    "calendarYear": "2018",
    "period": "Q3",
    "revenue": 1077800000,
    "costOfRevenue": 775800000,
    "grossProfit": 302000000,
    "grossProfitRatio": 0.2802004082,
    "researchAndDevelopmentExpenses": 20132000,
    "generalAndAdministrativeExpenses": 0,
    "sellingAndMarketingExpenses": 0,
    "sellingGeneralAndAdministrativeExpenses": 146800000,
    "otherExpenses": 9900000,
    "operatingExpenses": 176800000,
    "costAndExpenses": 952600000,
    "interestIncome": 4928000,
    "interestExpense": 23700000,
    "depreciationAndAmortization": 29773000,
    "ebitda": 156173000,
    "ebitdaratio": 0.1448997959,
    "operatingIncome": 125200000,
    "operatingIncomeRatio": 0.1161625533,
    "totalOtherIncomeExpensesNet": -22500000,
    "incomeBeforeTax": 102700000,
    "incomeBeforeTaxRatio": 0.0952866951,
    "incomeTaxExpense": 16600000,
    "netIncome": 87700000,
    "netIncomeRatio": 0.0813694563,
    "eps": 0.91,
    "epsdiluted": 0.91,
    "weightedAverageShsOut": 96200000,
    "weightedAverageShsOutDil": 96600000,
    "link": "https://www.sec.gov/Archives/edgar/data/943452/000162828018013088/0001628280-18-013088-index.htm",
    "finalLink": "https://www.sec.gov/Archives/edgar/data/943452/000162828018013088/wab-20180930x10q.htm"
  },
  {
    "date": "2018-06-30",
    "symbol": "WAB",
    "reportedCurrency": "USD",
    "cik": "0000943452",
    "fillingDate": "2018-07-31",
    "acceptedDate": "2018-07-31 15:58:30",
    "calendarYear": "2018",
    "period": "Q2",
    "revenue": 1111680000,
    "costOfRevenue": 787713000,
    "grossProfit": 323967000,
    "grossProfitRatio": 0.2914210924,
    "researchAndDevelopmentExpenses": 19388000,
    "generalAndAdministrativeExpenses": 0,
    "sellingAndMarketingExpenses": 0,
    "sellingGeneralAndAdministrativeExpenses": 171157000,
    "otherExpenses": 9899000,
    "operatingExpenses": 200444000,
    "costAndExpenses": 988157000,
    "interestIncome": 176000,
    "interestExpense": 31920000,
    "depreciationAndAmortization": 25373000,
    "ebitda": 151067000,
    "ebitdaratio": 0.1358907239,
    "operatingIncome": 123523000,
    "operatingIncomeRatio": 0.1111138097,
    "totalOtherIncomeExpensesNet": -29749000,
    "incomeBeforeTax": 93774000,
    "incomeBeforeTaxRatio": 0.0843534111,
    "incomeTaxExpense": 10503000,
    "netIncome": 84416000,
    "netIncomeRatio": 0.075935521,
    "eps": 0.88,
    "epsdiluted": 0.87,
    "weightedAverageShsOut": 95992000,
    "weightedAverageShsOutDil": 96575000,
    "link": "https://www.sec.gov/Archives/edgar/data/943452/000162828018009841/0001628280-18-009841-index.htm",
    "finalLink": "https://www.sec.gov/Archives/edgar/data/943452/000162828018009841/wab-20180630x10q.htm"
  },
  {
    "date": "2018-03-31",
    "symbol": "WAB",
    "reportedCurrency": "USD",
    "cik": "0000943452",
    "fillingDate": "2018-05-04",
    "acceptedDate": "2018-05-04 16:52:21",
    "calendarYear": "2018",
    "period": "Q1",
    "revenue": 1056177000,
    "costOfRevenue": 745296000,
    "grossProfit": 310881000,
    "grossProfitRatio": 0.29434555,
    "researchAndDevelopmentExpenses": 22049000,
    "generalAndAdministrativeExpenses": 0,
    "sellingAndMarketingExpenses": 0,
    "sellingGeneralAndAdministrativeExpenses": 147201000,
    "otherExpenses": 10352000,
    "operatingExpenses": 179602000,
    "costAndExpenses": 924898000,
    "interestIncome": 0,
    "interestExpense": 20284000,
    "depreciationAndAmortization": 27854000,
    "ebitda": 161719000,
    "ebitdaratio": 0.1531173279,
    "operatingIncome": 131279000,
    "operatingIncomeRatio": 0.1242964011,
    "totalOtherIncomeExpensesNet": -17698000,
    "incomeBeforeTax": 113581000,
    "incomeBeforeTaxRatio": 0.10753974,
    "incomeTaxExpense": 26124000,
    "netIncome": 88366000,
    "netIncomeRatio": 0.0836659007,
    "eps": 0.92,
    "epsdiluted": 0.92,
    "weightedAverageShsOut": 95810000,
    "weightedAverageShsOutDil": 96371000,
    "link": "https://www.sec.gov/Archives/edgar/data/943452/000162828018005984/0001628280-18-005984-index.htm",
    "finalLink": "https://www.sec.gov/Archives/edgar/data/943452/000162828018005984/wab-20180331x10q.htm"
  },
  {
    "date": "2017-12-31",
    "symbol": "WAB",
    "reportedCurrency": "USD",
    "cik": "0000943452",
    "fillingDate": "2018-02-26",
    "acceptedDate": "2018-02-26 16:30:27",
    "calendarYear": "2017",
    "period": "Q4",
    "revenue": 1075538000,
    "costOfRevenue": 807098000,
    "grossProfit": 268440000,
    "grossProfitRatio": 0.2495867185,
    "researchAndDevelopmentExpenses": 23655000,
    "generalAndAdministrativeExpenses": 0,
    "sellingAndMarketingExpenses": 0,
    "sellingGeneralAndAdministrativeExpenses": 144145000,
    "otherExpenses": 9477000,
    "operatingExpenses": 177277000,
    "costAndExpenses": 984375000,
    "interestIncome": 1253000,
    "interestExpense": 17679000,
    "depreciationAndAmortization": 26278000,
    "ebitda": 118641000,
    "ebitdaratio": 0.1103085154,
    "operatingIncome": 91163000,
    "operatingIncomeRatio": 0.0847603711,
    "totalOtherIncomeExpensesNet": -16479000,
    "incomeBeforeTax": 74684000,
    "incomeBeforeTaxRatio": 0.0694387367,
    "incomeTaxExpense": 24997000,
    "netIncome": 48948000,
    "netIncomeRatio": 0.045510247,
    "eps": 0.51,
    "epsdiluted": 0.51,
    "weightedAverageShsOut": 95714000,
    "weightedAverageShsOutDil": 96368000,
    "link": "https://www.sec.gov/Archives/edgar/data/943452/000162828018002245/0001628280-18-002245-index.htm",
    "finalLink": "https://www.sec.gov/Archives/edgar/data/943452/000162828018002245/wab1231201710k.htm"
  },
  {
    "date": "2017-09-30",
    "symbol": "WAB",
    "reportedCurrency": "USD",
    "cik": "0000943452",
    "fillingDate": "2017-11-01",
    "acceptedDate": "2017-11-01 14:59:34",
    "calendarYear": "2017",
    "period": "Q3",
    "revenue": 957931000,
    "costOfRevenue": 704728000,
    "grossProfit": 253203000,
    "grossProfitRatio": 0.2643227957,
    "researchAndDevelopmentExpenses": 24709000,
    "generalAndAdministrativeExpenses": 0,
    "sellingAndMarketingExpenses": 0,
    "sellingGeneralAndAdministrativeExpenses": 118183000,
    "otherExpenses": 8645000,
    "operatingExpenses": 151537000,
    "costAndExpenses": 856265000,
    "interestIncome": 0,
    "interestExpense": 20038000,
    "depreciationAndAmortization": 25919000,
    "ebitda": 127142000,
    "ebitdaratio": 0.1327256347,
    "operatingIncome": 101666000,
    "operatingIncomeRatio": 0.1061308174,
    "totalOtherIncomeExpensesNet": -20481000,
    "incomeBeforeTax": 81185000,
    "incomeBeforeTaxRatio": 0.084750363,
    "incomeTaxExpense": 12746000,
    "netIncome": 67399000,
    "netIncomeRatio": 0.0703589298,
    "eps": 0.7,
    "epsdiluted": 0.7,
    "weightedAverageShsOut": 95709000,
    "weightedAverageShsOutDil": 96316000,
    "link": "https://www.sec.gov/Archives/edgar/data/943452/000162828017010480/0001628280-17-010480-index.htm",
    "finalLink": "https://www.sec.gov/Archives/edgar/data/943452/000162828017010480/wab-20170930x10q.htm"
  },
  {
    "date": "2017-07-01",
    "symbol": "WAB",
    "reportedCurrency": "USD",
    "cik": "0000943452",
    "fillingDate": "2017-08-03",
    "acceptedDate": "2017-08-03 09:44:08",
    "calendarYear": "2017",
    "period": "Q2",
    "revenue": 932253000,
    "costOfRevenue": 658290000,
    "grossProfit": 273963000,
    "grossProfitRatio": 0.2938719425,
    "researchAndDevelopmentExpenses": 23338000,
    "generalAndAdministrativeExpenses": 0,
    "sellingAndMarketingExpenses": 0,
    "sellingGeneralAndAdministrativeExpenses": 127918000,
    "otherExpenses": 9350000,
    "operatingExpenses": 160606000,
    "costAndExpenses": 818896000,
    "interestIncome": 0,
    "interestExpense": 17564000,
    "depreciationAndAmortization": 25822000,
    "ebitda": 140115000,
    "ebitdaratio": 0.1502971833,
    "operatingIncome": 113357000,
    "operatingIncomeRatio": 0.1215946744,
    "totalOtherIncomeExpensesNet": -16628000,
    "incomeBeforeTax": 96729000,
    "incomeBeforeTaxRatio": 0.1037583145,
    "incomeTaxExpense": 24569000,
    "netIncome": 72025000,
    "netIncomeRatio": 0.0772590702,
    "eps": 0.75,
    "epsdiluted": 0.75,
    "weightedAverageShsOut": 95641000,
    "weightedAverageShsOutDil": 96284000,
    "link": "https://www.sec.gov/Archives/edgar/data/943452/000162828017007925/0001628280-17-007925-index.htm",
    "finalLink": "https://www.sec.gov/Archives/edgar/data/943452/000162828017007925/wab-20170630x10q.htm"
  },
  {
    "date": "2017-03-31",
    "symbol": "WAB",
    "reportedCurrency": "USD",
    "cik": "0000943452",
    "fillingDate": "2017-05-04",
    "acceptedDate": "2017-05-04 16:58:20",
    "calendarYear": "2017",
    "period": "Q1",
    "revenue": 916034000,
    "costOfRevenue": 646327000,
    "grossProfit": 269707000,
    "grossProfitRatio": 0.2944290277,
    "researchAndDevelopmentExpenses": 23464000,
    "generalAndAdministrativeExpenses": 0,
    "sellingAndMarketingExpenses": 0,
    "sellingGeneralAndAdministrativeExpenses": 122687000,
    "otherExpenses": 9044000,
    "operatingExpenses": 155195000,
    "costAndExpenses": 801522000,
    "interestIncome": 0,
    "interestExpense": 19858000,
    "depreciationAndAmortization": 25229000,
    "ebitda": 144552000,
    "ebitdaratio": 0.157802003,
    "operatingIncome": 114512000,
    "operatingIncomeRatio": 0.1250084604,
    "totalOtherIncomeExpensesNet": -15047000,
    "incomeBeforeTax": 99465000,
    "incomeBeforeTaxRatio": 0.1085822142,
    "incomeTaxExpense": 27461000,
    "netIncome": 73889000,
    "netIncomeRatio": 0.0806618532,
    "eps": 0.77,
    "epsdiluted": 0.77,
    "weightedAverageShsOut": 95243000,
    "weightedAverageShsOutDil": 95991000,
    "link": "https://www.sec.gov/Archives/edgar/data/943452/000162828017004956/0001628280-17-004956-index.htm",
    "finalLink": "https://www.sec.gov/Archives/edgar/data/943452/000162828017004956/wab-20170331x10q.htm"
  },
  {
    "date": "2016-12-31",
    "symbol": "WAB",
    "reportedCurrency": "USD",
    "cik": "0000943452",
    "fillingDate": "2017-02-28",
    "acceptedDate": "2017-02-28 09:55:44",
    "calendarYear": "2016",
    "period": "Q4",
    "revenue": 759982000,
    "costOfRevenue": 540793000,
    "grossProfit": 219189000,
    "grossProfitRatio": 0.2884134098,
    "researchAndDevelopmentExpenses": 19104000,
    "generalAndAdministrativeExpenses": 0,
    "sellingAndMarketingExpenses": 0,
    "sellingGeneralAndAdministrativeExpenses": 130687000,
    "otherExpenses": 6598000,
    "operatingExpenses": 156389000,
    "costAndExpenses": 697182000,
    "interestIncome": 608000,
    "interestExpense": 26664000,
    "depreciationAndAmortization": 20420000,
    "ebitda": 80144000,
    "ebitdaratio": 0.1054551292,
    "operatingIncome": 62800000,
    "operatingIncomeRatio": 0.0826335361,
    "totalOtherIncomeExpensesNet": -29740000,
    "incomeBeforeTax": 33060000,
    "incomeBeforeTaxRatio": 0.0435010303,
    "incomeTaxExpense": -13268000,
    "netIncome": 37811000,
    "netIncomeRatio": 0.0497524941,
    "eps": 0.42,
    "epsdiluted": 0.42,
    "weightedAverageShsOut": 89445000,
    "weightedAverageShsOutDil": 90228000,
    "link": "https://www.sec.gov/Archives/edgar/data/943452/000162828017001863/0001628280-17-001863-index.htm",
    "finalLink": "https://www.sec.gov/Archives/edgar/data/943452/000162828017001863/wab1231201610k.htm"
  },
  {
    "date": "2016-09-30",
    "symbol": "WAB",
    "reportedCurrency": "USD",
    "cik": "0000943452",
    "fillingDate": "2016-11-07",
    "acceptedDate": "2016-11-07 15:09:47",
    "calendarYear": "2016",
    "period": "Q3",
    "revenue": 675574000,
    "costOfRevenue": 463093000,
    "grossProfit": 212481000,
    "grossProfitRatio": 0.3145192089,
    "researchAndDevelopmentExpenses": 16289000,
    "generalAndAdministrativeExpenses": 0,
    "sellingAndMarketingExpenses": 0,
    "sellingGeneralAndAdministrativeExpenses": 70757000,
    "otherExpenses": 5339000,
    "operatingExpenses": 92385000,
    "costAndExpenses": 555478000,
    "interestIncome": 338000,
    "interestExpense": 6057000,
    "depreciationAndAmortization": 16282000,
    "ebitda": 137566000,
    "ebitdaratio": 0.203628322,
    "operatingIncome": 120096000,
    "operatingIncomeRatio": 0.1777688307,
    "totalOtherIncomeExpensesNet": -4869000,
    "incomeBeforeTax": 115227000,
    "incomeBeforeTaxRatio": 0.1705616261,
    "incomeTaxExpense": 32799000,
    "netIncome": 82428000,
    "netIncomeRatio": 0.1220118003,
    "eps": 0.92,
    "epsdiluted": 0.91,
    "weightedAverageShsOut": 89589000,
    "weightedAverageShsOutDil": 90293000,
    "link": "https://www.sec.gov/Archives/edgar/data/943452/000162828016020920/0001628280-16-020920-index.htm",
    "finalLink": "https://www.sec.gov/Archives/edgar/data/943452/000162828016020920/wab-20160930x10q.htm"
  },
  {
    "date": "2016-06-30",
    "symbol": "WAB",
    "reportedCurrency": "USD",
    "cik": "0000943452",
    "fillingDate": "2016-07-28",
    "acceptedDate": "2016-07-28 14:58:16",
    "calendarYear": "2016",
    "period": "Q2",
    "revenue": 723601000,
    "costOfRevenue": 486212000,
    "grossProfit": 237389000,
    "grossProfitRatio": 0.328066158,
    "researchAndDevelopmentExpenses": 18029000,
    "generalAndAdministrativeExpenses": 0,
    "sellingAndMarketingExpenses": 0,
    "sellingGeneralAndAdministrativeExpenses": 80610000,
    "otherExpenses": 5466000,
    "operatingExpenses": 104105000,
    "costAndExpenses": 590317000,
    "interestIncome": 0,
    "interestExpense": 4969000,
    "depreciationAndAmortization": 16861000,
    "ebitda": 148916000,
    "ebitdaratio": 0.2057984994,
    "operatingIncome": 133284000,
    "operatingIncomeRatio": 0.1841954337,
    "totalOtherIncomeExpensesNet": -6198000,
    "incomeBeforeTax": 127086000,
    "incomeBeforeTaxRatio": 0.1756299397,
    "incomeTaxExpense": 36601000,
    "netIncome": 90485000,
    "netIncomeRatio": 0.1250481965,
    "eps": 1,
    "epsdiluted": 1,
    "weightedAverageShsOut": 89846000,
    "weightedAverageShsOutDil": 90559000,
    "link": "https://www.sec.gov/Archives/edgar/data/943452/000162828016017885/0001628280-16-017885-index.htm",
    "finalLink": "https://www.sec.gov/Archives/edgar/data/943452/000162828016017885/wab-20160630x10q.htm"
  },
  {
    "date": "2016-03-31",
    "symbol": "WAB",
    "reportedCurrency": "USD",
    "cik": "0000943452",
    "fillingDate": "2016-04-28",
    "acceptedDate": "2016-04-28 12:11:12",
    "calendarYear": "2016",
    "period": "Q1",
    "revenue": 772031000,
    "costOfRevenue": 516851000,
    "grossProfit": 255180000,
    "grossProfitRatio": 0.3305307688,
    "researchAndDevelopmentExpenses": 17953000,
    "generalAndAdministrativeExpenses": 0,
    "sellingAndMarketingExpenses": 0,
    "sellingGeneralAndAdministrativeExpenses": 89751000,
    "otherExpenses": 5295000,
    "operatingExpenses": 112999000,
    "costAndExpenses": 629850000,
    "interestIncome": 0,
    "interestExpense": 4871000,
    "depreciationAndAmortization": 16232000,
    "ebitda": 158567000,
    "ebitdaratio": 0.2053894209,
    "operatingIncome": 142181000,
    "operatingIncomeRatio": 0.1841648846,
    "totalOtherIncomeExpensesNet": -4717000,
    "incomeBeforeTax": 137464000,
    "incomeBeforeTaxRatio": 0.1780550263,
    "incomeTaxExpense": 43301000,
    "netIncome": 94163000,
    "netIncomeRatio": 0.1219679003,
    "eps": 1.03,
    "epsdiluted": 1.02,
    "weightedAverageShsOut": 91258000,
    "weightedAverageShsOutDil": 92149000,
    "link": "https://www.sec.gov/Archives/edgar/data/943452/000162828016014887/0001628280-16-014887-index.htm",
    "finalLink": "https://www.sec.gov/Archives/edgar/data/943452/000162828016014887/wab-20160331x10q.htm"
  },
  {
    "date": "2015-12-31",
    "symbol": "WAB",
    "reportedCurrency": "USD",
    "cik": "0000943452",
    "fillingDate": "2016-02-19",
    "acceptedDate": "2016-02-19 14:03:28",
    "calendarYear": "2015",
    "period": "Q4",
    "revenue": 832849000,
    "costOfRevenue": 565221000,
    "grossProfit": 267628000,
    "grossProfitRatio": 0.321340363,
    "researchAndDevelopmentExpenses": 19361000,
    "generalAndAdministrativeExpenses": 0,
    "sellingAndMarketingExpenses": 0,
    "sellingGeneralAndAdministrativeExpenses": 91404000,
    "otherExpenses": 5654000,
    "operatingExpenses": 116419000,
    "costAndExpenses": 681640000,
    "interestIncome": 0,
    "interestExpense": 4190000,
    "depreciationAndAmortization": 16567000,
    "ebitda": 170155000,
    "ebitdaratio": 0.2043047419,
    "operatingIncome": 151209000,
    "operatingIncomeRatio": 0.1815563205,
    "totalOtherIncomeExpensesNet": -1811000,
    "incomeBeforeTax": 149398000,
    "incomeBeforeTaxRatio": 0.1793818567,
    "incomeTaxExpense": 47619000,
    "netIncome": 101779000,
    "netIncomeRatio": 0.122205826,
    "eps": 1.06,
    "epsdiluted": 1.05,
    "weightedAverageShsOut": 95367000,
    "weightedAverageShsOutDil": 96278000,
    "link": "https://www.sec.gov/Archives/edgar/data/943452/000162828016011421/0001628280-16-011421-index.htm",
    "finalLink": "https://www.sec.gov/Archives/edgar/data/943452/000162828016011421/wab1231201510k.htm"
  },
  {
    "date": "2015-09-30",
    "symbol": "WAB",
    "reportedCurrency": "USD",
    "cik": "0000943452",
    "fillingDate": "2015-10-29",
    "acceptedDate": "2015-10-29 14:18:13",
    "calendarYear": "2015",
    "period": "Q3",
    "revenue": 809527000,
    "costOfRevenue": 552458000,
    "grossProfit": 257069000,
    "grossProfitRatio": 0.317554572,
    "researchAndDevelopmentExpenses": 17239000,
    "generalAndAdministrativeExpenses": 0,
    "sellingAndMarketingExpenses": 0,
    "sellingGeneralAndAdministrativeExpenses": 82206000,
    "otherExpenses": 5546000,
    "operatingExpenses": 104991000,
    "costAndExpenses": 657449000,
    "interestIncome": 0,
    "interestExpense": 4351000,
    "depreciationAndAmortization": 16555000,
    "ebitda": 165696000,
    "ebitdaratio": 0.2046824874,
    "operatingIncome": 152078000,
    "operatingIncomeRatio": 0.1878603184,
    "totalOtherIncomeExpensesNet": -7288000,
    "incomeBeforeTax": 144790000,
    "incomeBeforeTaxRatio": 0.1788575304,
    "incomeTaxExpense": 45609000,
    "netIncome": 99181000,
    "netIncomeRatio": 0.122517223,
    "eps": 1.03,
    "epsdiluted": 1.02,
    "weightedAverageShsOut": 96369000,
    "weightedAverageShsOutDil": 97368000,
    "link": "https://www.sec.gov/Archives/edgar/data/943452/000162828015008000/0001628280-15-008000-index.htm",
    "finalLink": "https://www.sec.gov/Archives/edgar/data/943452/000162828015008000/wab-20150930x10q.htm"
  },
  {
    "date": "2015-06-30",
    "symbol": "WAB",
    "reportedCurrency": "USD",
    "cik": "0000943452",
    "fillingDate": "2015-07-30",
    "acceptedDate": "2015-07-30 13:59:11",
    "calendarYear": "2015",
    "period": "Q2",
    "revenue": 847028000,
    "costOfRevenue": 579264000,
    "grossProfit": 267764000,
    "grossProfitRatio": 0.3161217811,
    "researchAndDevelopmentExpenses": 17750000,
    "generalAndAdministrativeExpenses": 0,
    "sellingAndMarketingExpenses": 0,
    "sellingGeneralAndAdministrativeExpenses": 88992000,
    "otherExpenses": 5162000,
    "operatingExpenses": 111904000,
    "costAndExpenses": 691168000,
    "interestIncome": 0,
    "interestExpense": 4041000,
    "depreciationAndAmortization": 16043000,
    "ebitda": 170016000,
    "ebitdaratio": 0.2007206373,
    "operatingIncome": 155860000,
    "operatingIncomeRatio": 0.1840080847,
    "totalOtherIncomeExpensesNet": -5928000,
    "incomeBeforeTax": 149932000,
    "incomeBeforeTaxRatio": 0.1770094967,
    "incomeTaxExpense": 48428000,
    "netIncome": 101504000,
    "netIncomeRatio": 0.1198354718,
    "eps": 1.05,
    "epsdiluted": 1.04,
    "weightedAverageShsOut": 96338000,
    "weightedAverageShsOutDil": 97435000,
    "link": "https://www.sec.gov/Archives/edgar/data/943452/000156459015005849/0001564590-15-005849-index.htm",
    "finalLink": "https://www.sec.gov/Archives/edgar/data/943452/000156459015005849/wab-10q_20150630.htm"
  },
  {
    "date": "2015-03-31",
    "symbol": "WAB",
    "reportedCurrency": "USD",
    "cik": "0000943452",
    "fillingDate": "2015-04-30",
    "acceptedDate": "2015-04-30 12:14:06",
    "calendarYear": "2015",
    "period": "Q1",
    "revenue": 818594000,
    "costOfRevenue": 563239000,
    "grossProfit": 255355000,
    "grossProfitRatio": 0.3119434054,
    "researchAndDevelopmentExpenses": 16863000,
    "generalAndAdministrativeExpenses": 0,
    "sellingAndMarketingExpenses": 0,
    "sellingGeneralAndAdministrativeExpenses": 84771000,
    "otherExpenses": 5301000,
    "operatingExpenses": 106935000,
    "costAndExpenses": 670174000,
    "interestIncome": 0,
    "interestExpense": 4306000,
    "depreciationAndAmortization": 15569000,
    "ebitda": 161123000,
    "ebitdaratio": 0.1968289531,
    "operatingIncome": 148420000,
    "operatingIncomeRatio": 0.1813108818,
    "totalOtherIncomeExpensesNet": -7172000,
    "incomeBeforeTax": 141248000,
    "incomeBeforeTaxRatio": 0.1725495178,
    "incomeTaxExpense": 45084000,
    "netIncome": 96164000,
    "netIncomeRatio": 0.1174745967,
    "eps": 1,
    "epsdiluted": 0.99,
    "weightedAverageShsOut": 96243000,
    "weightedAverageShsOutDil": 97385000,
    "link": "https://www.sec.gov/Archives/edgar/data/943452/000156459015003068/0001564590-15-003068-index.htm",
    "finalLink": "https://www.sec.gov/Archives/edgar/data/943452/000156459015003068/wab-10q_20150331.htm"
  },
  {
    "date": "2014-12-31",
    "symbol": "WAB",
    "reportedCurrency": "USD",
    "cik": "0000943452",
    "fillingDate": "2015-02-20",
    "acceptedDate": "2015-02-20 14:12:04",
    "calendarYear": "2014",
    "period": "Q4",
    "revenue": 820866000,
    "costOfRevenue": 566569000,
    "grossProfit": 254297000,
    "grossProfitRatio": 0.309791123,
    "researchAndDevelopmentExpenses": 18328000,
    "generalAndAdministrativeExpenses": 0,
    "sellingAndMarketingExpenses": 0,
    "sellingGeneralAndAdministrativeExpenses": 93117000,
    "otherExpenses": 5889000,
    "operatingExpenses": 117334000,
    "costAndExpenses": 683903000,
    "interestIncome": 0,
    "interestExpense": 4005000,
    "depreciationAndAmortization": 16284000,
    "ebitda": 151495000,
    "ebitdaratio": 0.1845550918,
    "operatingIncome": 136963000,
    "operatingIncomeRatio": 0.166851837,
    "totalOtherIncomeExpensesNet": -5757000,
    "incomeBeforeTax": 131206000,
    "incomeBeforeTaxRatio": 0.159838512,
    "incomeTaxExpense": 38520000,
    "netIncome": 92686000,
    "netIncomeRatio": 0.1129124607,
    "eps": 0.96,
    "epsdiluted": 0.95,
    "weightedAverageShsOut": 95894000,
    "weightedAverageShsOutDil": 97056000,
    "link": "https://www.sec.gov/Archives/edgar/data/943452/000156459015000794/0001564590-15-000794-index.htm",
    "finalLink": "https://www.sec.gov/Archives/edgar/data/943452/000156459015000794/wab-10k_20141231.htm"
  },
  {
    "date": "2014-09-30",
    "symbol": "WAB",
    "reportedCurrency": "USD",
    "cik": "0000943452",
    "fillingDate": "2014-10-30",
    "acceptedDate": "2014-10-30 15:53:44",
    "calendarYear": "2014",
    "period": "Q3",
    "revenue": 797271000,
    "costOfRevenue": 549813000,
    "grossProfit": 247458000,
    "grossProfitRatio": 0.3103812882,
    "researchAndDevelopmentExpenses": 16391000,
    "generalAndAdministrativeExpenses": 0,
    "sellingAndMarketingExpenses": 0,
    "sellingGeneralAndAdministrativeExpenses": 88359000,
    "otherExpenses": 6731000,
    "operatingExpenses": 111481000,
    "costAndExpenses": 661294000,
    "interestIncome": 0,
    "interestExpense": 4594000,
    "depreciationAndAmortization": 17115000,
    "ebitda": 152938000,
    "ebitdaratio": 0.1918268694,
    "operatingIncome": 135977000,
    "operatingIncomeRatio": 0.1705530491,
    "totalOtherIncomeExpensesNet": -4748000,
    "incomeBeforeTax": 131229000,
    "incomeBeforeTaxRatio": 0.164597734,
    "incomeTaxExpense": 41074000,
    "netIncome": 90155000,
    "netIncomeRatio": 0.1130794924,
    "eps": 0.94,
    "epsdiluted": 0.93,
    "weightedAverageShsOut": 95935000,
    "weightedAverageShsOutDil": 97004000,
    "link": "https://www.sec.gov/Archives/edgar/data/943452/000156459014004721/0001564590-14-004721-index.htm",
    "finalLink": "https://www.sec.gov/Archives/edgar/data/943452/000156459014004721/wab-10q_20140930.htm"
  },
  {
    "date": "2014-06-30",
    "symbol": "WAB",
    "reportedCurrency": "USD",
    "cik": "0000943452",
    "fillingDate": "2014-07-31",
    "acceptedDate": "2014-07-31 15:27:13",
    "calendarYear": "2014",
    "period": "Q2",
    "revenue": 731068000,
    "costOfRevenue": 506410000,
    "grossProfit": 224658000,
    "grossProfitRatio": 0.3073010992,
    "researchAndDevelopmentExpenses": 14221000,
    "generalAndAdministrativeExpenses": 0,
    "sellingAndMarketingExpenses": 0,
    "sellingGeneralAndAdministrativeExpenses": 72982000,
    "otherExpenses": 5132000,
    "operatingExpenses": 92335000,
    "costAndExpenses": 598745000,
    "interestIncome": 0,
    "interestExpense": 4525000,
    "depreciationAndAmortization": 14284000,
    "ebitda": 146850000,
    "ebitdaratio": 0.2008705073,
    "operatingIncome": 132323000,
    "operatingIncomeRatio": 0.1809995787,
    "totalOtherIncomeExpensesNet": -4282000,
    "incomeBeforeTax": 128041000,
    "incomeBeforeTaxRatio": 0.1751423944,
    "incomeTaxExpense": 39336000,
    "netIncome": 88705000,
    "netIncomeRatio": 0.1213361821,
    "eps": 0.92,
    "epsdiluted": 0.91,
    "weightedAverageShsOut": 96048000,
    "weightedAverageShsOutDil": 97058000,
    "link": "https://www.sec.gov/Archives/edgar/data/943452/000156459014003020/0001564590-14-003020-index.htm",
    "finalLink": "https://www.sec.gov/Archives/edgar/data/943452/000156459014003020/wab-10q_20140630.htm"
  },
  {
    "date": "2014-03-31",
    "symbol": "WAB",
    "reportedCurrency": "USD",
    "cik": "0000943452",
    "fillingDate": "2014-05-01",
    "acceptedDate": "2014-05-01 15:33:48",
    "calendarYear": "2014",
    "period": "Q1",
    "revenue": 695249000,
    "costOfRevenue": 485680000,
    "grossProfit": 209569000,
    "grossProfitRatio": 0.3014301351,
    "researchAndDevelopmentExpenses": 12946000,
    "generalAndAdministrativeExpenses": 0,
    "sellingAndMarketingExpenses": 0,
    "sellingGeneralAndAdministrativeExpenses": 70081000,
    "otherExpenses": 4696000,
    "operatingExpenses": 87723000,
    "costAndExpenses": 573403000,
    "interestIncome": 0,
    "interestExpense": 4450000,
    "depreciationAndAmortization": 13578000,
    "ebitda": 135407000,
    "ebitdaratio": 0.1947604383,
    "operatingIncome": 121846000,
    "operatingIncomeRatio": 0.1752551963,
    "totalOtherIncomeExpensesNet": -4467000,
    "incomeBeforeTax": 117379000,
    "incomeBeforeTaxRatio": 0.1688301601,
    "incomeTaxExpense": 37245000,
    "netIncome": 80134000,
    "netIncomeRatio": 0.115259425,
    "eps": 0.84,
    "epsdiluted": 0.83,
    "weightedAverageShsOut": 95529000,
    "weightedAverageShsOutDil": 96805000,
    "link": "https://www.sec.gov/Archives/edgar/data/943452/000156459014001692/0001564590-14-001692-index.htm",
    "finalLink": "https://www.sec.gov/Archives/edgar/data/943452/000156459014001692/wab-10q_20140331.htm"
  },
  {
    "date": "2013-12-31",
    "symbol": "WAB",
    "reportedCurrency": "USD",
    "cik": "0000943452",
    "fillingDate": "2014-02-21",
    "acceptedDate": "2014-02-21 16:09:45",
    "calendarYear": "2013",
    "period": "Q4",
    "revenue": 681482000,
    "costOfRevenue": 481357000,
    "grossProfit": 200125000,
    "grossProfitRatio": 0.2936614613,
    "researchAndDevelopmentExpenses": 12754000,
    "generalAndAdministrativeExpenses": 0,
    "sellingAndMarketingExpenses": 0,
    "sellingGeneralAndAdministrativeExpenses": 71142000,
    "otherExpenses": 5011000,
    "operatingExpenses": 88907000,
    "costAndExpenses": 570264000,
    "interestIncome": 0,
    "interestExpense": 4627000,
    "depreciationAndAmortization": 14058000,
    "ebitda": 126227000,
    "ebitdaratio": 0.1852242612,
    "operatingIncome": 111218000,
    "operatingIncomeRatio": 0.1632002019,
    "totalOtherIncomeExpensesNet": -3676000,
    "incomeBeforeTax": 107542000,
    "incomeBeforeTaxRatio": 0.1578060756,
    "incomeTaxExpense": 33501000,
    "netIncome": 74041000,
    "netIncomeRatio": 0.1086470369,
    "eps": 0.77,
    "epsdiluted": 0.76,
    "weightedAverageShsOut": 95768000,
    "weightedAverageShsOutDil": 97142000,
    "link": "https://www.sec.gov/Archives/edgar/data/943452/000156459014000306/0001564590-14-000306-index.htm",
    "finalLink": "https://www.sec.gov/Archives/edgar/data/943452/000156459014000306/wab-10k_20131231.htm"
  },
  {
    "date": "2013-09-30",
    "symbol": "WAB",
    "reportedCurrency": "USD",
    "cik": "0000943452",
    "fillingDate": "2013-10-31",
    "acceptedDate": "2013-10-31 17:14:17",
    "calendarYear": "2013",
    "period": "Q3",
    "revenue": 631398000,
    "costOfRevenue": 443265000,
    "grossProfit": 188133000,
    "grossProfitRatio": 0.2979626163,
    "researchAndDevelopmentExpenses": 10921000,
    "generalAndAdministrativeExpenses": 0,
    "sellingAndMarketingExpenses": 0,
    "sellingGeneralAndAdministrativeExpenses": 63402000,
    "otherExpenses": 3939000,
    "operatingExpenses": 78262000,
    "costAndExpenses": 521527000,
    "interestIncome": 0,
    "interestExpense": 3829000,
    "depreciationAndAmortization": 12116000,
    "ebitda": 120329000,
    "ebitdaratio": 0.1905755166,
    "operatingIncome": 109871000,
    "operatingIncomeRatio": 0.1740122712,
    "totalOtherIncomeExpensesNet": -5487000,
    "incomeBeforeTax": 104384000,
    "incomeBeforeTaxRatio": 0.1653220314,
    "incomeTaxExpense": 30441000,
    "netIncome": 73943000,
    "netIncomeRatio": 0.1171099687,
    "eps": 0.77,
    "epsdiluted": 0.76,
    "weightedAverageShsOut": 95848000,
    "weightedAverageShsOutDil": 97174000,
    "link": "https://www.sec.gov/Archives/edgar/data/943452/000156459013000837/0001564590-13-000837-index.htm",
    "finalLink": "https://www.sec.gov/Archives/edgar/data/943452/000156459013000837/wab-10q_20131001.htm"
  },
  {
    "date": "2013-06-30",
    "symbol": "WAB",
    "reportedCurrency": "USD",
    "cik": "0000943452",
    "fillingDate": "2013-07-26",
    "acceptedDate": "2013-07-26 17:12:20",
    "calendarYear": "2013",
    "period": "Q2",
    "revenue": 638002000,
    "costOfRevenue": 445121000,
    "grossProfit": 192881000,
    "grossProfitRatio": 0.3023203689,
    "researchAndDevelopmentExpenses": 11280000,
    "generalAndAdministrativeExpenses": 0,
    "sellingAndMarketingExpenses": 0,
    "sellingGeneralAndAdministrativeExpenses": 63874000,
    "otherExpenses": 5173000,
    "operatingExpenses": 80327000,
    "costAndExpenses": 525448000,
    "interestIncome": 0,
    "interestExpense": 3271000,
    "depreciationAndAmortization": 13849000,
    "ebitda": 126809000,
    "ebitdaratio": 0.198759565,
    "operatingIncome": 112554000,
    "operatingIncomeRatio": 0.1764163749,
    "totalOtherIncomeExpensesNet": -2865000,
    "incomeBeforeTax": 109689000,
    "incomeBeforeTaxRatio": 0.1719257933,
    "incomeTaxExpense": 35051000,
    "netIncome": 74638000,
    "netIncomeRatio": 0.1169870941,
    "eps": 0.78,
    "epsdiluted": 0.77,
    "weightedAverageShsOut": 95762000,
    "weightedAverageShsOutDil": 97102000,
    "link": "https://www.sec.gov/Archives/edgar/data/943452/000156459013000125/0001564590-13-000125-index.htm",
    "finalLink": "https://www.sec.gov/Archives/edgar/data/943452/000156459013000125/wab-10q_20130630.htm"
  },
  {
    "date": "2013-03-31",
    "symbol": "WAB",
    "reportedCurrency": "USD",
    "cik": "0000943452",
    "fillingDate": "2013-05-02",
    "acceptedDate": "2013-05-02 14:43:39",
    "calendarYear": "2013",
    "period": "Q1",
    "revenue": 615510000,
    "costOfRevenue": 432622000,
    "grossProfit": 182888000,
    "grossProfitRatio": 0.2971324593,
    "researchAndDevelopmentExpenses": 11334000,
    "generalAndAdministrativeExpenses": 0,
    "sellingAndMarketingExpenses": 0,
    "sellingGeneralAndAdministrativeExpenses": 64300000,
    "otherExpenses": 3587000,
    "operatingExpenses": 79221000,
    "costAndExpenses": 511843000,
    "interestIncome": 0,
    "interestExpense": 3614000,
    "depreciationAndAmortization": 11170000,
    "ebitda": 114256000,
    "ebitdaratio": 0.1856281783,
    "operatingIncome": 103667000,
    "operatingIncomeRatio": 0.1684245585,
    "totalOtherIncomeExpensesNet": -4195000,
    "incomeBeforeTax": 99472000,
    "incomeBeforeTaxRatio": 0.1616090722,
    "incomeTaxExpense": 29859000,
    "netIncome": 69613000,
    "netIncomeRatio": 0.1130980813,
    "eps": 0.73,
    "epsdiluted": 0.72,
    "weightedAverageShsOut": 95025000,
    "weightedAverageShsOutDil": 96572000,
    "link": "https://www.sec.gov/Archives/edgar/data/943452/000095012313003288/0000950123-13-003288-index.htm",
    "finalLink": "https://www.sec.gov/Archives/edgar/data/943452/000095012313003288/wab-10q_20130331.htm"
  },
  {
    "date": "2012-12-31",
    "symbol": "WAB",
    "reportedCurrency": "USD",
    "cik": "0000943452",
    "fillingDate": "2013-02-22",
    "acceptedDate": "2013-02-22 13:30:54",
    "calendarYear": "2012",
    "period": "Q4",
    "revenue": 610400000,
    "costOfRevenue": 429920000,
    "grossProfit": 180480000,
    "grossProfitRatio": 0.2956749672,
    "researchAndDevelopmentExpenses": 10260000,
    "generalAndAdministrativeExpenses": 0,
    "sellingAndMarketingExpenses": 0,
    "sellingGeneralAndAdministrativeExpenses": 64774000,
    "otherExpenses": 4984000,
    "operatingExpenses": 80018000,
    "costAndExpenses": 509938000,
    "interestIncome": 0,
    "interestExpense": 3948000,
    "depreciationAndAmortization": 12648000,
    "ebitda": 113724000,
    "ebitdaratio": 0.186310616,
    "operatingIncome": 100462000,
    "operatingIncomeRatio": 0.1645838794,
    "totalOtherIncomeExpensesNet": -3334000,
    "incomeBeforeTax": 97128000,
    "incomeBeforeTaxRatio": 0.1591218873,
    "incomeTaxExpense": 32363000,
    "netIncome": 64765000,
    "netIncomeRatio": 0.1061025557,
    "eps": 0.68,
    "epsdiluted": 0.67,
    "weightedAverageShsOut": 95154000,
    "weightedAverageShsOutDil": 96682000,
    "link": "https://www.sec.gov/Archives/edgar/data/943452/000119312513071115/0001193125-13-071115-index.htm",
    "finalLink": "https://www.sec.gov/Archives/edgar/data/943452/000119312513071115/d448585d10k.htm"
  },
  {
    "date": "2012-09-30",
    "symbol": "WAB",
    "reportedCurrency": "USD",
    "cik": "0000943452",
    "fillingDate": "2012-11-02",
    "acceptedDate": "2012-11-02 11:59:06",
    "calendarYear": "2012",
    "period": "Q3",
    "revenue": 587593000,
    "costOfRevenue": 416314000,
    "grossProfit": 171279000,
    "grossProfitRatio": 0.2914925807,
    "researchAndDevelopmentExpenses": 10753000,
    "generalAndAdministrativeExpenses": 0,
    "sellingAndMarketingExpenses": 0,
    "sellingGeneralAndAdministrativeExpenses": 59743000,
    "otherExpenses": 3941000,
    "operatingExpenses": 74437000,
    "costAndExpenses": 490751000,
    "interestIncome": 0,
    "interestExpense": 3070000,
    "depreciationAndAmortization": 11294000,
    "ebitda": 106743000,
    "ebitdaratio": 0.1816614561,
    "operatingIncome": 96842000,
    "operatingIncomeRatio": 0.1648113575,
    "totalOtherIncomeExpensesNet": -4463000,
    "incomeBeforeTax": 92379000,
    "incomeBeforeTaxRatio": 0.1572159641,
    "incomeTaxExpense": 29385000,
    "netIncome": 62994000,
    "netIncomeRatio": 0.1072068592,
    "eps": 0.66,
    "epsdiluted": 0.65,
    "weightedAverageShsOut": 95286000,
    "weightedAverageShsOutDil": 96542000,
    "link": "https://www.sec.gov/Archives/edgar/data/943452/000119312512448444/0001193125-12-448444-index.htm",
    "finalLink": "https://www.sec.gov/Archives/edgar/data/943452/000119312512448444/d406933d10q.htm"
  },
  {
    "date": "2012-06-30",
    "symbol": "WAB",
    "reportedCurrency": "USD",
    "cik": "0000943452",
    "fillingDate": "2012-08-02",
    "acceptedDate": "2012-08-02 14:47:13",
    "calendarYear": "2012",
    "period": "Q2",
    "revenue": 609820000,
    "costOfRevenue": 436393000,
    "grossProfit": 173427000,
    "grossProfitRatio": 0.2843904759,
    "researchAndDevelopmentExpenses": 10145000,
    "generalAndAdministrativeExpenses": 0,
    "sellingAndMarketingExpenses": 0,
    "sellingGeneralAndAdministrativeExpenses": 59163000,
    "otherExpenses": 3254000,
    "operatingExpenses": 72562000,
    "costAndExpenses": 508955000,
    "interestIncome": 0,
    "interestExpense": 3509000,
    "depreciationAndAmortization": 9995000,
    "ebitda": 111083000,
    "ebitdaratio": 0.1821570299,
    "operatingIncome": 100865000,
    "operatingIncomeRatio": 0.1654012659,
    "totalOtherIncomeExpensesNet": -3286000,
    "incomeBeforeTax": 97579000,
    "incomeBeforeTaxRatio": 0.1600127907,
    "incomeTaxExpense": 32867000,
    "netIncome": 64712000,
    "netIncomeRatio": 0.106116559,
    "eps": 0.67,
    "epsdiluted": 0.67,
    "weightedAverageShsOut": 95671000,
    "weightedAverageShsOutDil": 96844000,
    "link": "https://www.sec.gov/Archives/edgar/data/943452/000119312512331482/0001193125-12-331482-index.htm",
    "finalLink": "https://www.sec.gov/Archives/edgar/data/943452/000119312512331482/d357740d10q.htm"
  },
  {
    "date": "2012-03-31",
    "symbol": "WAB",
    "reportedCurrency": "USD",
    "cik": "0000943452",
    "fillingDate": "2012-05-03",
    "acceptedDate": "2012-05-03 10:40:57",
    "calendarYear": "2012",
    "period": "Q1",
    "revenue": 583309000,
    "costOfRevenue": 413928000,
    "grossProfit": 169381000,
    "grossProfitRatio": 0.2903795415,
    "researchAndDevelopmentExpenses": 10149000,
    "generalAndAdministrativeExpenses": 0,
    "sellingAndMarketingExpenses": 0,
    "sellingGeneralAndAdministrativeExpenses": 62029000,
    "otherExpenses": 3093000,
    "operatingExpenses": 75271000,
    "costAndExpenses": 489199000,
    "interestIncome": 0,
    "interestExpense": 3724000,
    "depreciationAndAmortization": 10199000,
    "ebitda": 104195000,
    "ebitdaratio": 0.1786274513,
    "operatingIncome": 94110000,
    "operatingIncomeRatio": 0.1613381587,
    "totalOtherIncomeExpensesNet": -3838000,
    "incomeBeforeTax": 90272000,
    "incomeBeforeTaxRatio": 0.1547584556,
    "incomeTaxExpense": 31011000,
    "netIncome": 59261000,
    "netIncomeRatio": 0.1015945237,
    "eps": 0.62,
    "epsdiluted": 0.61,
    "weightedAverageShsOut": 95414000,
    "weightedAverageShsOutDil": 96682000,
    "link": "https://www.sec.gov/Archives/edgar/data/943452/000119312512207110/0001193125-12-207110-index.htm",
    "finalLink": "https://www.sec.gov/Archives/edgar/data/943452/000119312512207110/d320962d10q.htm"
  },
  {
    "date": "2011-12-31",
    "symbol": "WAB",
    "reportedCurrency": "USD",
    "cik": "0000943452",
    "fillingDate": "2012-02-24",
    "acceptedDate": "2012-02-24 13:05:42",
    "calendarYear": "2011",
    "period": "Q4",
    "revenue": 534639000,
    "costOfRevenue": 387305000,
    "grossProfit": 147334000,
    "grossProfitRatio": 0.275576604,
    "researchAndDevelopmentExpenses": 9279000,
    "generalAndAdministrativeExpenses": 0,
    "sellingAndMarketingExpenses": 0,
    "sellingGeneralAndAdministrativeExpenses": 61099000,
    "otherExpenses": 4447000,
    "operatingExpenses": 74825000,
    "costAndExpenses": 462130000,
    "interestIncome": 0,
    "interestExpense": 0,
    "depreciationAndAmortization": 11171000,
    "ebitda": 83680000,
    "ebitdaratio": 0.1565168272,
    "operatingIncome": 72509000,
    "operatingIncomeRatio": 0.1356223545,
    "totalOtherIncomeExpensesNet": -2667000,
    "incomeBeforeTax": 69842000,
    "incomeBeforeTaxRatio": 0.1306339418,
    "incomeTaxExpense": 23579000,
    "netIncome": 46263000,
    "netIncomeRatio": 0.0865312856,
    "eps": 0.48,
    "epsdiluted": 0.48,
    "weightedAverageShsOut": 95414000,
    "weightedAverageShsOutDil": 96682000,
    "link": "https://www.sec.gov/Archives/edgar/data/943452/000119312512077488/0001193125-12-077488-index.htm",
    "finalLink": "https://www.sec.gov/Archives/edgar/data/943452/000119312512077488/d260748d10k.htm"
  },
  {
    "date": "2011-09-30",
    "symbol": "WAB",
    "reportedCurrency": "USD",
    "cik": "0000943452",
    "fillingDate": "2011-11-09",
    "acceptedDate": "2011-11-09 12:42:16",
    "calendarYear": "2011",
    "period": "Q3",
    "revenue": 498840000,
    "costOfRevenue": 351689000,
    "grossProfit": 147151000,
    "grossProfitRatio": 0.2949863684,
    "researchAndDevelopmentExpenses": 9894000,
    "generalAndAdministrativeExpenses": 0,
    "sellingAndMarketingExpenses": 0,
    "sellingGeneralAndAdministrativeExpenses": 57676000,
    "otherExpenses": 4128000,
    "operatingExpenses": 71698000,
    "costAndExpenses": 423387000,
    "interestIncome": 0,
    "interestExpense": 3764000,
    "depreciationAndAmortization": 12904000,
    "ebitda": 86828000,
    "ebitdaratio": 0.1740598188,
    "operatingIncome": 75453000,
    "operatingIncomeRatio": 0.151256916,
    "totalOtherIncomeExpensesNet": -5293000,
    "incomeBeforeTax": 70160000,
    "incomeBeforeTaxRatio": 0.1406462994,
    "incomeTaxExpense": 23560000,
    "netIncome": 46600000,
    "netIncomeRatio": 0.0934167268,
    "eps": 0.49,
    "epsdiluted": 0.48,
    "weightedAverageShsOut": 95748000,
    "weightedAverageShsOutDil": 96732000,
    "link": "https://www.sec.gov/Archives/edgar/data/943452/000119312511303968/0001193125-11-303968-index.htm",
    "finalLink": "https://www.sec.gov/Archives/edgar/data/943452/000119312511303968/d233137d10q.htm"
  },
  {
    "date": "2011-06-30",
    "symbol": "WAB",
    "reportedCurrency": "USD",
    "cik": "0000943452",
    "fillingDate": "2011-08-04",
    "acceptedDate": "2011-08-04 13:41:08",
    "calendarYear": "2011",
    "period": "Q2",
    "revenue": 478899000,
    "costOfRevenue": 336155000,
    "grossProfit": 142744000,
    "grossProfitRatio": 0.2980670246,
    "researchAndDevelopmentExpenses": 9132000,
    "generalAndAdministrativeExpenses": 0,
    "sellingAndMarketingExpenses": 0,
    "sellingGeneralAndAdministrativeExpenses": 73943000,
    "otherExpenses": 3307000,
    "operatingExpenses": 86382000,
    "costAndExpenses": 422537000,
    "interestIncome": 0,
    "interestExpense": 3793000,
    "depreciationAndAmortization": 9956000,
    "ebitda": 65908000,
    "ebitdaratio": 0.1376240084,
    "operatingIncome": 56362000,
    "operatingIncomeRatio": 0.1176907866,
    "totalOtherIncomeExpensesNet": -4203000,
    "incomeBeforeTax": 52159000,
    "incomeBeforeTaxRatio": 0.1089144058,
    "incomeTaxExpense": 15825000,
    "netIncome": 36334000,
    "netIncomeRatio": 0.0758698598,
    "eps": 0.38,
    "epsdiluted": 0.38,
    "weightedAverageShsOut": 95900000,
    "weightedAverageShsOutDil": 96926000,
    "link": "https://www.sec.gov/Archives/edgar/data/943452/000119312511209950/0001193125-11-209950-index.htm",
    "finalLink": "https://www.sec.gov/Archives/edgar/data/943452/000119312511209950/d10q.htm"
  },
  {
    "date": "2011-03-31",
    "symbol": "WAB",
    "reportedCurrency": "USD",
    "cik": "0000943452",
    "fillingDate": "2011-05-09",
    "acceptedDate": "2011-05-09 09:34:49",
    "calendarYear": "2011",
    "period": "Q1",
    "revenue": 455259000,
    "costOfRevenue": 322064000,
    "grossProfit": 133195000,
    "grossProfitRatio": 0.292569724,
    "researchAndDevelopmentExpenses": 8888000,
    "generalAndAdministrativeExpenses": 0,
    "sellingAndMarketingExpenses": 0,
    "sellingGeneralAndAdministrativeExpenses": 54816000,
    "otherExpenses": 3114000,
    "operatingExpenses": 66818000,
    "costAndExpenses": 388882000,
    "interestIncome": 0,
    "interestExpense": 0,
    "depreciationAndAmortization": 10818000,
    "ebitda": 77195000,
    "ebitdaratio": 0.1695628203,
    "operatingIncome": 66377000,
    "operatingIncomeRatio": 0.1458005223,
    "totalOtherIncomeExpensesNet": -3224000,
    "incomeBeforeTax": 63153000,
    "incomeBeforeTaxRatio": 0.1387188392,
    "incomeTaxExpense": 22201000,
    "netIncome": 40952000,
    "netIncomeRatio": 0.0899531915,
    "eps": 0.43,
    "epsdiluted": 0.43,
    "weightedAverageShsOut": 95476000,
    "weightedAverageShsOutDil": 96502000,
    "link": "https://www.sec.gov/Archives/edgar/data/943452/000119312511131663/0001193125-11-131663-index.htm",
    "finalLink": "https://www.sec.gov/Archives/edgar/data/943452/000119312511131663/d10q.htm"
  },
  {
    "date": "2010-12-31",
    "symbol": "WAB",
    "reportedCurrency": "USD",
    "cik": "0000943452",
    "fillingDate": "2011-02-25",
    "acceptedDate": "2011-02-25 13:05:53",
    "calendarYear": "2010",
    "period": "Q4",
    "revenue": 393241000,
    "costOfRevenue": 275253000,
    "grossProfit": 117988000,
    "grossProfitRatio": 0.3000399246,
    "researchAndDevelopmentExpenses": 9721000,
    "generalAndAdministrativeExpenses": 0,
    "sellingAndMarketingExpenses": 0,
    "sellingGeneralAndAdministrativeExpenses": 53414000,
    "otherExpenses": 3504000,
    "operatingExpenses": 66639000,
    "costAndExpenses": 341892000,
    "interestIncome": 0,
    "interestExpense": 0,
    "depreciationAndAmortization": 11699000,
    "ebitda": 63048000,
    "ebitdaratio": 0.160329162,
    "operatingIncome": 51349000,
    "operatingIncomeRatio": 0.1305789579,
    "totalOtherIncomeExpensesNet": -3557000,
    "incomeBeforeTax": 47792000,
    "incomeBeforeTaxRatio": 0.1215336142,
    "incomeTaxExpense": 16812000,
    "netIncome": 30980000,
    "netIncomeRatio": 0.0787812054,
    "eps": 0.32,
    "epsdiluted": 0.32,
    "weightedAverageShsOut": 95476000,
    "weightedAverageShsOutDil": 96502000,
    "link": "https://www.sec.gov/Archives/edgar/data/943452/000119312511046939/0001193125-11-046939-index.htm",
    "finalLink": "https://www.sec.gov/Archives/edgar/data/943452/000119312511046939/d10k.htm"
  },
  {
    "date": "2010-09-30",
    "symbol": "WAB",
    "reportedCurrency": "USD",
    "cik": "0000943452",
    "fillingDate": "2010-11-08",
    "acceptedDate": "2010-11-08 09:44:17",
    "calendarYear": "2010",
    "period": "Q3",
    "revenue": 375707000,
    "costOfRevenue": 266470000,
    "grossProfit": 109237000,
    "grossProfitRatio": 0.290750505,
    "researchAndDevelopmentExpenses": 9362000,
    "generalAndAdministrativeExpenses": 0,
    "sellingAndMarketingExpenses": 0,
    "sellingGeneralAndAdministrativeExpenses": 46604000,
    "otherExpenses": 2638000,
    "operatingExpenses": 58604000,
    "costAndExpenses": 325074000,
    "interestIncome": 0,
    "interestExpense": 0,
    "depreciationAndAmortization": 9711000,
    "ebitda": 60344000,
    "ebitdaratio": 0.1606145214,
    "operatingIncome": 50633000,
    "operatingIncomeRatio": 0.1347672521,
    "totalOtherIncomeExpensesNet": -4787000,
    "incomeBeforeTax": 45846000,
    "incomeBeforeTaxRatio": 0.1220259404,
    "incomeTaxExpense": 15302000,
    "netIncome": 30544000,
    "netIncomeRatio": 0.081297394,
    "eps": 0.32,
    "epsdiluted": 0.32,
    "weightedAverageShsOut": 95354000,
    "weightedAverageShsOutDil": 96128000,
    "link": "https://www.sec.gov/Archives/edgar/data/943452/000119312510251301/0001193125-10-251301-index.htm",
    "finalLink": "https://www.sec.gov/Archives/edgar/data/943452/000119312510251301/d10q.htm"
  },
  {
    "date": "2010-06-30",
    "symbol": "WAB",
    "reportedCurrency": "USD",
    "cik": "0000943452",
    "fillingDate": "2010-08-05",
    "acceptedDate": "2010-08-05 15:05:11",
    "calendarYear": "2010",
    "period": "Q2",
    "revenue": 374137000,
    "costOfRevenue": 260673000,
    "grossProfit": 113464000,
    "grossProfitRatio": 0.3032685888,
    "researchAndDevelopmentExpenses": 10425000,
    "generalAndAdministrativeExpenses": 0,
    "sellingAndMarketingExpenses": 0,
    "sellingGeneralAndAdministrativeExpenses": 51243000,
    "otherExpenses": 2144000,
    "operatingExpenses": 63812000,
    "costAndExpenses": 324485000,
    "interestIncome": 0,
    "interestExpense": 0,
    "depreciationAndAmortization": 8776000,
    "ebitda": 58428000,
    "ebitdaratio": 0.1561673932,
    "operatingIncome": 49652000,
    "operatingIncomeRatio": 0.132710745,
    "totalOtherIncomeExpensesNet": -3006000,
    "incomeBeforeTax": 46646000,
    "incomeBeforeTaxRatio": 0.124676255,
    "incomeTaxExpense": 15435000,
    "netIncome": 31211000,
    "netIncomeRatio": 0.0834213136,
    "eps": 0.33,
    "epsdiluted": 0.33,
    "weightedAverageShsOut": 95450000,
    "weightedAverageShsOutDil": 96178000,
    "link": "https://www.sec.gov/Archives/edgar/data/943452/000119312510179157/0001193125-10-179157-index.htm",
    "finalLink": "https://www.sec.gov/Archives/edgar/data/943452/000119312510179157/d10q.htm"
  },
  {
    "date": "2010-03-31",
    "symbol": "WAB",
    "reportedCurrency": "USD",
    "cik": "0000943452",
    "fillingDate": "2010-05-06",
    "acceptedDate": "2010-05-06 16:43:43",
    "calendarYear": "2010",
    "period": "Q1",
    "revenue": 363927000,
    "costOfRevenue": 255538000,
    "grossProfit": 108389000,
    "grossProfitRatio": 0.297831708,
    "researchAndDevelopmentExpenses": 10695000,
    "generalAndAdministrativeExpenses": 0,
    "sellingAndMarketingExpenses": 0,
    "sellingGeneralAndAdministrativeExpenses": 44631000,
    "otherExpenses": 1887000,
    "operatingExpenses": 57213000,
    "costAndExpenses": 312751000,
    "interestIncome": 0,
    "interestExpense": 3912000,
    "depreciationAndAmortization": 8400000,
    "ebitda": 59576000,
    "ebitdaratio": 0.1637031602,
    "operatingIncome": 51176000,
    "operatingIncomeRatio": 0.1406216082,
    "totalOtherIncomeExpensesNet": -4633000,
    "incomeBeforeTax": 46543000,
    "incomeBeforeTaxRatio": 0.1278910331,
    "incomeTaxExpense": 16179000,
    "netIncome": 30364000,
    "netIncomeRatio": 0.0834343151,
    "eps": 0.32,
    "epsdiluted": 0.32,
    "weightedAverageShsOut": 94922000,
    "weightedAverageShsOutDil": 95790000,
    "link": "https://www.sec.gov/Archives/edgar/data/943452/000119312510111008/0001193125-10-111008-index.htm",
    "finalLink": "https://www.sec.gov/Archives/edgar/data/943452/000119312510111008/d10q.htm"
  },
  {
    "date": "2009-12-31",
    "symbol": "WAB",
    "reportedCurrency": "USD",
    "cik": "0000943452",
    "fillingDate": "2010-02-24",
    "acceptedDate": "2010-02-24 11:49:42",
    "calendarYear": "2009",
    "period": "Q4",
    "revenue": 359188000,
    "costOfRevenue": 258806000,
    "grossProfit": 100382000,
    "grossProfitRatio": 0.2794692473,
    "researchAndDevelopmentExpenses": 10966000,
    "generalAndAdministrativeExpenses": 0,
    "sellingAndMarketingExpenses": 0,
    "sellingGeneralAndAdministrativeExpenses": 42470000,
    "otherExpenses": 5148000,
    "operatingExpenses": 58584000,
    "costAndExpenses": 317390000,
    "interestIncome": 0,
    "interestExpense": 0,
    "depreciationAndAmortization": 11666000,
    "ebitda": 52815000,
    "ebitdaratio": 0.1470399902,
    "operatingIncome": 41798000,
    "operatingIncomeRatio": 0.1163680301,
    "totalOtherIncomeExpensesNet": -5174000,
    "incomeBeforeTax": 36624000,
    "incomeBeforeTaxRatio": 0.1019633173,
    "incomeTaxExpense": 12419000,
    "netIncome": 24205000,
    "netIncomeRatio": 0.0673881087,
    "eps": 0.25,
    "epsdiluted": 0.25,
    "weightedAverageShsOut": 94922000,
    "weightedAverageShsOutDil": 95790000,
    "link": "https://www.sec.gov/Archives/edgar/data/943452/000119312510038499/0001193125-10-038499-index.htm",
    "finalLink": "https://www.sec.gov/Archives/edgar/data/943452/000119312510038499/d10k.htm"
  },
  {
    "date": "2009-09-30",
    "symbol": "WAB",
    "reportedCurrency": "USD",
    "cik": "0000943452",
    "fillingDate": "2009-10-29",
    "acceptedDate": "2009-10-29 10:52:55",
    "calendarYear": "2009",
    "period": "Q3",
    "revenue": 330455000,
    "costOfRevenue": 235629000,
    "grossProfit": 94826000,
    "grossProfitRatio": 0.2869558639,
    "researchAndDevelopmentExpenses": 10157000,
    "generalAndAdministrativeExpenses": 0,
    "sellingAndMarketingExpenses": 0,
    "sellingGeneralAndAdministrativeExpenses": 37162000,
    "otherExpenses": 1748000,
    "operatingExpenses": 49067000,
    "costAndExpenses": 284696000,
    "interestIncome": 0,
    "interestExpense": 3687000,
    "depreciationAndAmortization": 7048000,
    "ebitda": 52807000,
    "ebitdaratio": 0.1598008806,
    "operatingIncome": 45759000,
    "operatingIncomeRatio": 0.1384727119,
    "totalOtherIncomeExpensesNet": -3293000,
    "incomeBeforeTax": 42466000,
    "incomeBeforeTaxRatio": 0.1285076637,
    "incomeTaxExpense": 15118000,
    "netIncome": 27348000,
    "netIncomeRatio": 0.0827586207,
    "eps": 0.29,
    "epsdiluted": 0.28,
    "weightedAverageShsOut": 94578000,
    "weightedAverageShsOutDil": 95504000,
    "link": "https://www.sec.gov/Archives/edgar/data/943452/000119312509217097/0001193125-09-217097-index.htm",
    "finalLink": "https://www.sec.gov/Archives/edgar/data/943452/000119312509217097/d10q.htm"
  },
  {
    "date": "2009-06-30",
    "symbol": "WAB",
    "reportedCurrency": "USD",
    "cik": "0000943452",
    "fillingDate": "2009-08-07",
    "acceptedDate": "2009-08-07 09:53:58",
    "calendarYear": "2009",
    "period": "Q2",
    "revenue": 334013000,
    "costOfRevenue": 242350000,
    "grossProfit": 91663000,
    "grossProfitRatio": 0.2744294384,
    "researchAndDevelopmentExpenses": 10765000,
    "generalAndAdministrativeExpenses": 0,
    "sellingAndMarketingExpenses": 0,
    "sellingGeneralAndAdministrativeExpenses": 42112000,
    "otherExpenses": 2059000,
    "operatingExpenses": 54936000,
    "costAndExpenses": 297286000,
    "interestIncome": 0,
    "interestExpense": 3525000,
    "depreciationAndAmortization": 8899000,
    "ebitda": 45626000,
    "ebitdaratio": 0.1365994737,
    "operatingIncome": 36727000,
    "operatingIncomeRatio": 0.1099567981,
    "totalOtherIncomeExpensesNet": -3659000,
    "incomeBeforeTax": 33068000,
    "incomeBeforeTaxRatio": 0.0990021346,
    "incomeTaxExpense": 2232000,
    "netIncome": 30836000,
    "netIncomeRatio": 0.09231976,
    "eps": 0.33,
    "epsdiluted": 0.32,
    "weightedAverageShsOut": 94974000,
    "weightedAverageShsOutDil": 96026000,
    "link": "https://www.sec.gov/Archives/edgar/data/943452/000119312509168339/0001193125-09-168339-index.htm",
    "finalLink": "https://www.sec.gov/Archives/edgar/data/943452/000119312509168339/d10q.htm"
  },
  {
    "date": "2009-03-31",
    "symbol": "WAB",
    "reportedCurrency": "USD",
    "cik": "0000943452",
    "fillingDate": "2009-05-07",
    "acceptedDate": "2009-05-07 16:18:54",
    "calendarYear": "2009",
    "period": "Q1",
    "revenue": 377960000,
    "costOfRevenue": 270785000,
    "grossProfit": 107175000,
    "grossProfitRatio": 0.2835617526,
    "researchAndDevelopmentExpenses": 10559000,
    "generalAndAdministrativeExpenses": 0,
    "sellingAndMarketingExpenses": 0,
    "sellingGeneralAndAdministrativeExpenses": 38553000,
    "otherExpenses": 2315000,
    "operatingExpenses": 51427000,
    "costAndExpenses": 322212000,
    "interestIncome": 0,
    "interestExpense": 4936000,
    "depreciationAndAmortization": 9326000,
    "ebitda": 65463000,
    "ebitdaratio": 0.1732008678,
    "operatingIncome": 55748000,
    "operatingIncomeRatio": 0.1474970896,
    "totalOtherIncomeExpensesNet": -4547000,
    "incomeBeforeTax": 51201000,
    "incomeBeforeTaxRatio": 0.1354667161,
    "incomeTaxExpense": 18535000,
    "netIncome": 32666000,
    "netIncomeRatio": 0.0864271351,
    "eps": 0.34,
    "epsdiluted": 0.34,
    "weightedAverageShsOut": 95290000,
    "weightedAverageShsOutDil": 96262000,
    "link": "https://www.sec.gov/Archives/edgar/data/943452/000119312509103388/0001193125-09-103388-index.htm",
    "finalLink": "https://www.sec.gov/Archives/edgar/data/943452/000119312509103388/d10q.htm"
  },
  {
    "date": "2008-12-31",
    "symbol": "WAB",
    "reportedCurrency": "USD",
    "cik": "0000943452",
    "fillingDate": "2009-02-27",
    "acceptedDate": "2009-02-27 12:19:41",
    "calendarYear": "2008",
    "period": "Q4",
    "revenue": 405211000,
    "costOfRevenue": 299415000,
    "grossProfit": 105796000,
    "grossProfitRatio": 0.2610886674,
    "researchAndDevelopmentExpenses": 9656000,
    "generalAndAdministrativeExpenses": 0,
    "sellingAndMarketingExpenses": 0,
    "sellingGeneralAndAdministrativeExpenses": 44275000,
    "otherExpenses": 1611000,
    "operatingExpenses": 55542000,
    "costAndExpenses": 354957000,
    "interestIncome": 0,
    "interestExpense": 0,
    "depreciationAndAmortization": 7791000,
    "ebitda": 58045000,
    "ebitdaratio": 0.1432463581,
    "operatingIncome": 50254000,
    "operatingIncomeRatio": 0.1240193381,
    "totalOtherIncomeExpensesNet": -2320000,
    "incomeBeforeTax": 47934000,
    "incomeBeforeTaxRatio": 0.1182939259,
    "incomeTaxExpense": 16825000,
    "netIncome": 31109000,
    "netIncomeRatio": 0.0767723482,
    "eps": 0.33,
    "epsdiluted": 0.32,
    "weightedAverageShsOut": 95290000,
    "weightedAverageShsOutDil": 96262000,
    "link": "https://www.sec.gov/Archives/edgar/data/943452/000119312509040484/0001193125-09-040484-index.htm",
    "finalLink": "https://www.sec.gov/Archives/edgar/data/943452/000119312509040484/d10k.htm"
  },
  {
    "date": "2008-09-30",
    "symbol": "WAB",
    "reportedCurrency": "USD",
    "cik": "0000943452",
    "fillingDate": "2008-11-06",
    "acceptedDate": "2008-11-06 15:20:19",
    "calendarYear": "2008",
    "period": "Q3",
    "revenue": 396017000,
    "costOfRevenue": 288343000,
    "grossProfit": 107674000,
    "grossProfitRatio": 0.2718923683,
    "researchAndDevelopmentExpenses": 9713000,
    "generalAndAdministrativeExpenses": 0,
    "sellingAndMarketingExpenses": 0,
    "sellingGeneralAndAdministrativeExpenses": 43841000,
    "otherExpenses": 1666000,
    "operatingExpenses": 55220000,
    "costAndExpenses": 343563000,
    "interestIncome": 0,
    "interestExpense": 1943000,
    "depreciationAndAmortization": 7567000,
    "ebitda": 59921000,
    "ebitdaratio": 0.151309161,
    "operatingIncome": 52454000,
    "operatingIncomeRatio": 0.1324539098,
    "totalOtherIncomeExpensesNet": -2043000,
    "incomeBeforeTax": 50411000,
    "incomeBeforeTaxRatio": 0.1272950404,
    "incomeTaxExpense": 17241000,
    "netIncome": 33170000,
    "netIncomeRatio": 0.0837590305,
    "eps": 0.34,
    "epsdiluted": 0.34,
    "weightedAverageShsOut": 96322000,
    "weightedAverageShsOutDil": 97654000,
    "link": "https://www.sec.gov/Archives/edgar/data/943452/000119312508227810/0001193125-08-227810-index.htm",
    "finalLink": "https://www.sec.gov/Archives/edgar/data/943452/000119312508227810/d10q.htm"
  },
  {
    "date": "2008-06-30",
    "symbol": "WAB",
    "reportedCurrency": "USD",
    "cik": "0000943452",
    "fillingDate": "2008-08-08",
    "acceptedDate": "2008-08-08 06:49:05",
    "calendarYear": "2008",
    "period": "Q2",
    "revenue": 390194000,
    "costOfRevenue": 281693000,
    "grossProfit": 108501000,
    "grossProfitRatio": 0.2780693706,
    "researchAndDevelopmentExpenses": 9631000,
    "generalAndAdministrativeExpenses": 0,
    "sellingAndMarketingExpenses": 0,
    "sellingGeneralAndAdministrativeExpenses": 42036000,
    "otherExpenses": 912000,
    "operatingExpenses": 52579000,
    "costAndExpenses": 334272000,
    "interestIncome": 0,
    "interestExpense": 1293000,
    "depreciationAndAmortization": 7136000,
    "ebitda": 62362000,
    "ebitdaratio": 0.1598230624,
    "operatingIncome": 55922000,
    "operatingIncomeRatio": 0.1433184518,
    "totalOtherIncomeExpensesNet": -1989000,
    "incomeBeforeTax": 53933000,
    "incomeBeforeTaxRatio": 0.1382209875,
    "incomeTaxExpense": 20171000,
    "netIncome": 33762000,
    "netIncomeRatio": 0.0865261895,
    "eps": 0.35,
    "epsdiluted": 0.35,
    "weightedAverageShsOut": 96190000,
    "weightedAverageShsOutDil": 97310000,
    "link": "https://www.sec.gov/Archives/edgar/data/943452/000119312508170944/0001193125-08-170944-index.htm",
    "finalLink": "https://www.sec.gov/Archives/edgar/data/943452/000119312508170944/d10q.htm"
  },
  {
    "date": "2008-03-31",
    "symbol": "WAB",
    "reportedCurrency": "USD",
    "cik": "0000943452",
    "fillingDate": "2008-05-09",
    "acceptedDate": "2008-05-09 12:13:16",
    "calendarYear": "2008",
    "period": "Q1",
    "revenue": 383327000,
    "costOfRevenue": 278112000,
    "grossProfit": 105215000,
    "grossProfitRatio": 0.2744784479,
    "researchAndDevelopmentExpenses": 9981000,
    "generalAndAdministrativeExpenses": 0,
    "sellingAndMarketingExpenses": 0,
    "sellingGeneralAndAdministrativeExpenses": 40445000,
    "otherExpenses": 903000,
    "operatingExpenses": 51329000,
    "costAndExpenses": 329441000,
    "interestIncome": 0,
    "interestExpense": 0,
    "depreciationAndAmortization": 7332000,
    "ebitda": 61218000,
    "ebitdaratio": 0.159701769,
    "operatingIncome": 53886000,
    "operatingIncomeRatio": 0.1405744964,
    "totalOtherIncomeExpensesNet": -1864000,
    "incomeBeforeTax": 52022000,
    "incomeBeforeTaxRatio": 0.1357118074,
    "incomeTaxExpense": 19509000,
    "netIncome": 32510000,
    "netIncomeRatio": 0.0848100969,
    "eps": 0.34,
    "epsdiluted": 0.33,
    "weightedAverageShsOut": 96758000,
    "weightedAverageShsOutDil": 98074000,
    "link": "https://www.sec.gov/Archives/edgar/data/943452/000119312508109270/0001193125-08-109270-index.htm",
    "finalLink": "https://www.sec.gov/Archives/edgar/data/943452/000119312508109270/d10q.htm"
  },
  {
    "date": "2007-12-31",
    "symbol": "WAB",
    "reportedCurrency": "USD",
    "cik": "0000943452",
    "fillingDate": "2008-02-29",
    "acceptedDate": "2008-02-29 14:01:14",
    "calendarYear": "2007",
    "period": "Q4",
    "revenue": 365268000,
    "costOfRevenue": 268782000,
    "grossProfit": 96486000,
    "grossProfitRatio": 0.2641512533,
    "researchAndDevelopmentExpenses": 10355000,
    "generalAndAdministrativeExpenses": 0,
    "sellingAndMarketingExpenses": 0,
    "sellingGeneralAndAdministrativeExpenses": 38898000,
    "otherExpenses": 1022000,
    "operatingExpenses": 50275000,
    "costAndExpenses": 319057000,
    "interestIncome": 0,
    "interestExpense": 0,
    "depreciationAndAmortization": 7476000,
    "ebitda": 53687000,
    "ebitdaratio": 0.1469797519,
    "operatingIncome": 46211000,
    "operatingIncomeRatio": 0.126512588,
    "totalOtherIncomeExpensesNet": -1451000,
    "incomeBeforeTax": 44760000,
    "incomeBeforeTaxRatio": 0.1225401623,
    "incomeTaxExpense": 15812000,
    "netIncome": 28676000,
    "netIncomeRatio": 0.0785067403,
    "eps": 0.3,
    "epsdiluted": 0.29,
    "weightedAverageShsOut": 96758000,
    "weightedAverageShsOutDil": 98074000,
    "link": "https://www.sec.gov/Archives/edgar/data/943452/000119312508043352/0001193125-08-043352-index.htm",
    "finalLink": "https://www.sec.gov/Archives/edgar/data/943452/000119312508043352/d10k.htm"
  },
  {
    "date": "2007-09-30",
    "symbol": "WAB",
    "reportedCurrency": "USD",
    "cik": "0000943452",
    "fillingDate": "2007-11-09",
    "acceptedDate": "2007-11-09 12:04:39",
    "calendarYear": "2007",
    "period": "Q3",
    "revenue": 354834000,
    "costOfRevenue": 259117000,
    "grossProfit": 95717000,
    "grossProfitRatio": 0.2697514894,
    "researchAndDevelopmentExpenses": 9237000,
    "generalAndAdministrativeExpenses": 0,
    "sellingAndMarketingExpenses": 0,
    "sellingGeneralAndAdministrativeExpenses": 39679000,
    "otherExpenses": 1157000,
    "operatingExpenses": 50073000,
    "costAndExpenses": 309190000,
    "interestIncome": 0,
    "interestExpense": 0,
    "depreciationAndAmortization": 7693000,
    "ebitda": 53337000,
    "ebitdaratio": 0.1503153587,
    "operatingIncome": 45644000,
    "operatingIncomeRatio": 0.1286347982,
    "totalOtherIncomeExpensesNet": -2216000,
    "incomeBeforeTax": 43428000,
    "incomeBeforeTaxRatio": 0.1223896244,
    "incomeTaxExpense": 16668000,
    "netIncome": 27242000,
    "netIncomeRatio": 0.0767739281,
    "eps": 0.28,
    "epsdiluted": 0.28,
    "weightedAverageShsOut": 97472000,
    "weightedAverageShsOutDil": 98762000,
    "link": "https://www.sec.gov/Archives/edgar/data/943452/000119312507241814/0001193125-07-241814-index.htm",
    "finalLink": "https://www.sec.gov/Archives/edgar/data/943452/000119312507241814/d10q.htm"
  },
  {
    "date": "2007-06-30",
    "symbol": "WAB",
    "reportedCurrency": "USD",
    "cik": "0000943452",
    "fillingDate": "2007-08-09",
    "acceptedDate": "2007-08-09 12:02:24",
    "calendarYear": "2007",
    "period": "Q2",
    "revenue": 325722000,
    "costOfRevenue": 234872000,
    "grossProfit": 90850000,
    "grossProfitRatio": 0.2789188326,
    "researchAndDevelopmentExpenses": 9026000,
    "generalAndAdministrativeExpenses": 0,
    "sellingAndMarketingExpenses": 0,
    "sellingGeneralAndAdministrativeExpenses": 34915000,
    "otherExpenses": 1140000,
    "operatingExpenses": 45081000,
    "costAndExpenses": 279953000,
    "interestIncome": 0,
    "interestExpense": 0,
    "depreciationAndAmortization": 7211000,
    "ebitda": 52980000,
    "ebitdaratio": 0.1626540424,
    "operatingIncome": 45769000,
    "operatingIncomeRatio": 0.1405155316,
    "totalOtherIncomeExpensesNet": -2175000,
    "incomeBeforeTax": 43594000,
    "incomeBeforeTaxRatio": 0.1338380582,
    "incomeTaxExpense": 15469000,
    "netIncome": 28130000,
    "netIncomeRatio": 0.0863619897,
    "eps": 0.29,
    "epsdiluted": 0.28,
    "weightedAverageShsOut": 97332000,
    "weightedAverageShsOutDil": 98588000,
    "link": "https://www.sec.gov/Archives/edgar/data/943452/000119312507176979/0001193125-07-176979-index.htm",
    "finalLink": "https://www.sec.gov/Archives/edgar/data/943452/000119312507176979/d10q.htm"
  },
  {
    "date": "2007-03-31",
    "symbol": "WAB",
    "reportedCurrency": "USD",
    "cik": "0000943452",
    "fillingDate": "2007-05-10",
    "acceptedDate": "2007-05-10 14:36:07",
    "calendarYear": "2007",
    "period": "Q1",
    "revenue": 314264000,
    "costOfRevenue": 227698000,
    "grossProfit": 86566000,
    "grossProfitRatio": 0.2754563043,
    "researchAndDevelopmentExpenses": 8816000,
    "generalAndAdministrativeExpenses": 0,
    "sellingAndMarketingExpenses": 0,
    "sellingGeneralAndAdministrativeExpenses": 34945000,
    "otherExpenses": 541000,
    "operatingExpenses": 44302000,
    "costAndExpenses": 272000000,
    "interestIncome": 0,
    "interestExpense": 0,
    "depreciationAndAmortization": 6760000,
    "ebitda": 49024000,
    "ebitdaratio": 0.1559962325,
    "operatingIncome": 42264000,
    "operatingIncomeRatio": 0.1344856554,
    "totalOtherIncomeExpensesNet": -1592000,
    "incomeBeforeTax": 40672000,
    "incomeBeforeTaxRatio": 0.1294198508,
    "incomeTaxExpense": 15118000,
    "netIncome": 25522000,
    "netIncomeRatio": 0.0812119746,
    "eps": 0.27,
    "epsdiluted": 0.26,
    "weightedAverageShsOut": 96604000,
    "weightedAverageShsOutDil": 97790000,
    "link": "https://www.sec.gov/Archives/edgar/data/943452/000119312507109972/0001193125-07-109972-index.htm",
    "finalLink": "https://www.sec.gov/Archives/edgar/data/943452/000119312507109972/d10q.htm"
  },
  {
    "date": "2006-12-31",
    "symbol": "WAB",
    "reportedCurrency": "USD",
    "cik": "0000943452",
    "fillingDate": "2007-03-01",
    "acceptedDate": "2007-03-01 08:48:24",
    "calendarYear": "2006",
    "period": "Q4",
    "revenue": 294420000,
    "costOfRevenue": 215672000,
    "grossProfit": 78748000,
    "grossProfitRatio": 0.2674682426,
    "researchAndDevelopmentExpenses": 8495000,
    "generalAndAdministrativeExpenses": 0,
    "sellingAndMarketingExpenses": 0,
    "sellingGeneralAndAdministrativeExpenses": 32703000,
    "otherExpenses": 1134000,
    "operatingExpenses": 42332000,
    "costAndExpenses": 258004000,
    "interestIncome": 0,
    "interestExpense": 0,
    "depreciationAndAmortization": 4264000,
    "ebitda": 40680000,
    "ebitdaratio": 0.1381699613,
    "operatingIncome": 36416000,
    "operatingIncomeRatio": 0.1236872495,
    "totalOtherIncomeExpensesNet": -370000,
    "incomeBeforeTax": 36046000,
    "incomeBeforeTaxRatio": 0.1224305414,
    "incomeTaxExpense": 9143000,
    "netIncome": 26242000,
    "netIncomeRatio": 0.0891311732,
    "eps": 0.27,
    "epsdiluted": 0.27,
    "weightedAverageShsOut": 96604000,
    "weightedAverageShsOutDil": 97790000,
    "link": "https://www.sec.gov/Archives/edgar/data/943452/000119312507043570/0001193125-07-043570-index.htm",
    "finalLink": "https://www.sec.gov/Archives/edgar/data/943452/000119312507043570/d10k.htm"
  },
  {
    "date": "2006-09-30",
    "symbol": "WAB",
    "reportedCurrency": "USD",
    "cik": "0000943452",
    "fillingDate": "2006-11-09",
    "acceptedDate": "2006-11-09 14:09:39",
    "calendarYear": "2006",
    "period": "Q3",
    "revenue": 268889000,
    "costOfRevenue": 202691000,
    "grossProfit": 66198000,
    "grossProfitRatio": 0.2461908074,
    "researchAndDevelopmentExpenses": 8068000,
    "generalAndAdministrativeExpenses": 0,
    "sellingAndMarketingExpenses": 0,
    "sellingGeneralAndAdministrativeExpenses": 31294000,
    "otherExpenses": 1354000,
    "operatingExpenses": 40716000,
    "costAndExpenses": 243407000,
    "interestIncome": 0,
    "interestExpense": 0,
    "depreciationAndAmortization": 9771000,
    "ebitda": 35253000,
    "ebitdaratio": 0.1311061442,
    "operatingIncome": 25482000,
    "operatingIncomeRatio": 0.0947677294,
    "totalOtherIncomeExpensesNet": 50000,
    "incomeBeforeTax": 25532000,
    "incomeBeforeTaxRatio": 0.0949536798,
    "incomeTaxExpense": 7791000,
    "netIncome": 17371000,
    "netIncomeRatio": 0.0646028659,
    "eps": 0.18,
    "epsdiluted": 0.18,
    "weightedAverageShsOut": 97378000,
    "weightedAverageShsOutDil": 98586000,
    "link": "https://www.sec.gov/Archives/edgar/data/943452/000119312506230039/0001193125-06-230039-index.htm",
    "finalLink": "https://www.sec.gov/Archives/edgar/data/943452/000119312506230039/d10q.htm"
  },
  {
    "date": "2006-06-30",
    "symbol": "WAB",
    "reportedCurrency": "USD",
    "cik": "0000943452",
    "fillingDate": "2006-08-07",
    "acceptedDate": "2006-08-07 14:34:05",
    "calendarYear": "2006",
    "period": "Q2",
    "revenue": 261902000,
    "costOfRevenue": 185161000,
    "grossProfit": 76741000,
    "grossProfitRatio": 0.2930141809,
    "researchAndDevelopmentExpenses": 0,
    "generalAndAdministrativeExpenses": 0,
    "sellingAndMarketingExpenses": 0,
    "sellingGeneralAndAdministrativeExpenses": 40336000,
    "otherExpenses": 859000,
    "operatingExpenses": 41195000,
    "costAndExpenses": 226356000,
    "interestIncome": 0,
    "interestExpense": 0,
    "depreciationAndAmortization": 5804000,
    "ebitda": 41350000,
    "ebitdaratio": 0.1578834831,
    "operatingIncome": 35546000,
    "operatingIncomeRatio": 0.1357225222,
    "totalOtherIncomeExpensesNet": -2043000,
    "incomeBeforeTax": 33503000,
    "incomeBeforeTaxRatio": 0.1279218944,
    "incomeTaxExpense": 11721000,
    "netIncome": 21145000,
    "netIncomeRatio": 0.0807363059,
    "eps": 0.22,
    "epsdiluted": 0.22,
    "weightedAverageShsOut": 96902000,
    "weightedAverageShsOutDil": 98184000,
    "link": "https://www.sec.gov/Archives/edgar/data/943452/000119312506163547/0001193125-06-163547-index.htm",
    "finalLink": "https://www.sec.gov/Archives/edgar/data/943452/000119312506163547/d10q.htm"
  },
  {
    "date": "2006-03-31",
    "symbol": "WAB",
    "reportedCurrency": "USD",
    "cik": "0000943452",
    "fillingDate": "2006-05-10",
    "acceptedDate": "2006-05-10 15:02:04",
    "calendarYear": "2006",
    "period": "Q1",
    "revenue": 262409000,
    "costOfRevenue": 187319000,
    "grossProfit": 75090000,
    "grossProfitRatio": 0.2861563437,
    "researchAndDevelopmentExpenses": 8115000,
    "generalAndAdministrativeExpenses": 0,
    "sellingAndMarketingExpenses": 0,
    "sellingGeneralAndAdministrativeExpenses": 33788000,
    "otherExpenses": 859000,
    "operatingExpenses": 42762000,
    "costAndExpenses": 230081000,
    "interestIncome": 0,
    "interestExpense": 0,
    "depreciationAndAmortization": 6055000,
    "ebitda": 38383000,
    "ebitdaratio": 0.1462716599,
    "operatingIncome": 32328000,
    "operatingIncomeRatio": 0.123196994,
    "totalOtherIncomeExpensesNet": -852000,
    "incomeBeforeTax": 31476000,
    "incomeBeforeTaxRatio": 0.1199501541,
    "incomeTaxExpense": 11408000,
    "netIncome": 20046000,
    "netIncomeRatio": 0.0763921969,
    "eps": 0.21,
    "epsdiluted": 0.21,
    "weightedAverageShsOut": 96182000,
    "weightedAverageShsOutDil": 97482000,
    "link": "https://www.sec.gov/Archives/edgar/data/943452/000119312506107416/0001193125-06-107416-index.htm",
    "finalLink": "https://www.sec.gov/Archives/edgar/data/943452/000119312506107416/d10q.htm"
  },
  {
    "date": "2005-12-31",
    "symbol": "WAB",
    "reportedCurrency": "USD",
    "cik": "0000943452",
    "fillingDate": "2006-03-16",
    "acceptedDate": "2006-03-16 16:52:41",
    "calendarYear": "2005",
    "period": "Q4",
    "revenue": 269369000,
    "costOfRevenue": 199932000,
    "grossProfit": 69437000,
    "grossProfitRatio": 0.2577765073,
    "researchAndDevelopmentExpenses": 0,
    "generalAndAdministrativeExpenses": 0,
    "sellingAndMarketingExpenses": 0,
    "sellingGeneralAndAdministrativeExpenses": 38868000,
    "otherExpenses": 969000,
    "operatingExpenses": 39837000,
    "costAndExpenses": 239769000,
    "interestIncome": 0,
    "interestExpense": 0,
    "depreciationAndAmortization": 5986000,
    "ebitda": 35586000,
    "ebitdaratio": 0.132108743,
    "operatingIncome": 29600000,
    "operatingIncomeRatio": 0.1098864383,
    "totalOtherIncomeExpensesNet": -1869000,
    "incomeBeforeTax": 27731000,
    "incomeBeforeTaxRatio": 0.1029480007,
    "incomeTaxExpense": 9615000,
    "netIncome": 16301000,
    "netIncomeRatio": 0.060515501,
    "eps": 0.17,
    "epsdiluted": 0.17,
    "weightedAverageShsOut": 96182000,
    "weightedAverageShsOutDil": 97482000,
    "link": "https://www.sec.gov/Archives/edgar/data/943452/000119312506056807/0001193125-06-056807-index.htm",
    "finalLink": "https://www.sec.gov/Archives/edgar/data/943452/000119312506056807/d10k.htm"
  },
  {
    "date": "2005-09-30",
    "symbol": "WAB",
    "reportedCurrency": "USD",
    "cik": "0000943452",
    "fillingDate": "2005-11-09",
    "acceptedDate": "2005-11-09 12:34:11",
    "calendarYear": "2005",
    "period": "Q3",
    "revenue": 255670000,
    "costOfRevenue": 188701000,
    "grossProfit": 66969000,
    "grossProfitRatio": 0.2619353072,
    "researchAndDevelopmentExpenses": 0,
    "generalAndAdministrativeExpenses": 0,
    "sellingAndMarketingExpenses": 0,
    "sellingGeneralAndAdministrativeExpenses": 38808000,
    "otherExpenses": 896000,
    "operatingExpenses": 39704000,
    "costAndExpenses": 228405000,
    "interestIncome": 0,
    "interestExpense": 0,
    "depreciationAndAmortization": 6225000,
    "ebitda": 33490000,
    "ebitdaratio": 0.1309891657,
    "operatingIncome": 27265000,
    "operatingIncomeRatio": 0.1066413736,
    "totalOtherIncomeExpensesNet": -3469000,
    "incomeBeforeTax": 23796000,
    "incomeBeforeTaxRatio": 0.093073102,
    "incomeTaxExpense": 8300000,
    "netIncome": 15076000,
    "netIncomeRatio": 0.0589666367,
    "eps": 0.16,
    "epsdiluted": 0.16,
    "weightedAverageShsOut": 95148000,
    "weightedAverageShsOutDil": 96622000,
    "link": "https://www.sec.gov/Archives/edgar/data/943452/000119312505221123/0001193125-05-221123-index.htm",
    "finalLink": "https://www.sec.gov/Archives/edgar/data/943452/000119312505221123/d10q.htm"
  },
  {
    "date": "2005-06-30",
    "symbol": "WAB",
    "reportedCurrency": "USD",
    "cik": "0000943452",
    "fillingDate": "2005-08-09",
    "acceptedDate": "2005-08-09 11:50:44",
    "calendarYear": "2005",
    "period": "Q2",
    "revenue": 266297000,
    "costOfRevenue": 200122000,
    "grossProfit": 66175000,
    "grossProfitRatio": 0.2485007341,
    "researchAndDevelopmentExpenses": 0,
    "generalAndAdministrativeExpenses": 0,
    "sellingAndMarketingExpenses": 0,
    "sellingGeneralAndAdministrativeExpenses": 38806000,
    "otherExpenses": 1073000,
    "operatingExpenses": 39879000,
    "costAndExpenses": 240001000,
    "interestIncome": 0,
    "interestExpense": 0,
    "depreciationAndAmortization": 6656000,
    "ebitda": 32952000,
    "ebitdaratio": 0.1237415367,
    "operatingIncome": 26296000,
    "operatingIncomeRatio": 0.0987468879,
    "totalOtherIncomeExpensesNet": -2852000,
    "incomeBeforeTax": 23444000,
    "incomeBeforeTaxRatio": 0.0880370413,
    "incomeTaxExpense": 8511000,
    "netIncome": 15151000,
    "netIncomeRatio": 0.0568951209,
    "eps": 0.16,
    "epsdiluted": 0.16,
    "weightedAverageShsOut": 93724000,
    "weightedAverageShsOutDil": 95088000,
    "link": "https://www.sec.gov/Archives/edgar/data/943452/000119312505162105/0001193125-05-162105-index.htm",
    "finalLink": "https://www.sec.gov/Archives/edgar/data/943452/000119312505162105/d10q.htm"
  },
  {
    "date": "2005-03-31",
    "symbol": "WAB",
    "reportedCurrency": "USD",
    "cik": "0000943452",
    "fillingDate": "2005-05-10",
    "acceptedDate": "2005-05-10 11:53:43",
    "calendarYear": "2005",
    "period": "Q1",
    "revenue": 241800000,
    "costOfRevenue": 184788000,
    "grossProfit": 57012000,
    "grossProfitRatio": 0.2357816377,
    "researchAndDevelopmentExpenses": 0,
    "generalAndAdministrativeExpenses": 0,
    "sellingAndMarketingExpenses": 0,
    "sellingGeneralAndAdministrativeExpenses": 37682000,
    "otherExpenses": 971000,
    "operatingExpenses": 38653000,
    "costAndExpenses": 223441000,
    "interestIncome": 0,
    "interestExpense": 0,
    "depreciationAndAmortization": 6696000,
    "ebitda": 25055000,
    "ebitdaratio": 0.1036186931,
    "operatingIncome": 18359000,
    "operatingIncomeRatio": 0.0759263854,
    "totalOtherIncomeExpensesNet": -3633000,
    "incomeBeforeTax": 14726000,
    "incomeBeforeTaxRatio": 0.0609015715,
    "incomeTaxExpense": 5383000,
    "netIncome": 9248000,
    "netIncomeRatio": 0.0382464847,
    "eps": 0.1,
    "epsdiluted": 0.1,
    "weightedAverageShsOut": 92518000,
    "weightedAverageShsOutDil": 93970000,
    "link": "https://www.sec.gov/Archives/edgar/data/943452/000119312505102234/0001193125-05-102234-index.htm",
    "finalLink": "https://www.sec.gov/Archives/edgar/data/943452/000119312505102234/d10q.htm"
  },
  {
    "date": "2004-12-31",
    "symbol": "WAB",
    "reportedCurrency": "USD",
    "cik": "0000943452",
    "fillingDate": "2005-03-16",
    "acceptedDate": "2005-03-16 14:59:01",
    "calendarYear": "2004",
    "period": "Q4",
    "revenue": 224388000,
    "costOfRevenue": 169299000,
    "grossProfit": 55089000,
    "grossProfitRatio": 0.2455077812,
    "researchAndDevelopmentExpenses": 0,
    "generalAndAdministrativeExpenses": 0,
    "sellingAndMarketingExpenses": 0,
    "sellingGeneralAndAdministrativeExpenses": 37822000,
    "otherExpenses": 1044000,
    "operatingExpenses": 38866000,
    "costAndExpenses": 208165000,
    "interestIncome": 0,
    "interestExpense": 0,
    "depreciationAndAmortization": 7087000,
    "ebitda": 23310000,
    "ebitdaratio": 0.1038825606,
    "operatingIncome": 16223000,
    "operatingIncomeRatio": 0.0722988752,
    "totalOtherIncomeExpensesNet": -2211000,
    "incomeBeforeTax": 14012000,
    "incomeBeforeTaxRatio": 0.0624454071,
    "incomeTaxExpense": 5114000,
    "netIncome": 9247000,
    "netIncomeRatio": 0.0412098686,
    "eps": 0.1,
    "epsdiluted": 0.098,
    "weightedAverageShsOut": 92518000,
    "weightedAverageShsOutDil": 93970000,
    "link": "https://www.sec.gov/Archives/edgar/data/943452/000119312505052564/0001193125-05-052564-index.htm",
    "finalLink": "https://www.sec.gov/Archives/edgar/data/943452/000119312505052564/d10k.htm"
  },
  {
    "date": "2004-09-30",
    "symbol": "WAB",
    "reportedCurrency": "USD",
    "cik": "0000943452",
    "fillingDate": "2004-11-09",
    "acceptedDate": "2004-11-09 16:08:02",
    "calendarYear": "2004",
    "period": "Q3",
    "revenue": 202894000,
    "costOfRevenue": 152990000,
    "grossProfit": 49904000,
    "grossProfitRatio": 0.2459609451,
    "researchAndDevelopmentExpenses": 0,
    "generalAndAdministrativeExpenses": 0,
    "sellingAndMarketingExpenses": 0,
    "sellingGeneralAndAdministrativeExpenses": 39495000,
    "otherExpenses": 771000,
    "operatingExpenses": 40266000,
    "costAndExpenses": 193256000,
    "interestIncome": 0,
    "interestExpense": 0,
    "depreciationAndAmortization": 6663000,
    "ebitda": 16301000,
    "ebitdaratio": 0.0803424448,
    "operatingIncome": 9638000,
    "operatingIncomeRatio": 0.0475026368,
    "totalOtherIncomeExpensesNet": -2478000,
    "incomeBeforeTax": 7160000,
    "incomeBeforeTaxRatio": 0.0352893629,
    "incomeTaxExpense": -2268000,
    "netIncome": 9428000,
    "netIncomeRatio": 0.0464676136,
    "eps": 0.11,
    "epsdiluted": 0.1,
    "weightedAverageShsOut": 91006000,
    "weightedAverageShsOutDil": 92552000,
    "link": "https://www.sec.gov/Archives/edgar/data/943452/000119312504191275/0001193125-04-191275-index.htm",
    "finalLink": "https://www.sec.gov/Archives/edgar/data/943452/000119312504191275/d10q.htm"
  },
  {
    "date": "2004-06-30",
    "symbol": "WAB",
    "reportedCurrency": "USD",
    "cik": "0000943452",
    "fillingDate": "2004-08-09",
    "acceptedDate": "2004-08-09 14:41:22",
    "calendarYear": "2004",
    "period": "Q2",
    "revenue": 206508000,
    "costOfRevenue": 153855000,
    "grossProfit": 52653000,
    "grossProfitRatio": 0.2549683305,
    "researchAndDevelopmentExpenses": 0,
    "generalAndAdministrativeExpenses": 0,
    "sellingAndMarketingExpenses": 0,
    "sellingGeneralAndAdministrativeExpenses": 33847000,
    "otherExpenses": 745000,
    "operatingExpenses": 34592000,
    "costAndExpenses": 188447000,
    "interestIncome": 0,
    "interestExpense": 0,
    "depreciationAndAmortization": 6109000,
    "ebitda": 24170000,
    "ebitdaratio": 0.1170414705,
    "operatingIncome": 18061000,
    "operatingIncomeRatio": 0.0874590815,
    "totalOtherIncomeExpensesNet": -3946000,
    "incomeBeforeTax": 14115000,
    "incomeBeforeTaxRatio": 0.0683508629,
    "incomeTaxExpense": 5152000,
    "netIncome": 8963000,
    "netIncomeRatio": 0.0434026769,
    "eps": 0.1,
    "epsdiluted": 0.1,
    "weightedAverageShsOut": 89594000,
    "weightedAverageShsOutDil": 91052000,
    "link": "https://www.sec.gov/Archives/edgar/data/943452/000119312504135713/0001193125-04-135713-index.htm",
    "finalLink": "https://www.sec.gov/Archives/edgar/data/943452/000119312504135713/d10q.htm"
  },
  {
    "date": "2004-03-31",
    "symbol": "WAB",
    "reportedCurrency": "USD",
    "cik": "0000943452",
    "fillingDate": "2004-05-10",
    "acceptedDate": "2004-05-10 12:26:59",
    "calendarYear": "2004",
    "period": "Q1",
    "revenue": 188228000,
    "costOfRevenue": 140710000,
    "grossProfit": 47518000,
    "grossProfitRatio": 0.2524491574,
    "researchAndDevelopmentExpenses": 0,
    "generalAndAdministrativeExpenses": 0,
    "sellingAndMarketingExpenses": 0,
    "sellingGeneralAndAdministrativeExpenses": 35252000,
    "otherExpenses": 783000,
    "operatingExpenses": 36035000,
    "costAndExpenses": 176745000,
    "interestIncome": 0,
    "interestExpense": 0,
    "depreciationAndAmortization": 6253000,
    "ebitda": 17736000,
    "ebitdaratio": 0.0942261513,
    "operatingIncome": 11483000,
    "operatingIncomeRatio": 0.0610058015,
    "totalOtherIncomeExpensesNet": -3913000,
    "incomeBeforeTax": 7570000,
    "incomeBeforeTaxRatio": 0.0402171834,
    "incomeTaxExpense": 2763000,
    "netIncome": 4807000,
    "netIncomeRatio": 0.0255381771,
    "eps": 0.055,
    "epsdiluted": 0.055,
    "weightedAverageShsOut": 89322000,
    "weightedAverageShsOutDil": 90672000,
    "link": "https://www.sec.gov/Archives/edgar/data/943452/000119312504083308/0001193125-04-083308-index.htm",
    "finalLink": "https://www.sec.gov/Archives/edgar/data/943452/000119312504083308/d10q.htm"
  },
  {
    "date": "2003-12-31",
    "symbol": "WAB",
    "reportedCurrency": "USD",
    "cik": "0000943452",
    "fillingDate": "2004-03-15",
    "acceptedDate": "2004-03-15 13:26:21",
    "calendarYear": "2003",
    "period": "Q4",
    "revenue": 206356000,
    "costOfRevenue": 153169000,
    "grossProfit": 53187000,
    "grossProfitRatio": 0.2577438989,
    "researchAndDevelopmentExpenses": 0,
    "generalAndAdministrativeExpenses": 0,
    "sellingAndMarketingExpenses": 0,
    "sellingGeneralAndAdministrativeExpenses": 37088000,
    "otherExpenses": 1180000,
    "operatingExpenses": 38268000,
    "costAndExpenses": 191437000,
    "interestIncome": 0,
    "interestExpense": 0,
    "depreciationAndAmortization": 6947000,
    "ebitda": 21866000,
    "ebitdaratio": 0.1059625114,
    "operatingIncome": 14919000,
    "operatingIncomeRatio": 0.072297389,
    "totalOtherIncomeExpensesNet": -6154000,
    "incomeBeforeTax": 8765000,
    "incomeBeforeTaxRatio": 0.04247514,
    "incomeTaxExpense": 3199000,
    "netIncome": 5891000,
    "netIncomeRatio": 0.0285477524,
    "eps": 0.066,
    "epsdiluted": 0.065,
    "weightedAverageShsOut": 89322000,
    "weightedAverageShsOutDil": 90672000,
    "link": "https://www.sec.gov/Archives/edgar/data/943452/000119312504041920/0001193125-04-041920-index.htm",
    "finalLink": "https://www.sec.gov/Archives/edgar/data/943452/000119312504041920/d10k.htm"
  },
  {
    "date": "2003-09-30",
    "symbol": "WAB",
    "reportedCurrency": "USD",
    "cik": "0000943452",
    "fillingDate": "2003-11-14",
    "acceptedDate": "2003-11-14 13:27:14",
    "calendarYear": "2003",
    "period": "Q3",
    "revenue": 167189000,
    "costOfRevenue": 123764000,
    "grossProfit": 43425000,
    "grossProfitRatio": 0.2597359874,
    "researchAndDevelopmentExpenses": 0,
    "generalAndAdministrativeExpenses": 0,
    "sellingAndMarketingExpenses": 0,
    "sellingGeneralAndAdministrativeExpenses": 31694000,
    "otherExpenses": 1084000,
    "operatingExpenses": 32778000,
    "costAndExpenses": 156542000,
    "interestIncome": 0,
    "interestExpense": 0,
    "depreciationAndAmortization": 6488000,
    "ebitda": 17135000,
    "ebitdaratio": 0.1024888001,
    "operatingIncome": 10647000,
    "operatingIncomeRatio": 0.0636824193,
    "totalOtherIncomeExpensesNet": -1907000,
    "incomeBeforeTax": 8740000,
    "incomeBeforeTaxRatio": 0.0522761665,
    "incomeTaxExpense": 3190000,
    "netIncome": 5603000,
    "netIncomeRatio": 0.0335129704,
    "eps": 0.065,
    "epsdiluted": 0.065,
    "weightedAverageShsOut": 87106000,
    "weightedAverageShsOutDil": 88350000,
    "link": "https://www.sec.gov/Archives/edgar/data/943452/000095012803001239/0000950128-03-001239-index.htm",
    "finalLink": "https://www.sec.gov/Archives/edgar/data/943452/000095012803001239/j0392101e10vq.htm"
  },
  {
    "date": "2003-06-30",
    "symbol": "WAB",
    "reportedCurrency": "USD",
    "cik": "0000943452",
    "fillingDate": "2003-08-14",
    "acceptedDate": "2003-08-14 12:30:43",
    "calendarYear": "2003",
    "period": "Q2",
    "revenue": 174856000,
    "costOfRevenue": 127294000,
    "grossProfit": 47562000,
    "grossProfitRatio": 0.2720066798,
    "researchAndDevelopmentExpenses": 0,
    "generalAndAdministrativeExpenses": 0,
    "sellingAndMarketingExpenses": 0,
    "sellingGeneralAndAdministrativeExpenses": 32675000,
    "otherExpenses": 1045000,
    "operatingExpenses": 33720000,
    "costAndExpenses": 161014000,
    "interestIncome": 0,
    "interestExpense": 0,
    "depreciationAndAmortization": 6132000,
    "ebitda": 19974000,
    "ebitdaratio": 0.1142311388,
    "operatingIncome": 13842000,
    "operatingIncomeRatio": 0.0791622821,
    "totalOtherIncomeExpensesNet": -5071000,
    "incomeBeforeTax": 8771000,
    "incomeBeforeTaxRatio": 0.0501612756,
    "incomeTaxExpense": 3201000,
    "netIncome": 5526000,
    "netIncomeRatio": 0.0316031477,
    "eps": 0.065,
    "epsdiluted": 0.065,
    "weightedAverageShsOut": 86956000,
    "weightedAverageShsOutDil": 87580000,
    "link": "https://www.sec.gov/Archives/edgar/data/943452/000095015203007709/0000950152-03-007709-index.htm",
    "finalLink": "https://www.sec.gov/Archives/edgar/data/943452/000095015203007709/j0238801e10vq.txt"
  },
  {
    "date": "2003-03-31",
    "symbol": "WAB",
    "reportedCurrency": "USD",
    "cik": "0000943452",
    "fillingDate": "2003-05-15",
    "acceptedDate": "2003-05-15 11:34:03",
    "calendarYear": "2003",
    "period": "Q1",
    "revenue": 169523000,
    "costOfRevenue": 124247000,
    "grossProfit": 45276000,
    "grossProfitRatio": 0.2670788035,
    "researchAndDevelopmentExpenses": 0,
    "generalAndAdministrativeExpenses": 0,
    "sellingAndMarketingExpenses": 0,
    "sellingGeneralAndAdministrativeExpenses": 31975000,
    "otherExpenses": 1000000,
    "operatingExpenses": 32975000,
    "costAndExpenses": 157222000,
    "interestIncome": 0,
    "interestExpense": 0,
    "depreciationAndAmortization": 5717000,
    "ebitda": 18018000,
    "ebitdaratio": 0.1062864626,
    "operatingIncome": 12301000,
    "operatingIncomeRatio": 0.0725624252,
    "totalOtherIncomeExpensesNet": -3535000,
    "incomeBeforeTax": 8766000,
    "incomeBeforeTaxRatio": 0.0517097975,
    "incomeTaxExpense": 3200000,
    "netIncome": 5683000,
    "netIncomeRatio": 0.0335234747,
    "eps": 0.065,
    "epsdiluted": 0.065,
    "weightedAverageShsOut": 86906000,
    "weightedAverageShsOutDil": 87198000,
    "link": "https://www.sec.gov/Archives/edgar/data/943452/000095012803000666/0000950128-03-000666-index.htm",
    "finalLink": "https://www.sec.gov/Archives/edgar/data/943452/000095012803000666/j0101701e10vq.txt"
  },
  {
    "date": "2002-12-31",
    "symbol": "WAB",
    "reportedCurrency": "USD",
    "cik": "0000943452",
    "fillingDate": "2003-03-31",
    "acceptedDate": "2003-03-31 15:07:43",
    "calendarYear": "2002",
    "period": "Q4",
    "revenue": 177640000,
    "costOfRevenue": 131589000,
    "grossProfit": 46051000,
    "grossProfitRatio": 0.2592377843,
    "researchAndDevelopmentExpenses": 0,
    "generalAndAdministrativeExpenses": 0,
    "sellingAndMarketingExpenses": 0,
    "sellingGeneralAndAdministrativeExpenses": 32378000,
    "otherExpenses": 1076000,
    "operatingExpenses": 33454000,
    "costAndExpenses": 165043000,
    "interestIncome": 0,
    "interestExpense": 0,
    "depreciationAndAmortization": 6246000,
    "ebitda": 18843000,
    "ebitdaratio": 0.1060740824,
    "operatingIncome": 12597000,
    "operatingIncomeRatio": 0.0709130826,
    "totalOtherIncomeExpensesNet": -5976000,
    "incomeBeforeTax": 6621000,
    "incomeBeforeTaxRatio": 0.0372720108,
    "incomeTaxExpense": 1545000,
    "netIncome": 5250000,
    "netIncomeRatio": 0.0295541545,
    "eps": 0.06,
    "epsdiluted": 0.06,
    "weightedAverageShsOut": 86906000,
    "weightedAverageShsOutDil": 87198000,
    "link": "https://www.sec.gov/Archives/edgar/data/943452/000095012803000469/0000950128-03-000469-index.htm",
    "finalLink": "https://www.sec.gov/Archives/edgar/data/943452/000095012803000469/j9924801e10vk.txt"
  },
  {
    "date": "2002-09-30",
    "symbol": "WAB",
    "reportedCurrency": "USD",
    "cik": "0000943452",
    "fillingDate": "2002-11-14",
    "acceptedDate": "2002-11-14 20:49:48",
    "calendarYear": "2002",
    "period": "Q3",
    "revenue": 161422000,
    "costOfRevenue": 118138000,
    "grossProfit": 43284000,
    "grossProfitRatio": 0.268141889,
    "researchAndDevelopmentExpenses": 0,
    "generalAndAdministrativeExpenses": 30702000,
    "sellingAndMarketingExpenses": 0,
    "sellingGeneralAndAdministrativeExpenses": 30702000,
    "otherExpenses": 1412000,
    "operatingExpenses": 32114000,
    "costAndExpenses": 150252000,
    "interestIncome": 0,
    "interestExpense": 0,
    "depreciationAndAmortization": 6254000,
    "ebitda": 17424000,
    "ebitdaratio": 0.1079406772,
    "operatingIncome": 11170000,
    "operatingIncomeRatio": 0.0691975072,
    "totalOtherIncomeExpensesNet": -5260000,
    "incomeBeforeTax": 5910000,
    "incomeBeforeTaxRatio": 0.0366121099,
    "incomeTaxExpense": 2068000,
    "netIncome": 3890000,
    "netIncomeRatio": 0.0240983261,
    "eps": 0.045,
    "epsdiluted": 0.045,
    "weightedAverageShsOut": 86722000,
    "weightedAverageShsOutDil": 87230000,
    "link": "https://www.sec.gov/Archives/edgar/data/943452/000095015202008597/0000950152-02-008597-index.htm",
    "finalLink": "https://www.sec.gov/Archives/edgar/data/943452/000095015202008597/j9708401e10vq.txt"
  },
  {
    "date": "2002-06-30",
    "symbol": "WAB",
    "reportedCurrency": "USD",
    "cik": "0000943452",
    "fillingDate": "2002-08-14",
    "acceptedDate": "2002-08-14 12:45:44",
    "calendarYear": "2002",
    "period": "Q2",
    "revenue": 179808000,
    "costOfRevenue": 134452000,
    "grossProfit": 45356000,
    "grossProfitRatio": 0.2522468411,
    "researchAndDevelopmentExpenses": 0,
    "generalAndAdministrativeExpenses": 30707000,
    "sellingAndMarketingExpenses": 0,
    "sellingGeneralAndAdministrativeExpenses": 30707000,
    "otherExpenses": 1349000,
    "operatingExpenses": 32056000,
    "costAndExpenses": 166508000,
    "interestIncome": 0,
    "interestExpense": 0,
    "depreciationAndAmortization": 6455000,
    "ebitda": 19755000,
    "ebitdaratio": 0.1098671917,
    "operatingIncome": 13300000,
    "operatingIncomeRatio": 0.0739677879,
    "totalOtherIncomeExpensesNet": -5971000,
    "incomeBeforeTax": 7329000,
    "incomeBeforeTaxRatio": 0.0407601442,
    "incomeTaxExpense": 2565000,
    "netIncome": 4821000,
    "netIncomeRatio": 0.0268119327,
    "eps": 0.055,
    "epsdiluted": 0.055,
    "weightedAverageShsOut": 86642000,
    "weightedAverageShsOutDil": 87468000,
    "link": "https://www.sec.gov/Archives/edgar/data/943452/000095012802000610/0000950128-02-000610-index.htm",
    "finalLink": "https://www.sec.gov/Archives/edgar/data/943452/000095012802000610/j9588301e10vq.txt"
  },
  {
    "date": "2002-03-31",
    "symbol": "WAB",
    "reportedCurrency": "USD",
    "cik": "0000943452",
    "fillingDate": "2002-05-14",
    "acceptedDate": "2002-05-14 12:53:54",
    "calendarYear": "2002",
    "period": "Q1",
    "revenue": 177325000,
    "costOfRevenue": 132545000,
    "grossProfit": 44780000,
    "grossProfitRatio": 0.252530664,
    "researchAndDevelopmentExpenses": 0,
    "generalAndAdministrativeExpenses": 32828000,
    "sellingAndMarketingExpenses": 0,
    "sellingGeneralAndAdministrativeExpenses": 32828000,
    "otherExpenses": 1485000,
    "operatingExpenses": 34313000,
    "costAndExpenses": 166858000,
    "interestIncome": 0,
    "interestExpense": 0,
    "depreciationAndAmortization": 6558000,
    "ebitda": 17025000,
    "ebitdaratio": 0.0960101509,
    "operatingIncome": 10467000,
    "operatingIncomeRatio": 0.0590272099,
    "totalOtherIncomeExpensesNet": -6423000,
    "incomeBeforeTax": 4044000,
    "incomeBeforeTaxRatio": 0.022805583,
    "incomeTaxExpense": 1415000,
    "netIncome": 2224000,
    "netIncomeRatio": 0.0125419428,
    "eps": 0.025,
    "epsdiluted": 0.025,
    "weightedAverageShsOut": 86396000,
    "weightedAverageShsOutDil": 87024000,
    "link": "https://www.sec.gov/Archives/edgar/data/943452/000095012802000405/0000950128-02-000405-index.htm",
    "finalLink": "https://www.sec.gov/Archives/edgar/data/943452/000095012802000405/j9449901e10-q.txt"
  },
  {
    "date": "2001-12-31",
    "symbol": "WAB",
    "reportedCurrency": "USD",
    "cik": "0000943452",
    "fillingDate": "2002-04-01",
    "acceptedDate": "2002-04-01 00:00:00",
    "calendarYear": "2001",
    "period": "Q4",
    "revenue": 46953000,
    "costOfRevenue": 27016000,
    "grossProfit": 19937000,
    "grossProfitRatio": 0.4246161055,
    "researchAndDevelopmentExpenses": 0,
    "generalAndAdministrativeExpenses": 20208000,
    "sellingAndMarketingExpenses": 0,
    "sellingGeneralAndAdministrativeExpenses": 20208000,
    "otherExpenses": 10363000,
    "operatingExpenses": 30571000,
    "costAndExpenses": 57587000,
    "interestIncome": 0,
    "interestExpense": 0,
    "depreciationAndAmortization": 1699000,
    "ebitda": -9524000,
    "ebitdaratio": -0.202841139,
    "operatingIncome": -10634000,
    "operatingIncomeRatio": -0.2264818009,
    "totalOtherIncomeExpensesNet": -5910000,
    "incomeBeforeTax": -16544000,
    "incomeBeforeTaxRatio": -0.3523523524,
    "incomeTaxExpense": -5791000,
    "netIncome": 37065000,
    "netIncomeRatio": 0.7894064277,
    "eps": 0.43,
    "epsdiluted": 0.43,
    "weightedAverageShsOut": 86396000,
    "weightedAverageShsOutDil": 87024000,
    "link": "https://www.sec.gov/Archives/edgar/data/943452/000095012802000341/0000950128-02-000341-index.htm",
    "finalLink": "https://www.sec.gov/Archives/edgar/data/943452/000095012802000341/j9354401e10-k.txt"
  },
  {
    "date": "2001-09-30",
    "symbol": "WAB",
    "reportedCurrency": "USD",
    "cik": "0000943452",
    "fillingDate": "2001-11-14",
    "acceptedDate": "2001-11-14 00:00:00",
    "calendarYear": "2001",
    "period": "Q3",
    "revenue": 185854000,
    "costOfRevenue": 138072000,
    "grossProfit": 47782000,
    "grossProfitRatio": 0.2570942783,
    "researchAndDevelopmentExpenses": 0,
    "generalAndAdministrativeExpenses": 36590000,
    "sellingAndMarketingExpenses": 0,
    "sellingGeneralAndAdministrativeExpenses": 32065000,
    "otherExpenses": 4785000,
    "operatingExpenses": 36850000,
    "costAndExpenses": 174922000,
    "interestIncome": 0,
    "interestExpense": 0,
    "depreciationAndAmortization": 8704000,
    "ebitda": 21207000,
    "ebitdaratio": 0.1141056959,
    "operatingIncome": 10932000,
    "operatingIncomeRatio": 0.0588203644,
    "totalOtherIncomeExpensesNet": -8111000,
    "incomeBeforeTax": 2821000,
    "incomeBeforeTaxRatio": 0.015178581,
    "incomeTaxExpense": -996000,
    "netIncome": 6393000,
    "netIncomeRatio": 0.0343979683,
    "eps": 0.075,
    "epsdiluted": 0.075,
    "weightedAverageShsOut": 85998000,
    "weightedAverageShsOutDil": 86608000,
    "link": "https://www.sec.gov/Archives/edgar/data/943452/000095012801500703/0000950128-01-500703-index.htm",
    "finalLink": "https://www.sec.gov/Archives/edgar/data/943452/000095012801500703/j9138201e10-q.txt"
  },
  {
    "date": "2001-06-30",
    "symbol": "WAB",
    "reportedCurrency": "USD",
    "cik": "0000943452",
    "fillingDate": "2001-08-14",
    "acceptedDate": "2001-08-14 00:00:00",
    "calendarYear": "2001",
    "period": "Q2",
    "revenue": 194117000,
    "costOfRevenue": 140540000,
    "grossProfit": 53577000,
    "grossProfitRatio": 0.2760036473,
    "researchAndDevelopmentExpenses": 0,
    "generalAndAdministrativeExpenses": 35359000,
    "sellingAndMarketingExpenses": 0,
    "sellingGeneralAndAdministrativeExpenses": 30604000,
    "otherExpenses": 4399000,
    "operatingExpenses": 35003000,
    "costAndExpenses": 175543000,
    "interestIncome": 0,
    "interestExpense": 0,
    "depreciationAndAmortization": 6260000,
    "ebitda": 25940000,
    "ebitdaratio": 0.1336307485,
    "operatingIncome": 18574000,
    "operatingIncomeRatio": 0.0956845614,
    "totalOtherIncomeExpensesNet": -8956000,
    "incomeBeforeTax": 9618000,
    "incomeBeforeTaxRatio": 0.0495474379,
    "incomeTaxExpense": 3239000,
    "netIncome": 7962000,
    "netIncomeRatio": 0.0410165004,
    "eps": 0.095,
    "epsdiluted": 0.09,
    "weightedAverageShsOut": 85874000,
    "weightedAverageShsOutDil": 86424000,
    "link": "https://www.sec.gov/Archives/edgar/data/943452/000095012801500448/0000950128-01-500448-index.htm",
    "finalLink": "https://www.sec.gov/Archives/edgar/data/943452/000095012801500448/j8992701e10-q.txt"
  },
  {
    "date": "2001-03-31",
    "symbol": "WAB",
    "reportedCurrency": "USD",
    "cik": "0000943452",
    "fillingDate": "2001-05-10",
    "acceptedDate": "2001-05-10 00:00:00",
    "calendarYear": "2001",
    "period": "Q1",
    "revenue": 215305000,
    "costOfRevenue": 153892000,
    "grossProfit": 61413000,
    "grossProfitRatio": 0.2852372216,
    "researchAndDevelopmentExpenses": 0,
    "generalAndAdministrativeExpenses": 37723000,
    "sellingAndMarketingExpenses": 0,
    "sellingGeneralAndAdministrativeExpenses": 32740000,
    "otherExpenses": 4180000,
    "operatingExpenses": 36920000,
    "costAndExpenses": 190812000,
    "interestIncome": 0,
    "interestExpense": 0,
    "depreciationAndAmortization": 10320000,
    "ebitda": 35667000,
    "ebitdaratio": 0.16565802,
    "operatingIncome": 24493000,
    "operatingIncomeRatio": 0.1137595504,
    "totalOtherIncomeExpensesNet": -11885000,
    "incomeBeforeTax": 12608000,
    "incomeBeforeTaxRatio": 0.0585587887,
    "incomeTaxExpense": 4539000,
    "netIncome": 10361000,
    "netIncomeRatio": 0.048122431,
    "eps": 0.12,
    "epsdiluted": 0.12,
    "weightedAverageShsOut": 85768000,
    "weightedAverageShsOutDil": 86288000,
    "link": "https://www.sec.gov/Archives/edgar/data/943452/000095012801500060/0000950128-01-500060-index.htm",
    "finalLink": "https://www.sec.gov/Archives/edgar/data/943452/000095012801500060/j8829501e10-q.txt"
  },
  {
    "date": "2000-12-30",
    "symbol": "WAB",
    "reportedCurrency": "USD",
    "cik": "0000943452",
    "fillingDate": "2001-03-28",
    "acceptedDate": "2001-03-28 00:00:00",
    "calendarYear": "2000",
    "period": "Q4",
    "revenue": 264790000,
    "costOfRevenue": 192114000,
    "grossProfit": 72676000,
    "grossProfitRatio": 0.2744665584,
    "researchAndDevelopmentExpenses": 0,
    "generalAndAdministrativeExpenses": 36345000,
    "sellingAndMarketingExpenses": 0,
    "sellingGeneralAndAdministrativeExpenses": 36345000,
    "otherExpenses": 10008000,
    "operatingExpenses": 46353000,
    "costAndExpenses": 238467000,
    "interestIncome": 0,
    "interestExpense": 0,
    "depreciationAndAmortization": 10008000,
    "ebitda": 36331000,
    "ebitdaratio": 0.1372068432,
    "operatingIncome": 26323000,
    "operatingIncomeRatio": 0.0994108539,
    "totalOtherIncomeExpensesNet": -19307000,
    "incomeBeforeTax": 7016000,
    "incomeBeforeTaxRatio": 0.0264964689,
    "incomeTaxExpense": 2527000,
    "netIncome": 4489000,
    "netIncomeRatio": 0.0169530571,
    "eps": 0.052,
    "epsdiluted": 0.052,
    "weightedAverageShsOut": 85768000,
    "weightedAverageShsOutDil": 86288000,
    "link": "https://www.sec.gov/Archives/edgar/data/943452/000095012801000547/0000950128-01-000547-index.htm",
    "finalLink": "https://www.sec.gov/Archives/edgar/data/943452/000095012801000547/j8723501e10-k.txt"
  },
  {
    "date": "2000-09-30",
    "symbol": "WAB",
    "reportedCurrency": "USD",
    "cik": "0000943452",
    "fillingDate": "2000-10-31",
    "acceptedDate": "2000-10-31 00:00:00",
    "calendarYear": "2000",
    "period": "Q3",
    "revenue": 255163000,
    "costOfRevenue": 181144000,
    "grossProfit": 74019000,
    "grossProfitRatio": 0.2900851612,
    "researchAndDevelopmentExpenses": 0,
    "generalAndAdministrativeExpenses": 36707000,
    "sellingAndMarketingExpenses": 0,
    "sellingGeneralAndAdministrativeExpenses": 36707000,
    "otherExpenses": 10027000,
    "operatingExpenses": 46734000,
    "costAndExpenses": 227878000,
    "interestIncome": 0,
    "interestExpense": 0,
    "depreciationAndAmortization": 10027000,
    "ebitda": 37312000,
    "ebitdaratio": 0.1462280973,
    "operatingIncome": 27285000,
    "operatingIncomeRatio": 0.1069316476,
    "totalOtherIncomeExpensesNet": -24883000,
    "incomeBeforeTax": 2402000,
    "incomeBeforeTaxRatio": 0.0094135905,
    "incomeTaxExpense": 5931000,
    "netIncome": -3529000,
    "netIncomeRatio": -0.0138303751,
    "eps": -0.0406,
    "epsdiluted": -0.0406,
    "weightedAverageShsOut": 86830000,
    "weightedAverageShsOutDil": 86878000,
    "link": "https://www.sec.gov/Archives/edgar/data/943452/000095012800001242/0000950128-00-001242-index.htm",
    "finalLink": "https://www.sec.gov/Archives/edgar/data/943452/000095012800001242/j8475601e10-q.txt"
  },
  {
    "date": "2000-06-30",
    "symbol": "WAB",
    "reportedCurrency": "USD",
    "cik": "0000943452",
    "fillingDate": "2000-08-10",
    "acceptedDate": "2000-08-10 00:00:00",
    "calendarYear": "2000",
    "period": "Q2",
    "revenue": 249164000,
    "costOfRevenue": 175047000,
    "grossProfit": 74117000,
    "grossProfitRatio": 0.2974627153,
    "researchAndDevelopmentExpenses": 0,
    "generalAndAdministrativeExpenses": 35766000,
    "sellingAndMarketingExpenses": 0,
    "sellingGeneralAndAdministrativeExpenses": 35766000,
    "otherExpenses": 10424000,
    "operatingExpenses": 46190000,
    "costAndExpenses": 221237000,
    "interestIncome": 0,
    "interestExpense": 0,
    "depreciationAndAmortization": 10424000,
    "ebitda": 38351000,
    "ebitdaratio": 0.1539187041,
    "operatingIncome": 27927000,
    "operatingIncomeRatio": 0.1120828049,
    "totalOtherIncomeExpensesNet": -15390000,
    "incomeBeforeTax": 12537000,
    "incomeBeforeTaxRatio": 0.0503162576,
    "incomeTaxExpense": 4514000,
    "netIncome": 8023000,
    "netIncomeRatio": 0.0321996757,
    "eps": 0.09,
    "epsdiluted": 0.09,
    "weightedAverageShsOut": 86908000,
    "weightedAverageShsOutDil": 87020000,
    "link": "https://www.sec.gov/Archives/edgar/data/943452/000095012800001052/0000950128-00-001052-index.htm",
    "finalLink": "https://www.sec.gov/Archives/edgar/data/943452/000095012800001052/e10-q.txt"
  },
  {
    "date": "2000-03-31",
    "symbol": "WAB",
    "reportedCurrency": "USD",
    "cik": "0000943452",
    "fillingDate": "2000-05-10",
    "acceptedDate": "2000-05-10 00:00:00",
    "calendarYear": "2000",
    "period": "Q1",
    "revenue": 258859000,
    "costOfRevenue": 174852000,
    "grossProfit": 84007000,
    "grossProfitRatio": 0.3245280249,
    "researchAndDevelopmentExpenses": 0,
    "generalAndAdministrativeExpenses": 37717000,
    "sellingAndMarketingExpenses": 0,
    "sellingGeneralAndAdministrativeExpenses": 37717000,
    "otherExpenses": 11203000,
    "operatingExpenses": 48920000,
    "costAndExpenses": 223772000,
    "interestIncome": 0,
    "interestExpense": 0,
    "depreciationAndAmortization": 11203000,
    "ebitda": 46290000,
    "ebitdaratio": 0.1788232204,
    "operatingIncome": 35087000,
    "operatingIncomeRatio": 0.1355448333,
    "totalOtherIncomeExpensesNet": -9447000,
    "incomeBeforeTax": 25640000,
    "incomeBeforeTaxRatio": 0.099050062,
    "incomeTaxExpense": 9230000,
    "netIncome": 16410000,
    "netIncomeRatio": 0.0633935849,
    "eps": 0.19,
    "epsdiluted": 0.19,
    "weightedAverageShsOut": 86518000,
    "weightedAverageShsOutDil": 86700000,
    "link": "https://www.sec.gov/Archives/edgar/data/943452/000095012800000755/0000950128-00-000755-index.html",
    "finalLink": "https://www.sec.gov/Archives/edgar/data/943452/000095012800000755/"
  },
  {
    "date": "1999-12-31",
    "symbol": "WAB",
    "reportedCurrency": "USD",
    "cik": "0000943452",
    "fillingDate": "2000-03-28",
    "acceptedDate": "2000-03-28 00:00:00",
    "calendarYear": "1999",
    "period": "Q4",
    "revenue": 563368000,
    "costOfRevenue": 399583000,
    "grossProfit": 163785000,
    "grossProfitRatio": 0.2907247128,
    "researchAndDevelopmentExpenses": 0,
    "generalAndAdministrativeExpenses": 69314000,
    "sellingAndMarketingExpenses": 0,
    "sellingGeneralAndAdministrativeExpenses": 69314000,
    "otherExpenses": 23014000,
    "operatingExpenses": 92328000,
    "costAndExpenses": 491911000,
    "interestIncome": 0,
    "interestExpense": 0,
    "depreciationAndAmortization": 23014000,
    "ebitda": 94471000,
    "ebitdaratio": 0.1676896806,
    "operatingIncome": 71457000,
    "operatingIncomeRatio": 0.1268389401,
    "totalOtherIncomeExpensesNet": -60458000,
    "incomeBeforeTax": 10999000,
    "incomeBeforeTaxRatio": 0.0195236506,
    "incomeTaxExpense": 11157000,
    "netIncome": -977000,
    "netIncomeRatio": -0.0017342128,
    "eps": -0.0113,
    "epsdiluted": -0.0113,
    "weightedAverageShsOut": 86518000,
    "weightedAverageShsOutDil": 86700000,
    "link": "https://www.sec.gov/Archives/edgar/data/943452/000095012800000591/0000950128-00-000591-index.html",
    "finalLink": "https://www.sec.gov/Archives/edgar/data/943452/000095012800000591/"
  },
  {
    "date": "1999-09-30",
    "symbol": "WAB",
    "reportedCurrency": "USD",
    "cik": "0000943452",
    "fillingDate": "1999-11-05",
    "acceptedDate": "1999-11-05 00:00:00",
    "calendarYear": "1999",
    "period": "Q3",
    "revenue": 260881000,
    "costOfRevenue": 179298000,
    "grossProfit": 81583000,
    "grossProfitRatio": 0.3127211257,
    "researchAndDevelopmentExpenses": 0,
    "generalAndAdministrativeExpenses": 26300000,
    "sellingAndMarketingExpenses": 0,
    "sellingGeneralAndAdministrativeExpenses": 34963000,
    "otherExpenses": 6900000,
    "operatingExpenses": 41863000,
    "costAndExpenses": 221161000,
    "interestIncome": 0,
    "interestExpense": 0,
    "depreciationAndAmortization": 11098000,
    "ebitda": 50818000,
    "ebitdaratio": 0.1947937949,
    "operatingIncome": 39720000,
    "operatingIncomeRatio": 0.1522533262,
    "totalOtherIncomeExpensesNet": -11759000,
    "incomeBeforeTax": 27961000,
    "incomeBeforeTaxRatio": 0.1071791353,
    "incomeTaxExpense": 10150000,
    "netIncome": 17811000,
    "netIncomeRatio": 0.0682725074,
    "eps": 0.14,
    "epsdiluted": 0.14,
    "weightedAverageShsOut": 86882927,
    "weightedAverageShsOutDil": 86882927,
    "link": "https://www.sec.gov/Archives/edgar/data/943452/000095012899001080/0000950128-99-001080-index.html",
    "finalLink": "https://www.sec.gov/Archives/edgar/data/943452/000095012899001080/"
  },
  {
    "date": "1999-06-30",
    "symbol": "WAB",
    "reportedCurrency": "USD",
    "cik": "0000943452",
    "fillingDate": "1999-08-11",
    "acceptedDate": "1999-08-11 00:00:00",
    "calendarYear": "1999",
    "period": "Q2",
    "revenue": 292644000,
    "costOfRevenue": 199162000,
    "grossProfit": 93482000,
    "grossProfitRatio": 0.3194393188,
    "researchAndDevelopmentExpenses": 0,
    "generalAndAdministrativeExpenses": 30600000,
    "sellingAndMarketingExpenses": 0,
    "sellingGeneralAndAdministrativeExpenses": 41167000,
    "otherExpenses": 5900000,
    "operatingExpenses": 47067000,
    "costAndExpenses": 246229000,
    "interestIncome": 0,
    "interestExpense": 0,
    "depreciationAndAmortization": 9774000,
    "ebitda": 56189000,
    "ebitdaratio": 0.1920046199,
    "operatingIncome": 46415000,
    "operatingIncomeRatio": 0.1586056779,
    "totalOtherIncomeExpensesNet": -11169000,
    "incomeBeforeTax": 35246000,
    "incomeBeforeTaxRatio": 0.1204398518,
    "incomeTaxExpense": 12826000,
    "netIncome": 22420000,
    "netIncomeRatio": 0.076611856,
    "eps": 0.15,
    "epsdiluted": 0.15,
    "weightedAverageShsOut": 86230769,
    "weightedAverageShsOutDil": 86230769,
    "link": "https://www.sec.gov/Archives/edgar/data/943452/000095012899000910/0000950128-99-000910-index.html",
    "finalLink": "https://www.sec.gov/Archives/edgar/data/943452/000095012899000910/"
  },
  {
    "date": "1999-03-31",
    "symbol": "WAB",
    "reportedCurrency": "USD",
    "cik": "0000943452",
    "fillingDate": "1999-05-07",
    "acceptedDate": "1999-05-07 00:00:00",
    "calendarYear": "1999",
    "period": "Q1",
    "revenue": 298478000,
    "costOfRevenue": 202192000,
    "grossProfit": 96286000,
    "grossProfitRatio": 0.3225899396,
    "researchAndDevelopmentExpenses": 0,
    "generalAndAdministrativeExpenses": 30200000,
    "sellingAndMarketingExpenses": 0,
    "sellingGeneralAndAdministrativeExpenses": 41985000,
    "otherExpenses": 10599000,
    "operatingExpenses": 52584000,
    "costAndExpenses": 254776000,
    "interestIncome": 0,
    "interestExpense": 0,
    "depreciationAndAmortization": 10599000,
    "ebitda": 54301000,
    "ebitdaratio": 0.1819263061,
    "operatingIncome": 43702000,
    "operatingIncomeRatio": 0.1464161513,
    "totalOtherIncomeExpensesNet": -11557000,
    "incomeBeforeTax": 32145000,
    "incomeBeforeTaxRatio": 0.1076963796,
    "incomeTaxExpense": 11878000,
    "netIncome": 19798000,
    "netIncomeRatio": 0.0663298468,
    "eps": 0.18,
    "epsdiluted": 0.18,
    "weightedAverageShsOut": 67888000,
    "weightedAverageShsOutDil": 67888000,
    "link": "https://www.sec.gov/Archives/edgar/data/943452/000095012899000722/0000950128-99-000722-index.html",
    "finalLink": "https://www.sec.gov/Archives/edgar/data/943452/"
  },
  {
    "date": "1998-12-31",
    "symbol": "WAB",
    "reportedCurrency": "USD",
    "cik": "0000943452",
    "fillingDate": "1999-03-25",
    "acceptedDate": "1999-03-25 00:00:00",
    "calendarYear": "1998",
    "period": "Q4",
    "revenue": 180200000,
    "costOfRevenue": 115400000,
    "grossProfit": 64800000,
    "grossProfitRatio": 0.359600444,
    "researchAndDevelopmentExpenses": 0,
    "generalAndAdministrativeExpenses": 30100000,
    "sellingAndMarketingExpenses": 0,
    "sellingGeneralAndAdministrativeExpenses": 30100000,
    "otherExpenses": 5900000,
    "operatingExpenses": 36000000,
    "costAndExpenses": 151400000,
    "interestIncome": 0,
    "interestExpense": 0,
    "depreciationAndAmortization": 5900000,
    "ebitda": 34700000,
    "ebitdaratio": 0.192563818,
    "operatingIncome": 28800000,
    "operatingIncomeRatio": 0.1598224195,
    "totalOtherIncomeExpensesNet": -10100000,
    "incomeBeforeTax": 18700000,
    "incomeBeforeTaxRatio": 0.1037735849,
    "incomeTaxExpense": 7100000,
    "netIncome": 11000000,
    "netIncomeRatio": 0.0610432852,
    "eps": 0.22,
    "epsdiluted": 0.21,
    "weightedAverageShsOut": 50742000,
    "weightedAverageShsOutDil": 51552000,
    "link": "https://www.sec.gov/Archives/edgar/data/943452/000095012899000611/0000950128-99-000611-index.html",
    "finalLink": "https://www.sec.gov/Archives/edgar/data/943452/"
  },
  {
    "date": "1998-09-30",
    "symbol": "WAB",
    "reportedCurrency": "USD",
    "cik": "0000943452",
    "fillingDate": "1998-11-06",
    "acceptedDate": "1998-11-06 00:00:00",
    "calendarYear": "1998",
    "period": "Q3",
    "revenue": 160500000,
    "costOfRevenue": 104500000,
    "grossProfit": 56000000,
    "grossProfitRatio": 0.3489096573,
    "researchAndDevelopmentExpenses": 0,
    "generalAndAdministrativeExpenses": 24400000,
    "sellingAndMarketingExpenses": 0,
    "sellingGeneralAndAdministrativeExpenses": 24400000,
    "otherExpenses": 6300000,
    "operatingExpenses": 30700000,
    "costAndExpenses": 135200000,
    "interestIncome": 0,
    "interestExpense": 0,
    "depreciationAndAmortization": 6300000,
    "ebitda": 31600000,
    "ebitdaratio": 0.1968847352,
    "operatingIncome": 25300000,
    "operatingIncomeRatio": 0.1576323988,
    "totalOtherIncomeExpensesNet": -7900000,
    "incomeBeforeTax": 17400000,
    "incomeBeforeTaxRatio": 0.108411215,
    "incomeTaxExpense": 6600000,
    "netIncome": 10800000,
    "netIncomeRatio": 0.0672897196,
    "eps": 0.22,
    "epsdiluted": 0.21,
    "weightedAverageShsOut": 50232558,
    "weightedAverageShsOutDil": 51428571,
    "link": "https://www.sec.gov/Archives/edgar/data/943452/000095012898001114/0000950128-98-001114-index.html",
    "finalLink": "https://www.sec.gov/Archives/edgar/data/943452/"
  },
  {
    "date": "1998-06-30",
    "symbol": "WAB",
    "reportedCurrency": "USD",
    "cik": "0000943452",
    "fillingDate": "1998-08-07",
    "acceptedDate": "1998-08-07 00:00:00",
    "calendarYear": "1998",
    "period": "Q2",
    "revenue": 172100000,
    "costOfRevenue": 112500000,
    "grossProfit": 59600000,
    "grossProfitRatio": 0.3463102847,
    "researchAndDevelopmentExpenses": 0,
    "generalAndAdministrativeExpenses": 26900000,
    "sellingAndMarketingExpenses": 0,
    "sellingGeneralAndAdministrativeExpenses": 26900000,
    "otherExpenses": 6600000,
    "operatingExpenses": 33500000,
    "costAndExpenses": 146000000,
    "interestIncome": 0,
    "interestExpense": 0,
    "depreciationAndAmortization": 6600000,
    "ebitda": 32700000,
    "ebitdaratio": 0.1900058106,
    "operatingIncome": 26100000,
    "operatingIncomeRatio": 0.1516560139,
    "totalOtherIncomeExpensesNet": -7200000,
    "incomeBeforeTax": 18900000,
    "incomeBeforeTaxRatio": 0.1098198722,
    "incomeTaxExpense": 7200000,
    "netIncome": 9000000,
    "netIncomeRatio": 0.0522951772,
    "eps": 0.18,
    "epsdiluted": 0.17,
    "weightedAverageShsOut": 50000000,
    "weightedAverageShsOutDil": 52941176,
    "link": "https://www.sec.gov/Archives/edgar/data/943452/000095012898000949/0000950128-98-000949-index.html",
    "finalLink": "https://www.sec.gov/Archives/edgar/data/943452/"
  },
  {
    "date": "1998-03-31",
    "symbol": "WAB",
    "reportedCurrency": "USD",
    "cik": "0000943452",
    "fillingDate": "1998-05-08",
    "acceptedDate": "1998-05-08 00:00:00",
    "calendarYear": "1998",
    "period": "Q1",
    "revenue": 158100000,
    "costOfRevenue": 102000000,
    "grossProfit": 56100000,
    "grossProfitRatio": 0.3548387097,
    "researchAndDevelopmentExpenses": 0,
    "generalAndAdministrativeExpenses": 24900000,
    "sellingAndMarketingExpenses": 0,
    "sellingGeneralAndAdministrativeExpenses": 24900000,
    "otherExpenses": 6400000,
    "operatingExpenses": 31300000,
    "costAndExpenses": 133300000,
    "interestIncome": 0,
    "interestExpense": 0,
    "depreciationAndAmortization": 6400000,
    "ebitda": 31200000,
    "ebitdaratio": 0.1973434535,
    "operatingIncome": 24800000,
    "operatingIncomeRatio": 0.1568627451,
    "totalOtherIncomeExpensesNet": -7200000,
    "incomeBeforeTax": 17600000,
    "incomeBeforeTaxRatio": 0.1113219481,
    "incomeTaxExpense": 6700000,
    "netIncome": 10900000,
    "netIncomeRatio": 0.0689437065,
    "eps": 0.21,
    "epsdiluted": 0.21,
    "weightedAverageShsOut": 51904762,
    "weightedAverageShsOutDil": 51904762,
    "link": "https://www.sec.gov/Archives/edgar/data/943452/000095012898000770/0000950128-98-000770-index.html",
    "finalLink": "https://www.sec.gov/Archives/edgar/data/943452/"
  },
  {
    "date": "1997-12-31",
    "symbol": "WAB",
    "reportedCurrency": "USD",
    "cik": "0000943452",
    "fillingDate": "1998-03-20",
    "acceptedDate": "1998-03-20 00:00:00",
    "calendarYear": "1997",
    "period": "Q4",
    "revenue": 147100000,
    "costOfRevenue": 94700000,
    "grossProfit": 52400000,
    "grossProfitRatio": 0.3562202583,
    "researchAndDevelopmentExpenses": 0,
    "generalAndAdministrativeExpenses": 23300000,
    "sellingAndMarketingExpenses": 0,
    "sellingGeneralAndAdministrativeExpenses": 23300000,
    "otherExpenses": 6400000,
    "operatingExpenses": 29700000,
    "costAndExpenses": 124400000,
    "interestIncome": 0,
    "interestExpense": 0,
    "depreciationAndAmortization": 6400000,
    "ebitda": 29100000,
    "ebitdaratio": 0.1978246091,
    "operatingIncome": 22700000,
    "operatingIncomeRatio": 0.1543167913,
    "totalOtherIncomeExpensesNet": -7500000,
    "incomeBeforeTax": 15200000,
    "incomeBeforeTaxRatio": 0.1033310673,
    "incomeTaxExpense": 5600000,
    "netIncome": 9600000,
    "netIncomeRatio": 0.0652617267,
    "eps": 0.18,
    "epsdiluted": 0.18,
    "weightedAverageShsOut": 51904762,
    "weightedAverageShsOutDil": 51904762,
    "link": "https://www.sec.gov/Archives/edgar/data/943452/000095012898000645/0000950128-98-000645-index.html",
    "finalLink": "https://www.sec.gov/Archives/edgar/data/943452/"
  },
  {
    "date": "1997-09-30",
    "symbol": "WAB",
    "reportedCurrency": "USD",
    "cik": "0000943452",
    "fillingDate": "1997-11-13",
    "acceptedDate": "1997-11-13 00:00:00",
    "calendarYear": "1997",
    "period": "Q3",
    "revenue": 142800000,
    "costOfRevenue": 93100000,
    "grossProfit": 49700000,
    "grossProfitRatio": 0.3480392157,
    "researchAndDevelopmentExpenses": 0,
    "generalAndAdministrativeExpenses": 21500000,
    "sellingAndMarketingExpenses": 0,
    "sellingGeneralAndAdministrativeExpenses": 21500000,
    "otherExpenses": 6100000,
    "operatingExpenses": 27600000,
    "costAndExpenses": 120700000,
    "interestIncome": 0,
    "interestExpense": 0,
    "depreciationAndAmortization": 6100000,
    "ebitda": 28200000,
    "ebitdaratio": 0.1974789916,
    "operatingIncome": 22100000,
    "operatingIncomeRatio": 0.1547619048,
    "totalOtherIncomeExpensesNet": -7600000,
    "incomeBeforeTax": 14500000,
    "incomeBeforeTaxRatio": 0.1015406162,
    "incomeTaxExpense": 5700000,
    "netIncome": 8800000,
    "netIncomeRatio": 0.0616246499,
    "eps": 0.18,
    "epsdiluted": 0.18,
    "weightedAverageShsOut": 50285714,
    "weightedAverageShsOutDil": 50285714,
    "link": "https://www.sec.gov/Archives/edgar/data/943452/000095012897001050/0000950128-97-001050-index.html",
    "finalLink": "https://www.sec.gov/Archives/edgar/data/943452/"
  },
  {
    "date": "1997-06-30",
    "symbol": "WAB",
    "reportedCurrency": "USD",
    "cik": "0000943452",
    "fillingDate": "1997-08-14",
    "acceptedDate": "1997-08-14 00:00:00",
    "calendarYear": "1997",
    "period": "Q2",
    "revenue": 138100000,
    "costOfRevenue": 87200000,
    "grossProfit": 50900000,
    "grossProfitRatio": 0.3685734975,
    "researchAndDevelopmentExpenses": 0,
    "generalAndAdministrativeExpenses": 22100000,
    "sellingAndMarketingExpenses": 0,
    "sellingGeneralAndAdministrativeExpenses": 22100000,
    "otherExpenses": 5900000,
    "operatingExpenses": 28000000,
    "costAndExpenses": 115200000,
    "interestIncome": 0,
    "interestExpense": 0,
    "depreciationAndAmortization": 5900000,
    "ebitda": 28800000,
    "ebitdaratio": 0.2085445329,
    "operatingIncome": 22900000,
    "operatingIncomeRatio": 0.1658218682,
    "totalOtherIncomeExpensesNet": -7600000,
    "incomeBeforeTax": 15300000,
    "incomeBeforeTaxRatio": 0.1107892831,
    "incomeTaxExpense": 6000000,
    "netIncome": 9300000,
    "netIncomeRatio": 0.0673425054,
    "eps": 0.19,
    "epsdiluted": 0.19,
    "weightedAverageShsOut": 50270270,
    "weightedAverageShsOutDil": 50270270,
    "link": "https://www.sec.gov/Archives/edgar/data/943452/000095012897000895/0000950128-97-000895-index.html",
    "finalLink": "https://www.sec.gov/Archives/edgar/data/943452/"
  },
  {
    "date": "1997-03-31",
    "symbol": "WAB",
    "reportedCurrency": "USD",
    "cik": "0000943452",
    "fillingDate": "1997-05-09",
    "acceptedDate": "1997-05-09 00:00:00",
    "calendarYear": "1997",
    "period": "Q1",
    "revenue": 136500000,
    "costOfRevenue": 86800000,
    "grossProfit": 49700000,
    "grossProfitRatio": 0.3641025641,
    "researchAndDevelopmentExpenses": 0,
    "generalAndAdministrativeExpenses": 20900000,
    "sellingAndMarketingExpenses": 0,
    "sellingGeneralAndAdministrativeExpenses": 20900000,
    "otherExpenses": 6200000,
    "operatingExpenses": 27100000,
    "costAndExpenses": 113900000,
    "interestIncome": 0,
    "interestExpense": 0,
    "depreciationAndAmortization": 6200000,
    "ebitda": 28800000,
    "ebitdaratio": 0.210989011,
    "operatingIncome": 22600000,
    "operatingIncomeRatio": 0.1655677656,
    "totalOtherIncomeExpensesNet": -6900000,
    "incomeBeforeTax": 15700000,
    "incomeBeforeTaxRatio": 0.115018315,
    "incomeTaxExpense": 6100000,
    "netIncome": 9600000,
    "netIncomeRatio": 0.0703296703,
    "eps": 0.17,
    "epsdiluted": 0.17,
    "weightedAverageShsOut": 56470588,
    "weightedAverageShsOutDil": 56470588,
    "link": "https://www.sec.gov/Archives/edgar/data/943452/000095012897000739/0000950128-97-000739-index.html",
    "finalLink": "https://www.sec.gov/Archives/edgar/data/943452/"
  },
  {
    "date": "1996-12-31",
    "symbol": "WAB",
    "reportedCurrency": "USD",
    "cik": "0000943452",
    "fillingDate": "1997-03-26",
    "acceptedDate": "1997-03-26 00:00:00",
    "calendarYear": "1996",
    "period": "Q4",
    "revenue": 128800000,
    "costOfRevenue": 87500000,
    "grossProfit": 41300000,
    "grossProfitRatio": 0.3206521739,
    "researchAndDevelopmentExpenses": 5300000,
    "generalAndAdministrativeExpenses": 15300000,
    "sellingAndMarketingExpenses": 0,
    "sellingGeneralAndAdministrativeExpenses": 15300000,
    "otherExpenses": 5700000,
    "operatingExpenses": 26300000,
    "costAndExpenses": 113800000,
    "interestIncome": 0,
    "interestExpense": 0,
    "depreciationAndAmortization": 5700000,
    "ebitda": 20700000,
    "ebitdaratio": 0.1607142857,
    "operatingIncome": 15000000,
    "operatingIncomeRatio": 0.1164596273,
    "totalOtherIncomeExpensesNet": -1400000,
    "incomeBeforeTax": 13600000,
    "incomeBeforeTaxRatio": 0.1055900621,
    "incomeTaxExpense": 4900000,
    "netIncome": 8700000,
    "netIncomeRatio": 0.0675465839,
    "eps": 0.15,
    "epsdiluted": 0.15,
    "weightedAverageShsOut": 56049689,
    "weightedAverageShsOutDil": 56470588,
    "link": "https://www.sec.gov/Archives/edgar/data/943452/000095012897000656/0000950128-97-000656-index.html",
    "finalLink": "https://www.sec.gov/Archives/edgar/data/943452/"
  },
  {
    "date": "1996-09-30",
    "symbol": "WAB",
    "reportedCurrency": "USD",
    "cik": "0000943452",
    "fillingDate": "1996-09-30",
    "acceptedDate": "1996-09-29 20:00:00",
    "calendarYear": "1996",
    "period": "Q3",
    "revenue": 109800000,
    "costOfRevenue": 66300000,
    "grossProfit": 43500000,
    "grossProfitRatio": 0.3961748634,
    "researchAndDevelopmentExpenses": 4700000,
    "generalAndAdministrativeExpenses": 11500000,
    "sellingAndMarketingExpenses": 0,
    "sellingGeneralAndAdministrativeExpenses": 18000000,
    "otherExpenses": 1200000,
    "operatingExpenses": 23900000,
    "costAndExpenses": 90200000,
    "interestIncome": 0,
    "interestExpense": 0,
    "depreciationAndAmortization": 5900000,
    "ebitda": 25500000,
    "ebitdaratio": 0.2322404372,
    "operatingIncome": 19600000,
    "operatingIncomeRatio": 0.1785063752,
    "totalOtherIncomeExpensesNet": -6300000,
    "incomeBeforeTax": 13300000,
    "incomeBeforeTaxRatio": 0.121129326,
    "incomeTaxExpense": 5300000,
    "netIncome": 8000000,
    "netIncomeRatio": 0.072859745,
    "eps": 0.14,
    "epsdiluted": 0.14,
    "weightedAverageShsOut": 57142857,
    "weightedAverageShsOutDil": 57142857,
    "link": "",
    "finalLink": ""
  },
  {
    "date": "1996-06-30",
    "symbol": "WAB",
    "reportedCurrency": "USD",
    "cik": "0000943452",
    "fillingDate": "1996-08-07",
    "acceptedDate": "1996-08-07 00:00:00",
    "calendarYear": "1996",
    "period": "Q2",
    "revenue": 109100000,
    "costOfRevenue": 68500000,
    "grossProfit": 40600000,
    "grossProfitRatio": 0.3721356554,
    "researchAndDevelopmentExpenses": 3900000,
    "generalAndAdministrativeExpenses": 0,
    "sellingAndMarketingExpenses": 0,
    "sellingGeneralAndAdministrativeExpenses": 15100000,
    "otherExpenses": 1600000,
    "operatingExpenses": 20600000,
    "costAndExpenses": 89100000,
    "interestIncome": 0,
    "interestExpense": 0,
    "depreciationAndAmortization": 5500000,
    "ebitda": 25500000,
    "ebitdaratio": 0.2337305225,
    "operatingIncome": 20000000,
    "operatingIncomeRatio": 0.1833180568,
    "totalOtherIncomeExpensesNet": -6200000,
    "incomeBeforeTax": 13800000,
    "incomeBeforeTaxRatio": 0.1264894592,
    "incomeTaxExpense": 5500000,
    "netIncome": 8300000,
    "netIncomeRatio": 0.0760769936,
    "eps": 0.14,
    "epsdiluted": 0.14,
    "weightedAverageShsOut": 57241379,
    "weightedAverageShsOutDil": 57241379,
    "link": "https://www.sec.gov/Archives/edgar/data/943452/000095012896000431/0000950128-96-000431-index.html",
    "finalLink": "https://www.sec.gov/Archives/edgar/data/943452/"
  },
  {
    "date": "1996-03-31",
    "symbol": "WAB",
    "reportedCurrency": "USD",
    "cik": "0000943452",
    "fillingDate": "1996-03-31",
    "acceptedDate": "1996-03-31 00:00:00",
    "calendarYear": "1996",
    "period": "Q1",
    "revenue": 105700000,
    "costOfRevenue": 67300000,
    "grossProfit": 38400000,
    "grossProfitRatio": 0.3632923368,
    "researchAndDevelopmentExpenses": 4200000,
    "generalAndAdministrativeExpenses": 0,
    "sellingAndMarketingExpenses": 0,
    "sellingGeneralAndAdministrativeExpenses": 14200000,
    "otherExpenses": 900000,
    "operatingExpenses": 19300000,
    "costAndExpenses": 86600000,
    "interestIncome": 0,
    "interestExpense": 0,
    "depreciationAndAmortization": 5100000,
    "ebitda": 24200000,
    "ebitdaratio": 0.2289498581,
    "operatingIncome": 19100000,
    "operatingIncomeRatio": 0.1807000946,
    "totalOtherIncomeExpensesNet": -6200000,
    "incomeBeforeTax": 12900000,
    "incomeBeforeTaxRatio": 0.1220435194,
    "incomeTaxExpense": 5200000,
    "netIncome": 7700000,
    "netIncomeRatio": 0.0728476821,
    "eps": 0.14,
    "epsdiluted": 0.14,
    "weightedAverageShsOut": 57037037,
    "weightedAverageShsOutDil": 57037037,
    "link": null,
    "finalLink": null
  },
  {
    "date": "1995-12-31",
    "symbol": "WAB",
    "reportedCurrency": "USD",
    "cik": "0000943452",
    "fillingDate": "1995-12-31",
    "acceptedDate": "1995-12-31 00:00:00",
    "calendarYear": "1995",
    "period": "Q4",
    "revenue": 95600000,
    "costOfRevenue": 57100000,
    "grossProfit": 38500000,
    "grossProfitRatio": 0.4027196653,
    "researchAndDevelopmentExpenses": 0,
    "generalAndAdministrativeExpenses": 0,
    "sellingAndMarketingExpenses": 0,
    "sellingGeneralAndAdministrativeExpenses": -1300000,
    "otherExpenses": 19600000,
    "operatingExpenses": 18300000,
    "costAndExpenses": 75400000,
    "interestIncome": 0,
    "interestExpense": 0,
    "depreciationAndAmortization": 5000000,
    "ebitda": 25200000,
    "ebitdaratio": 0.2635983264,
    "operatingIncome": 20200000,
    "operatingIncomeRatio": 0.2112970711,
    "totalOtherIncomeExpensesNet": -7600000,
    "incomeBeforeTax": 12600000,
    "incomeBeforeTaxRatio": 0.1317991632,
    "incomeTaxExpense": 4600000,
    "netIncome": 8000000,
    "netIncomeRatio": 0.0836820084,
    "eps": 0.14,
    "epsdiluted": 0.14,
    "weightedAverageShsOut": 57037037,
    "weightedAverageShsOutDil": 57037037,
    "link": null,
    "finalLink": null
  },
  {
    "date": "1995-09-30",
    "symbol": "WAB",
    "reportedCurrency": "USD",
    "cik": "0000943452",
    "fillingDate": "1995-09-30",
    "acceptedDate": "1995-09-30 00:00:00",
    "calendarYear": "1995",
    "period": "Q3",
    "revenue": 104600000,
    "costOfRevenue": 67800000,
    "grossProfit": 36800000,
    "grossProfitRatio": 0.3518164436,
    "researchAndDevelopmentExpenses": 0,
    "generalAndAdministrativeExpenses": 0,
    "sellingAndMarketingExpenses": 0,
    "sellingGeneralAndAdministrativeExpenses": 12700000,
    "otherExpenses": 4900000,
    "operatingExpenses": 17600000,
    "costAndExpenses": 85400000,
    "interestIncome": 0,
    "interestExpense": 0,
    "depreciationAndAmortization": 4900000,
    "ebitda": 24100000,
    "ebitdaratio": 0.2304015296,
    "operatingIncome": 19200000,
    "operatingIncomeRatio": 0.1835564054,
    "totalOtherIncomeExpensesNet": -8200000,
    "incomeBeforeTax": 11000000,
    "incomeBeforeTaxRatio": 0.1051625239,
    "incomeTaxExpense": 4500000,
    "netIncome": 6500000,
    "netIncomeRatio": 0.0621414914,
    "eps": 0.12,
    "epsdiluted": 0.12,
    "weightedAverageShsOut": 56521739,
    "weightedAverageShsOutDil": 56521739,
    "link": null,
    "finalLink": null
  }
]