[
  {
    "date": "2025-06-28",
    "symbol": "WAT",
    "reportedCurrency": "USD",
    "cik": "0001000697",
    "fillingDate": "2025-08-04",
    "acceptedDate": "2025-08-04 06:16:52",
    "calendarYear": "2025",
    "period": "Q2",
    "revenue": 771332000,
    "costOfRevenue": 321407000,
    "grossProfit": 449925000,
    "grossProfitRatio": 0.5833091328,
    "researchAndDevelopmentExpenses": 48548000,
    "generalAndAdministrativeExpenses": 0,
    "sellingAndMarketingExpenses": 0,
    "sellingGeneralAndAdministrativeExpenses": 201257000,
    "otherExpenses": 11907000,
    "operatingExpenses": 261712000,
    "costAndExpenses": 583119000,
    "interestIncome": 4507000,
    "interestExpense": 14354000,
    "depreciationAndAmortization": 51649000,
    "ebitda": 243693000,
    "ebitdaratio": 0.3159378841,
    "operatingIncome": 188213000,
    "operatingIncomeRatio": 0.2440103613,
    "totalOtherIncomeExpensesNet": -10523000,
    "incomeBeforeTax": 177690000,
    "incomeBeforeTaxRatio": 0.2303677275,
    "incomeTaxExpense": 30579000,
    "netIncome": 147111000,
    "netIncomeRatio": 0.1907233202,
    "eps": 2.47,
    "epsdiluted": 2.47,
    "weightedAverageShsOut": 59515000,
    "weightedAverageShsOutDil": 59656000,
    "link": "https://www.sec.gov/Archives/edgar/data/1000697/000119312525172087/0001193125-25-172087-index.htm",
    "finalLink": "https://www.sec.gov/Archives/edgar/data/1000697/000119312525172087/d885407d10q.htm"
  },
  {
    "date": "2025-03-29",
    "symbol": "WAT",
    "reportedCurrency": "USD",
    "cik": "0001000697",
    "fillingDate": "2025-05-06",
    "acceptedDate": "2025-05-06 07:00:36",
    "calendarYear": "2025",
    "period": "Q1",
    "revenue": 661705000,
    "costOfRevenue": 276745000,
    "grossProfit": 384960000,
    "grossProfitRatio": 0.5817698219,
    "researchAndDevelopmentExpenses": 46622000,
    "generalAndAdministrativeExpenses": 0,
    "sellingAndMarketingExpenses": 0,
    "sellingGeneralAndAdministrativeExpenses": 174881000,
    "otherExpenses": 11712000,
    "operatingExpenses": 233215000,
    "costAndExpenses": 509960000,
    "interestIncome": 3889000,
    "interestExpense": 14270000,
    "depreciationAndAmortization": 49369000,
    "ebitda": 206527000,
    "ebitdaratio": 0.312113404,
    "operatingIncome": 151745000,
    "operatingIncomeRatio": 0.2293242457,
    "totalOtherIncomeExpensesNet": -8857000,
    "incomeBeforeTax": 142888000,
    "incomeBeforeTaxRatio": 0.215939127,
    "incomeTaxExpense": 21507000,
    "netIncome": 121381000,
    "netIncomeRatio": 0.1834367278,
    "eps": 2.04,
    "epsdiluted": 2.03,
    "weightedAverageShsOut": 59439000,
    "weightedAverageShsOutDil": 59711000,
    "link": "https://www.sec.gov/Archives/edgar/data/1000697/000119312525113274/0001193125-25-113274-index.htm",
    "finalLink": "https://www.sec.gov/Archives/edgar/data/1000697/000119312525113274/d63343d10q.htm"
  },
  {
    "date": "2024-12-31",
    "symbol": "WAT",
    "reportedCurrency": "USD",
    "cik": "0001000697",
    "fillingDate": "2025-02-25",
    "acceptedDate": "2025-02-25 10:55:15",
    "calendarYear": "2024",
    "period": "Q4",
    "revenue": 872714000,
    "costOfRevenue": 348516000,
    "grossProfit": 524198000,
    "grossProfitRatio": 0.6006526766,
    "researchAndDevelopmentExpenses": 46914000,
    "generalAndAdministrativeExpenses": 0,
    "sellingAndMarketingExpenses": 0,
    "sellingGeneralAndAdministrativeExpenses": 173268000,
    "otherExpenses": 11753000,
    "operatingExpenses": 231935000,
    "costAndExpenses": 580451000,
    "interestIncome": 4559000,
    "interestExpense": 18996000,
    "depreciationAndAmortization": 48575000,
    "ebitda": 344554000,
    "ebitdaratio": 0.3948074627,
    "operatingIncome": 292263000,
    "operatingIncomeRatio": 0.3348897806,
    "totalOtherIncomeExpensesNet": -15280000,
    "incomeBeforeTax": 276983000,
    "incomeBeforeTaxRatio": 0.317381181,
    "incomeTaxExpense": 45585000,
    "netIncome": 231398000,
    "netIncomeRatio": 0.2651475741,
    "eps": 3.9,
    "epsdiluted": 3.88,
    "weightedAverageShsOut": 59386000,
    "weightedAverageShsOutDil": 59645000,
    "link": "https://www.sec.gov/Archives/edgar/data/1000697/000119312525034579/0001193125-25-034579-index.htm",
    "finalLink": "https://www.sec.gov/Archives/edgar/data/1000697/000119312525034579/d791800d10k.htm"
  },
  {
    "date": "2024-09-28",
    "symbol": "WAT",
    "reportedCurrency": "USD",
    "cik": "0001000697",
    "fillingDate": "2024-11-01",
    "acceptedDate": "2024-11-01 07:01:17",
    "calendarYear": "2024",
    "period": "Q3",
    "revenue": 740305000,
    "costOfRevenue": 301655000,
    "grossProfit": 438650000,
    "grossProfitRatio": 0.5925260535,
    "researchAndDevelopmentExpenses": 45336000,
    "generalAndAdministrativeExpenses": 0,
    "sellingAndMarketingExpenses": 0,
    "sellingGeneralAndAdministrativeExpenses": 169097000,
    "otherExpenses": 13085000,
    "operatingExpenses": 227518000,
    "costAndExpenses": 529173000,
    "interestIncome": 4258000,
    "interestExpense": 21435000,
    "depreciationAndAmortization": 47507000,
    "ebitda": 262559000,
    "ebitdaratio": 0.3546632807,
    "operatingIncome": 211132000,
    "operatingIncomeRatio": 0.2851959665,
    "totalOtherIncomeExpensesNet": -17515000,
    "incomeBeforeTax": 193617000,
    "incomeBeforeTaxRatio": 0.261536799,
    "incomeTaxExpense": 32114000,
    "netIncome": 161503000,
    "netIncomeRatio": 0.2181573811,
    "eps": 2.72,
    "epsdiluted": 2.71,
    "weightedAverageShsOut": 59314000,
    "weightedAverageShsOutDil": 59504000,
    "link": "https://www.sec.gov/Archives/edgar/data/1000697/000119312524249126/0001193125-24-249126-index.htm",
    "finalLink": "https://www.sec.gov/Archives/edgar/data/1000697/000119312524249126/d862492d10q.htm"
  },
  {
    "date": "2024-06-29",
    "symbol": "WAT",
    "reportedCurrency": "USD",
    "cik": "0001000697",
    "fillingDate": "2024-07-31",
    "acceptedDate": "2024-07-31 07:17:17",
    "calendarYear": "2024",
    "period": "Q2",
    "revenue": 708529000,
    "costOfRevenue": 288244000,
    "grossProfit": 420285000,
    "grossProfitRatio": 0.5931796723,
    "researchAndDevelopmentExpenses": 46182000,
    "generalAndAdministrativeExpenses": 0,
    "sellingAndMarketingExpenses": 0,
    "sellingGeneralAndAdministrativeExpenses": 173247000,
    "otherExpenses": 11744000,
    "operatingExpenses": 231173000,
    "costAndExpenses": 519417000,
    "interestIncome": 4328000,
    "interestExpense": 23726000,
    "depreciationAndAmortization": 47229000,
    "ebitda": 240367000,
    "ebitdaratio": 0.3392479348,
    "operatingIncome": 189112000,
    "operatingIncomeRatio": 0.2669079177,
    "totalOtherIncomeExpensesNet": -19700000,
    "incomeBeforeTax": 169412000,
    "incomeBeforeTaxRatio": 0.2391038334,
    "incomeTaxExpense": 26675000,
    "netIncome": 142737000,
    "netIncomeRatio": 0.2014554097,
    "eps": 2.41,
    "epsdiluted": 2.4,
    "weightedAverageShsOut": 59339000,
    "weightedAverageShsOutDil": 59451000,
    "link": "https://www.sec.gov/Archives/edgar/data/1000697/000119312524189466/0001193125-24-189466-index.htm",
    "finalLink": "https://www.sec.gov/Archives/edgar/data/1000697/000119312524189466/d826830d10q.htm"
  },
  {
    "date": "2024-03-30",
    "symbol": "WAT",
    "reportedCurrency": "USD",
    "cik": "0001000697",
    "fillingDate": "2024-05-07",
    "acceptedDate": "2024-05-07 07:07:01",
    "calendarYear": "2024",
    "period": "Q1",
    "revenue": 636839000,
    "costOfRevenue": 261786000,
    "grossProfit": 375053000,
    "grossProfitRatio": 0.58892907,
    "researchAndDevelopmentExpenses": 44595000,
    "generalAndAdministrativeExpenses": 0,
    "sellingAndMarketingExpenses": 0,
    "sellingGeneralAndAdministrativeExpenses": 174536000,
    "otherExpenses": 22076000,
    "operatingExpenses": 241207000,
    "costAndExpenses": 502993000,
    "interestIncome": 4271000,
    "interestExpense": 25520000,
    "depreciationAndAmortization": 48514000,
    "ebitda": 188890000,
    "ebitdaratio": 0.2966055785,
    "operatingIncome": 133846000,
    "operatingIncomeRatio": 0.2101724298,
    "totalOtherIncomeExpensesNet": -18990000,
    "incomeBeforeTax": 114856000,
    "incomeBeforeTaxRatio": 0.1803532761,
    "incomeTaxExpense": 12660000,
    "netIncome": 102196000,
    "netIncomeRatio": 0.1604738403,
    "eps": 1.73,
    "epsdiluted": 1.72,
    "weightedAverageShsOut": 59232000,
    "weightedAverageShsOutDil": 59431000,
    "link": "https://www.sec.gov/Archives/edgar/data/1000697/000119312524132558/0001193125-24-132558-index.htm",
    "finalLink": "https://www.sec.gov/Archives/edgar/data/1000697/000119312524132558/d798210d10q.htm"
  },
  {
    "date": "2023-12-31",
    "symbol": "WAT",
    "reportedCurrency": "USD",
    "cik": "0001000697",
    "fillingDate": "2024-02-27",
    "acceptedDate": "2024-02-27 11:52:37",
    "calendarYear": "2023",
    "period": "Q4",
    "revenue": 819474000,
    "costOfRevenue": 318360000,
    "grossProfit": 501114000,
    "grossProfitRatio": 0.6115068934,
    "researchAndDevelopmentExpenses": 44386000,
    "generalAndAdministrativeExpenses": 0,
    "sellingAndMarketingExpenses": 0,
    "sellingGeneralAndAdministrativeExpenses": 180357000,
    "otherExpenses": 12148000,
    "operatingExpenses": 236891000,
    "costAndExpenses": 555251000,
    "interestIncome": 4637000,
    "interestExpense": 30703000,
    "depreciationAndAmortization": 48060000,
    "ebitda": 316363000,
    "ebitdaratio": 0.3860561775,
    "operatingIncome": 264223000,
    "operatingIncomeRatio": 0.3224299978,
    "totalOtherIncomeExpensesNet": -26623000,
    "incomeBeforeTax": 237600000,
    "incomeBeforeTaxRatio": 0.2899420848,
    "incomeTaxExpense": 21395000,
    "netIncome": 216205000,
    "netIncomeRatio": 0.2638338739,
    "eps": 3.66,
    "epsdiluted": 3.65,
    "weightedAverageShsOut": 59142000,
    "weightedAverageShsOutDil": 59311000,
    "link": "https://www.sec.gov/Archives/edgar/data/1000697/000119312524047491/0001193125-24-047491-index.htm",
    "finalLink": "https://www.sec.gov/Archives/edgar/data/1000697/000119312524047491/d691142d10k.htm"
  },
  {
    "date": "2023-09-30",
    "symbol": "WAT",
    "reportedCurrency": "USD",
    "cik": "0001000697",
    "fillingDate": "2023-11-07",
    "acceptedDate": "2023-11-07 07:10:24",
    "calendarYear": "2023",
    "period": "Q3",
    "revenue": 711692000,
    "costOfRevenue": 291407000,
    "grossProfit": 420285000,
    "grossProfitRatio": 0.5905433811,
    "researchAndDevelopmentExpenses": 41995000,
    "generalAndAdministrativeExpenses": 0,
    "sellingAndMarketingExpenses": 0,
    "sellingGeneralAndAdministrativeExpenses": 186748000,
    "otherExpenses": 12116000,
    "operatingExpenses": 240859000,
    "costAndExpenses": 532266000,
    "interestIncome": 3883000,
    "interestExpense": 30442000,
    "depreciationAndAmortization": 47807000,
    "ebitda": 231444000,
    "ebitdaratio": 0.3252024752,
    "operatingIncome": 179426000,
    "operatingIncomeRatio": 0.2521118686,
    "totalOtherIncomeExpensesNet": -26231000,
    "incomeBeforeTax": 153195000,
    "incomeBeforeTaxRatio": 0.2152546326,
    "incomeTaxExpense": 18643000,
    "netIncome": 134552000,
    "netIncomeRatio": 0.1890593122,
    "eps": 2.28,
    "epsdiluted": 2.27,
    "weightedAverageShsOut": 59093000,
    "weightedAverageShsOutDil": 59255000,
    "link": "https://www.sec.gov/Archives/edgar/data/1000697/000119312523271909/0001193125-23-271909-index.htm",
    "finalLink": "https://www.sec.gov/Archives/edgar/data/1000697/000119312523271909/d546163d10q.htm"
  },
  {
    "date": "2023-07-01",
    "symbol": "WAT",
    "reportedCurrency": "USD",
    "cik": "0001000697",
    "fillingDate": "2023-08-02",
    "acceptedDate": "2023-08-02 07:04:58",
    "calendarYear": "2023",
    "period": "Q2",
    "revenue": 740576000,
    "costOfRevenue": 301076000,
    "grossProfit": 439500000,
    "grossProfitRatio": 0.5934569848,
    "researchAndDevelopmentExpenses": 45873000,
    "generalAndAdministrativeExpenses": 0,
    "sellingAndMarketingExpenses": 0,
    "sellingGeneralAndAdministrativeExpenses": 186953000,
    "otherExpenses": 6815000,
    "operatingExpenses": 239641000,
    "costAndExpenses": 540717000,
    "interestIncome": 4040000,
    "interestExpense": 23272000,
    "depreciationAndAmortization": 38884000,
    "ebitda": 242431000,
    "ebitdaratio": 0.3273546537,
    "operatingIncome": 199859000,
    "operatingIncomeRatio": 0.269869669,
    "totalOtherIncomeExpensesNet": -19584000,
    "incomeBeforeTax": 180275000,
    "incomeBeforeTaxRatio": 0.2434253878,
    "incomeTaxExpense": 29721000,
    "netIncome": 150554000,
    "netIncomeRatio": 0.2032931124,
    "eps": 2.56,
    "epsdiluted": 2.55,
    "weightedAverageShsOut": 58857000,
    "weightedAverageShsOutDil": 59010000,
    "link": "https://www.sec.gov/Archives/edgar/data/1000697/000119312523201115/0001193125-23-201115-index.htm",
    "finalLink": "https://www.sec.gov/Archives/edgar/data/1000697/000119312523201115/d58230d10q.htm"
  },
  {
    "date": "2023-04-01",
    "symbol": "WAT",
    "reportedCurrency": "USD",
    "cik": "0001000697",
    "fillingDate": "2023-05-09",
    "acceptedDate": "2023-05-09 09:06:21",
    "calendarYear": "2023",
    "period": "Q1",
    "revenue": 684674000,
    "costOfRevenue": 284380000,
    "grossProfit": 400294000,
    "grossProfitRatio": 0.5846490447,
    "researchAndDevelopmentExpenses": 42691000,
    "generalAndAdministrativeExpenses": 0,
    "sellingAndMarketingExpenses": 0,
    "sellingGeneralAndAdministrativeExpenses": 181956000,
    "otherExpenses": 1479000,
    "operatingExpenses": 226126000,
    "costAndExpenses": 510506000,
    "interestIncome": 4061000,
    "interestExpense": 14444000,
    "depreciationAndAmortization": 31154000,
    "ebitda": 210771000,
    "ebitdaratio": 0.3078413961,
    "operatingIncome": 174168000,
    "operatingIncomeRatio": 0.254380917,
    "totalOtherIncomeExpensesNet": -8995000,
    "incomeBeforeTax": 165173000,
    "incomeBeforeTaxRatio": 0.2412432778,
    "incomeTaxExpense": 24250000,
    "netIncome": 140923000,
    "netIncomeRatio": 0.205824962,
    "eps": 2.38,
    "epsdiluted": 2.38,
    "weightedAverageShsOut": 59211344,
    "weightedAverageShsOutDil": 59317000,
    "link": "https://www.sec.gov/Archives/edgar/data/1000697/000119312523138998/0001193125-23-138998-index.htm",
    "finalLink": "https://www.sec.gov/Archives/edgar/data/1000697/000119312523138998/d500365d10q.htm"
  },
  {
    "date": "2022-12-31",
    "symbol": "WAT",
    "reportedCurrency": "USD",
    "cik": "0001000697",
    "fillingDate": "2023-02-27",
    "acceptedDate": "2023-02-27 16:32:19",
    "calendarYear": "2022",
    "period": "Q4",
    "revenue": 858510000,
    "costOfRevenue": 348190000,
    "grossProfit": 510320000,
    "grossProfitRatio": 0.5944252251,
    "researchAndDevelopmentExpenses": 48277000,
    "generalAndAdministrativeExpenses": 0,
    "sellingAndMarketingExpenses": 0,
    "sellingGeneralAndAdministrativeExpenses": 174257000,
    "otherExpenses": 1503000,
    "operatingExpenses": 224037000,
    "costAndExpenses": 572227000,
    "interestIncome": 3484000,
    "interestExpense": 13899000,
    "depreciationAndAmortization": 31318000,
    "ebitda": 320713000,
    "ebitdaratio": 0.3735693236,
    "operatingIncome": 286283000,
    "operatingIncomeRatio": 0.3334649567,
    "totalOtherIncomeExpensesNet": -10787000,
    "incomeBeforeTax": 275496000,
    "incomeBeforeTaxRatio": 0.3209001642,
    "incomeTaxExpense": 48434000,
    "netIncome": 227062000,
    "netIncomeRatio": 0.264483815,
    "eps": 3.83,
    "epsdiluted": 3.81,
    "weightedAverageShsOut": 59329000,
    "weightedAverageShsOutDil": 59644000,
    "link": "https://www.sec.gov/Archives/edgar/data/1000697/000119312523050827/0001193125-23-050827-index.htm",
    "finalLink": "https://www.sec.gov/Archives/edgar/data/1000697/000119312523050827/d412746d10k.htm"
  },
  {
    "date": "2022-10-01",
    "symbol": "WAT",
    "reportedCurrency": "USD",
    "cik": "0001000697",
    "fillingDate": "2022-11-03",
    "acceptedDate": "2022-11-03 11:09:04",
    "calendarYear": "2022",
    "period": "Q3",
    "revenue": 708555000,
    "costOfRevenue": 307101000,
    "grossProfit": 401454000,
    "grossProfitRatio": 0.5665812816,
    "researchAndDevelopmentExpenses": 43435000,
    "generalAndAdministrativeExpenses": 0,
    "sellingAndMarketingExpenses": 0,
    "sellingGeneralAndAdministrativeExpenses": 164417000,
    "otherExpenses": 1592000,
    "operatingExpenses": 209444000,
    "costAndExpenses": 516545000,
    "interestIncome": 2896000,
    "interestExpense": 12420000,
    "depreciationAndAmortization": 32214000,
    "ebitda": 228015000,
    "ebitdaratio": 0.3218028241,
    "operatingIncome": 192010000,
    "operatingIncomeRatio": 0.2709881378,
    "totalOtherIncomeExpensesNet": -8629000,
    "incomeBeforeTax": 183381000,
    "incomeBeforeTaxRatio": 0.2588098313,
    "incomeTaxExpense": 27383000,
    "netIncome": 155998000,
    "netIncomeRatio": 0.2201635723,
    "eps": 2.61,
    "epsdiluted": 2.6,
    "weightedAverageShsOut": 59801000,
    "weightedAverageShsOutDil": 60081000,
    "link": "https://www.sec.gov/Archives/edgar/data/1000697/000119312522276585/0001193125-22-276585-index.htm",
    "finalLink": "https://www.sec.gov/Archives/edgar/data/1000697/000119312522276585/d310383d10q.htm"
  },
  {
    "date": "2022-07-02",
    "symbol": "WAT",
    "reportedCurrency": "USD",
    "cik": "0001000697",
    "fillingDate": "2022-08-04",
    "acceptedDate": "2022-08-04 16:44:23",
    "calendarYear": "2022",
    "period": "Q2",
    "revenue": 714319000,
    "costOfRevenue": 307206000,
    "grossProfit": 407113000,
    "grossProfitRatio": 0.5699316412,
    "researchAndDevelopmentExpenses": 44006000,
    "generalAndAdministrativeExpenses": 0,
    "sellingAndMarketingExpenses": 0,
    "sellingGeneralAndAdministrativeExpenses": 161877000,
    "otherExpenses": 1598000,
    "operatingExpenses": 207481000,
    "costAndExpenses": 514687000,
    "interestIncome": 2526000,
    "interestExpense": 11419000,
    "depreciationAndAmortization": 34227000,
    "ebitda": 237920000,
    "ebitdaratio": 0.3330724788,
    "operatingIncome": 199632000,
    "operatingIncomeRatio": 0.2794717766,
    "totalOtherIncomeExpensesNet": -7358000,
    "incomeBeforeTax": 192274000,
    "incomeBeforeTaxRatio": 0.2691710566,
    "incomeTaxExpense": 27410000,
    "netIncome": 164864000,
    "netIncomeRatio": 0.2307988448,
    "eps": 2.74,
    "epsdiluted": 2.72,
    "weightedAverageShsOut": 60206000,
    "weightedAverageShsOutDil": 60510000,
    "link": "https://www.sec.gov/Archives/edgar/data/1000697/000119312522212596/0001193125-22-212596-index.htm",
    "finalLink": "https://www.sec.gov/Archives/edgar/data/1000697/000119312522212596/d373440d10q.htm"
  },
  {
    "date": "2022-04-02",
    "symbol": "WAT",
    "reportedCurrency": "USD",
    "cik": "0001000697",
    "fillingDate": "2022-05-05",
    "acceptedDate": "2022-05-05 09:36:01",
    "calendarYear": "2022",
    "period": "Q1",
    "revenue": 690572000,
    "costOfRevenue": 285685000,
    "grossProfit": 404887000,
    "grossProfitRatio": 0.5863067139,
    "researchAndDevelopmentExpenses": 40472000,
    "generalAndAdministrativeExpenses": 0,
    "sellingAndMarketingExpenses": 0,
    "sellingGeneralAndAdministrativeExpenses": 157475000,
    "otherExpenses": 11470000,
    "operatingExpenses": 209417000,
    "costAndExpenses": 495102000,
    "interestIncome": 2114000,
    "interestExpense": 11059000,
    "depreciationAndAmortization": 32664000,
    "ebitda": 230418000,
    "ebitdaratio": 0.333662529,
    "operatingIncome": 195470000,
    "operatingIncomeRatio": 0.2830552064,
    "totalOtherIncomeExpensesNet": -8775000,
    "incomeBeforeTax": 186695000,
    "incomeBeforeTaxRatio": 0.2703483489,
    "incomeTaxExpense": 26864000,
    "netIncome": 159831000,
    "netIncomeRatio": 0.231447264,
    "eps": 2.64,
    "epsdiluted": 2.62,
    "weightedAverageShsOut": 60580000,
    "weightedAverageShsOutDil": 60952000,
    "link": "https://www.sec.gov/Archives/edgar/data/1000697/000119312522141543/0001193125-22-141543-index.htm",
    "finalLink": "https://www.sec.gov/Archives/edgar/data/1000697/000119312522141543/d334628d10q.htm"
  },
  {
    "date": "2021-12-31",
    "symbol": "WAT",
    "reportedCurrency": "USD",
    "cik": "0001000697",
    "fillingDate": "2022-02-24",
    "acceptedDate": "2022-02-24 13:04:47",
    "calendarYear": "2021",
    "period": "Q4",
    "revenue": 836449000,
    "costOfRevenue": 351004000,
    "grossProfit": 485445000,
    "grossProfitRatio": 0.5803641346,
    "researchAndDevelopmentExpenses": 43331000,
    "generalAndAdministrativeExpenses": 0,
    "sellingAndMarketingExpenses": 0,
    "sellingGeneralAndAdministrativeExpenses": 173014000,
    "otherExpenses": 6900000,
    "operatingExpenses": 223245000,
    "costAndExpenses": 574249000,
    "interestIncome": 1874000,
    "interestExpense": 10884000,
    "depreciationAndAmortization": 33754000,
    "ebitda": 296958000,
    "ebitdaratio": 0.3550222428,
    "operatingIncome": 262200000,
    "operatingIncomeRatio": 0.3134680058,
    "totalOtherIncomeExpensesNet": -9880000,
    "incomeBeforeTax": 252320000,
    "incomeBeforeTaxRatio": 0.3016561679,
    "incomeTaxExpense": 36081000,
    "netIncome": 216239000,
    "netIncomeRatio": 0.2585202445,
    "eps": 3.55,
    "epsdiluted": 3.52,
    "weightedAverageShsOut": 60984000,
    "weightedAverageShsOutDil": 61423000,
    "link": "https://www.sec.gov/Archives/edgar/data/1000697/000119312522051509/0001193125-22-051509-index.htm",
    "finalLink": "https://www.sec.gov/Archives/edgar/data/1000697/000119312522051509/d208871d10k.htm"
  },
  {
    "date": "2021-10-02",
    "symbol": "WAT",
    "reportedCurrency": "USD",
    "cik": "0001000697",
    "fillingDate": "2021-11-04",
    "acceptedDate": "2021-11-04 10:35:24",
    "calendarYear": "2021",
    "period": "Q3",
    "revenue": 659233000,
    "costOfRevenue": 271128000,
    "grossProfit": 388105000,
    "grossProfitRatio": 0.5887220452,
    "researchAndDevelopmentExpenses": 41986000,
    "generalAndAdministrativeExpenses": 0,
    "sellingAndMarketingExpenses": 0,
    "sellingGeneralAndAdministrativeExpenses": 152545000,
    "otherExpenses": 1759000,
    "operatingExpenses": 196290000,
    "costAndExpenses": 467418000,
    "interestIncome": 2548000,
    "interestExpense": 11081000,
    "depreciationAndAmortization": 33183000,
    "ebitda": 226939000,
    "ebitdaratio": 0.3442470265,
    "operatingIncome": 191815000,
    "operatingIncomeRatio": 0.2909669267,
    "totalOtherIncomeExpensesNet": -9140000,
    "incomeBeforeTax": 182675000,
    "incomeBeforeTaxRatio": 0.2771023295,
    "incomeTaxExpense": 21490000,
    "netIncome": 161185000,
    "netIncomeRatio": 0.2445038401,
    "eps": 2.63,
    "epsdiluted": 2.6,
    "weightedAverageShsOut": 61359000,
    "weightedAverageShsOutDil": 61888000,
    "link": "https://www.sec.gov/Archives/edgar/data/1000697/000119312521319595/0001193125-21-319595-index.htm",
    "finalLink": "https://www.sec.gov/Archives/edgar/data/1000697/000119312521319595/d234312d10q.htm"
  },
  {
    "date": "2021-07-03",
    "symbol": "WAT",
    "reportedCurrency": "USD",
    "cik": "0001000697",
    "fillingDate": "2021-08-05",
    "acceptedDate": "2021-08-05 09:22:36",
    "calendarYear": "2021",
    "period": "Q2",
    "revenue": 681647000,
    "costOfRevenue": 280254000,
    "grossProfit": 401393000,
    "grossProfitRatio": 0.5888575758,
    "researchAndDevelopmentExpenses": 44949000,
    "generalAndAdministrativeExpenses": 0,
    "sellingAndMarketingExpenses": 0,
    "sellingGeneralAndAdministrativeExpenses": 158213000,
    "otherExpenses": 1809000,
    "operatingExpenses": 204971000,
    "costAndExpenses": 485225000,
    "interestIncome": 3698000,
    "interestExpense": 12027000,
    "depreciationAndAmortization": 33387000,
    "ebitda": 242828000,
    "ebitdaratio": 0.3562371726,
    "operatingIncome": 196422000,
    "operatingIncomeRatio": 0.2881579469,
    "totalOtherIncomeExpensesNet": 992000,
    "incomeBeforeTax": 197414000,
    "incomeBeforeTaxRatio": 0.2896132456,
    "incomeTaxExpense": 30122000,
    "netIncome": 167292000,
    "netIncomeRatio": 0.2454232176,
    "eps": 2.71,
    "epsdiluted": 2.69,
    "weightedAverageShsOut": 61685000,
    "weightedAverageShsOutDil": 62157000,
    "link": "https://www.sec.gov/Archives/edgar/data/1000697/000119312521237166/0001193125-21-237166-index.htm",
    "finalLink": "https://www.sec.gov/Archives/edgar/data/1000697/000119312521237166/d124721d10q.htm"
  },
  {
    "date": "2021-04-03",
    "symbol": "WAT",
    "reportedCurrency": "USD",
    "cik": "0001000697",
    "fillingDate": "2021-05-06",
    "acceptedDate": "2021-05-06 10:49:36",
    "calendarYear": "2021",
    "period": "Q1",
    "revenue": 608545000,
    "costOfRevenue": 254147000,
    "grossProfit": 354398000,
    "grossProfitRatio": 0.5823694221,
    "researchAndDevelopmentExpenses": 38092000,
    "generalAndAdministrativeExpenses": 0,
    "sellingAndMarketingExpenses": 0,
    "sellingGeneralAndAdministrativeExpenses": 143196000,
    "otherExpenses": 1840000,
    "operatingExpenses": 183128000,
    "costAndExpenses": 437275000,
    "interestIncome": 4101000,
    "interestExpense": 10946000,
    "depreciationAndAmortization": 31356000,
    "ebitda": 216086000,
    "ebitdaratio": 0.3550863124,
    "operatingIncome": 171270000,
    "operatingIncomeRatio": 0.2814417997,
    "totalOtherIncomeExpensesNet": 2514000,
    "incomeBeforeTax": 173784000,
    "incomeBeforeTaxRatio": 0.285572965,
    "incomeTaxExpense": 25657000,
    "netIncome": 148127000,
    "netIncomeRatio": 0.2434117444,
    "eps": 2.38,
    "epsdiluted": 2.37,
    "weightedAverageShsOut": 62260000,
    "weightedAverageShsOutDil": 62632000,
    "link": "https://www.sec.gov/Archives/edgar/data/1000697/000119312521152840/0001193125-21-152840-index.htm",
    "finalLink": "https://www.sec.gov/Archives/edgar/data/1000697/000119312521152840/d172825d10q.htm"
  },
  {
    "date": "2020-12-31",
    "symbol": "WAT",
    "reportedCurrency": "USD",
    "cik": "0001000697",
    "fillingDate": "2021-02-24",
    "acceptedDate": "2021-02-24 14:57:56",
    "calendarYear": "2020",
    "period": "Q4",
    "revenue": 786658000,
    "costOfRevenue": 320569000,
    "grossProfit": 466089000,
    "grossProfitRatio": 0.5924925444,
    "researchAndDevelopmentExpenses": 39662000,
    "generalAndAdministrativeExpenses": 0,
    "sellingAndMarketingExpenses": 0,
    "sellingGeneralAndAdministrativeExpenses": 153084000,
    "otherExpenses": 9632000,
    "operatingExpenses": 202378000,
    "costAndExpenses": 522947000,
    "interestIncome": 4224000,
    "interestExpense": 11058000,
    "depreciationAndAmortization": 34270000,
    "ebitda": 302579000,
    "ebitdaratio": 0.3846385596,
    "operatingIncome": 263711000,
    "operatingIncomeRatio": 0.3352295407,
    "totalOtherIncomeExpensesNet": -6460000,
    "incomeBeforeTax": 257251000,
    "incomeBeforeTaxRatio": 0.3270175858,
    "incomeTaxExpense": 38940000,
    "netIncome": 218311000,
    "netIncomeRatio": 0.2775170404,
    "eps": 3.51,
    "epsdiluted": 3.49,
    "weightedAverageShsOut": 62170000,
    "weightedAverageShsOutDil": 62501000,
    "link": "https://www.sec.gov/Archives/edgar/data/1000697/000119312521054385/0001193125-21-054385-index.htm",
    "finalLink": "https://www.sec.gov/Archives/edgar/data/1000697/000119312521054385/d32803d10k.htm"
  },
  {
    "date": "2020-09-26",
    "symbol": "WAT",
    "reportedCurrency": "USD",
    "cik": "0001000697",
    "fillingDate": "2020-10-28",
    "acceptedDate": "2020-10-28 10:07:33",
    "calendarYear": "2020",
    "period": "Q3",
    "revenue": 593784000,
    "costOfRevenue": 262342000,
    "grossProfit": 331442000,
    "grossProfitRatio": 0.5581861418,
    "researchAndDevelopmentExpenses": 34971000,
    "generalAndAdministrativeExpenses": 0,
    "sellingAndMarketingExpenses": 0,
    "sellingGeneralAndAdministrativeExpenses": 135430000,
    "otherExpenses": 2657000,
    "operatingExpenses": 173058000,
    "costAndExpenses": 435400000,
    "interestIncome": 4007000,
    "interestExpense": 10915000,
    "depreciationAndAmortization": 30888000,
    "ebitda": 192240000,
    "ebitdaratio": 0.3237540924,
    "operatingIncome": 158384000,
    "operatingIncomeRatio": 0.2667367258,
    "totalOtherIncomeExpensesNet": -7947000,
    "incomeBeforeTax": 150437000,
    "incomeBeforeTaxRatio": 0.2533530712,
    "incomeTaxExpense": 23668000,
    "netIncome": 126769000,
    "netIncomeRatio": 0.2134934589,
    "eps": 2.04,
    "epsdiluted": 2.03,
    "weightedAverageShsOut": 62002000,
    "weightedAverageShsOutDil": 62303000,
    "link": "https://www.sec.gov/Archives/edgar/data/1000697/000119312520279285/0001193125-20-279285-index.htm",
    "finalLink": "https://www.sec.gov/Archives/edgar/data/1000697/000119312520279285/d11143d10q.htm"
  },
  {
    "date": "2020-06-27",
    "symbol": "WAT",
    "reportedCurrency": "USD",
    "cik": "0001000697",
    "fillingDate": "2020-07-29",
    "acceptedDate": "2020-07-29 12:01:08",
    "calendarYear": "2020",
    "period": "Q2",
    "revenue": 519984000,
    "costOfRevenue": 213134000,
    "grossProfit": 306850000,
    "grossProfitRatio": 0.5901143112,
    "researchAndDevelopmentExpenses": 31155000,
    "generalAndAdministrativeExpenses": 0,
    "sellingAndMarketingExpenses": 0,
    "sellingGeneralAndAdministrativeExpenses": 117449000,
    "otherExpenses": 3132000,
    "operatingExpenses": 151736000,
    "costAndExpenses": 364870000,
    "interestIncome": 4003000,
    "interestExpense": 13018000,
    "depreciationAndAmortization": 31015000,
    "ebitda": 189396000,
    "ebitdaratio": 0.3642342841,
    "operatingIncome": 155114000,
    "operatingIncomeRatio": 0.2983053325,
    "totalOtherIncomeExpensesNet": -9751000,
    "incomeBeforeTax": 145363000,
    "incomeBeforeTaxRatio": 0.2795528324,
    "incomeTaxExpense": 22434000,
    "netIncome": 122929000,
    "netIncomeRatio": 0.2364091972,
    "eps": 1.98,
    "epsdiluted": 1.98,
    "weightedAverageShsOut": 61944000,
    "weightedAverageShsOutDil": 62184000,
    "link": "https://www.sec.gov/Archives/edgar/data/1000697/000119312520202145/0001193125-20-202145-index.htm",
    "finalLink": "https://www.sec.gov/Archives/edgar/data/1000697/000119312520202145/d944177d10q.htm"
  },
  {
    "date": "2020-03-28",
    "symbol": "WAT",
    "reportedCurrency": "USD",
    "cik": "0001000697",
    "fillingDate": "2020-04-29",
    "acceptedDate": "2020-04-29 12:49:04",
    "calendarYear": "2020",
    "period": "Q1",
    "revenue": 464939000,
    "costOfRevenue": 210644000,
    "grossProfit": 254295000,
    "grossProfitRatio": 0.5469427172,
    "researchAndDevelopmentExpenses": 34989000,
    "generalAndAdministrativeExpenses": 0,
    "sellingAndMarketingExpenses": 0,
    "sellingGeneralAndAdministrativeExpenses": 147735000,
    "otherExpenses": 3291000,
    "operatingExpenses": 186015000,
    "costAndExpenses": 396659000,
    "interestIncome": 4036000,
    "interestExpense": 14079000,
    "depreciationAndAmortization": 29188000,
    "ebitda": 101130000,
    "ebitdaratio": 0.2175124049,
    "operatingIncome": 68280000,
    "operatingIncomeRatio": 0.1468579749,
    "totalOtherIncomeExpensesNet": -10417000,
    "incomeBeforeTax": 57863000,
    "incomeBeforeTaxRatio": 0.1244528852,
    "incomeTaxExpense": 4301000,
    "netIncome": 53562000,
    "netIncomeRatio": 0.1152022093,
    "eps": 0.86,
    "epsdiluted": 0.86,
    "weightedAverageShsOut": 62232000,
    "weightedAverageShsOutDil": 62626000,
    "link": "https://www.sec.gov/Archives/edgar/data/1000697/000119312520125370/0001193125-20-125370-index.htm",
    "finalLink": "https://www.sec.gov/Archives/edgar/data/1000697/000119312520125370/d918721d10q.htm"
  },
  {
    "date": "2019-12-31",
    "symbol": "WAT",
    "reportedCurrency": "USD",
    "cik": "0001000697",
    "fillingDate": "2020-02-25",
    "acceptedDate": "2020-02-25 16:02:20",
    "calendarYear": "2019",
    "period": "Q4",
    "revenue": 716294000,
    "costOfRevenue": 299068000,
    "grossProfit": 417226000,
    "grossProfitRatio": 0.5824787029,
    "researchAndDevelopmentExpenses": 37072000,
    "generalAndAdministrativeExpenses": 0,
    "sellingAndMarketingExpenses": 0,
    "sellingGeneralAndAdministrativeExpenses": 141208000,
    "otherExpenses": 2529000,
    "operatingExpenses": 180809000,
    "costAndExpenses": 479877000,
    "interestIncome": 4417000,
    "interestExpense": 14223000,
    "depreciationAndAmortization": 24977000,
    "ebitda": 263588000,
    "ebitdaratio": 0.3679885634,
    "operatingIncome": 236417000,
    "operatingIncomeRatio": 0.3300558151,
    "totalOtherIncomeExpensesNet": -12029000,
    "incomeBeforeTax": 224388000,
    "incomeBeforeTaxRatio": 0.3132624313,
    "incomeTaxExpense": 23719000,
    "netIncome": 200669000,
    "netIncomeRatio": 0.2801489333,
    "eps": 3.15,
    "epsdiluted": 3.12,
    "weightedAverageShsOut": 63795000,
    "weightedAverageShsOutDil": 64348000,
    "link": "https://www.sec.gov/Archives/edgar/data/1000697/000119312520048303/0001193125-20-048303-index.htm",
    "finalLink": "https://www.sec.gov/Archives/edgar/data/1000697/000119312520048303/d862312d10k.htm"
  },
  {
    "date": "2019-09-28",
    "symbol": "WAT",
    "reportedCurrency": "USD",
    "cik": "0001000697",
    "fillingDate": "2019-10-30",
    "acceptedDate": "2019-10-30 15:52:10",
    "calendarYear": "2019",
    "period": "Q3",
    "revenue": 577278000,
    "costOfRevenue": 241055000,
    "grossProfit": 336223000,
    "grossProfitRatio": 0.5824282235,
    "researchAndDevelopmentExpenses": 34333000,
    "generalAndAdministrativeExpenses": 0,
    "sellingAndMarketingExpenses": 0,
    "sellingGeneralAndAdministrativeExpenses": 126036000,
    "otherExpenses": 2619000,
    "operatingExpenses": 162988000,
    "costAndExpenses": 404043000,
    "interestIncome": 3455000,
    "interestExpense": 11456000,
    "depreciationAndAmortization": 26704000,
    "ebitda": 202898000,
    "ebitdaratio": 0.3514736401,
    "operatingIncome": 173235000,
    "operatingIncomeRatio": 0.300089385,
    "totalOtherIncomeExpensesNet": -8497000,
    "incomeBeforeTax": 164738000,
    "incomeBeforeTaxRatio": 0.2853703069,
    "incomeTaxExpense": 26605000,
    "netIncome": 138133000,
    "netIncomeRatio": 0.2392833262,
    "eps": 2.09,
    "epsdiluted": 2.07,
    "weightedAverageShsOut": 66226000,
    "weightedAverageShsOutDil": 66768000,
    "link": "https://www.sec.gov/Archives/edgar/data/1000697/000119312519278910/0001193125-19-278910-index.htm",
    "finalLink": "https://www.sec.gov/Archives/edgar/data/1000697/000119312519278910/d716085d10q.htm"
  },
  {
    "date": "2019-06-29",
    "symbol": "WAT",
    "reportedCurrency": "USD",
    "cik": "0001000697",
    "fillingDate": "2019-07-31",
    "acceptedDate": "2019-07-31 10:36:45",
    "calendarYear": "2019",
    "period": "Q2",
    "revenue": 599162000,
    "costOfRevenue": 249546000,
    "grossProfit": 349616000,
    "grossProfitRatio": 0.5835082999,
    "researchAndDevelopmentExpenses": 36490000,
    "generalAndAdministrativeExpenses": 0,
    "sellingAndMarketingExpenses": 0,
    "sellingGeneralAndAdministrativeExpenses": 133208000,
    "otherExpenses": 2264000,
    "operatingExpenses": 171962000,
    "costAndExpenses": 421508000,
    "interestIncome": 5871000,
    "interestExpense": 11448000,
    "depreciationAndAmortization": 28851000,
    "ebitda": 212034000,
    "ebitdaratio": 0.3538842583,
    "operatingIncome": 177654000,
    "operatingIncomeRatio": 0.2965041174,
    "totalOtherIncomeExpensesNet": -5919000,
    "incomeBeforeTax": 171735000,
    "incomeBeforeTaxRatio": 0.28662532,
    "incomeTaxExpense": 27325000,
    "netIncome": 144410000,
    "netIncomeRatio": 0.2410199579,
    "eps": 2.09,
    "epsdiluted": 2.08,
    "weightedAverageShsOut": 68989000,
    "weightedAverageShsOutDil": 69494000,
    "link": "https://www.sec.gov/Archives/edgar/data/1000697/000119312519208128/0001193125-19-208128-index.htm",
    "finalLink": "https://www.sec.gov/Archives/edgar/data/1000697/000119312519208128/d758435d10q.htm"
  },
  {
    "date": "2019-03-30",
    "symbol": "WAT",
    "reportedCurrency": "USD",
    "cik": "0001000697",
    "fillingDate": "2019-05-03",
    "acceptedDate": "2019-05-03 16:35:23",
    "calendarYear": "2019",
    "period": "Q1",
    "revenue": 513862000,
    "costOfRevenue": 221031000,
    "grossProfit": 292831000,
    "grossProfitRatio": 0.569863115,
    "researchAndDevelopmentExpenses": 35060000,
    "generalAndAdministrativeExpenses": 0,
    "sellingAndMarketingExpenses": 0,
    "sellingGeneralAndAdministrativeExpenses": 134339000,
    "otherExpenses": 2281000,
    "operatingExpenses": 171680000,
    "costAndExpenses": 392711000,
    "interestIncome": 8315000,
    "interestExpense": 11563000,
    "depreciationAndAmortization": 24764000,
    "ebitda": 153705000,
    "ebitdaratio": 0.2991172727,
    "operatingIncome": 121151000,
    "operatingIncomeRatio": 0.2357656336,
    "totalOtherIncomeExpensesNet": -3773000,
    "incomeBeforeTax": 117378000,
    "incomeBeforeTaxRatio": 0.2284231953,
    "incomeTaxExpense": 8392000,
    "netIncome": 108986000,
    "netIncomeRatio": 0.2120919624,
    "eps": 1.52,
    "epsdiluted": 1.51,
    "weightedAverageShsOut": 71704000,
    "weightedAverageShsOutDil": 72415000,
    "link": "https://www.sec.gov/Archives/edgar/data/1000697/000119312519137001/0001193125-19-137001-index.htm",
    "finalLink": "https://www.sec.gov/Archives/edgar/data/1000697/000119312519137001/d731798d10q.htm"
  },
  {
    "date": "2018-12-31",
    "symbol": "WAT",
    "reportedCurrency": "USD",
    "cik": "0001000697",
    "fillingDate": "2019-02-26",
    "acceptedDate": "2019-02-26 15:49:47",
    "calendarYear": "2018",
    "period": "Q4",
    "revenue": 715019000,
    "costOfRevenue": 286869000,
    "grossProfit": 428150000,
    "grossProfitRatio": 0.5987952768,
    "researchAndDevelopmentExpenses": 38106000,
    "generalAndAdministrativeExpenses": 0,
    "sellingAndMarketingExpenses": 0,
    "sellingGeneralAndAdministrativeExpenses": 142853000,
    "otherExpenses": 2659000,
    "operatingExpenses": 183618000,
    "costAndExpenses": 470487000,
    "interestIncome": 10451000,
    "interestExpense": 11676000,
    "depreciationAndAmortization": 25597000,
    "ebitda": 235079000,
    "ebitdaratio": 0.3287730816,
    "operatingIncome": 244532000,
    "operatingIncomeRatio": 0.3419937093,
    "totalOtherIncomeExpensesNet": -46726000,
    "incomeBeforeTax": 197806000,
    "incomeBeforeTaxRatio": 0.2766443969,
    "incomeTaxExpense": 12654000,
    "netIncome": 185152000,
    "netIncomeRatio": 0.258946965,
    "eps": 2.48,
    "epsdiluted": 2.46,
    "weightedAverageShsOut": 74802000,
    "weightedAverageShsOutDil": 75345000,
    "link": "https://www.sec.gov/Archives/edgar/data/1000697/000119312519051872/0001193125-19-051872-index.htm",
    "finalLink": "https://www.sec.gov/Archives/edgar/data/1000697/000119312519051872/d612944d10k.htm"
  },
  {
    "date": "2018-09-29",
    "symbol": "WAT",
    "reportedCurrency": "USD",
    "cik": "0001000697",
    "fillingDate": "2018-11-02",
    "acceptedDate": "2018-11-02 10:36:17",
    "calendarYear": "2018",
    "period": "Q3",
    "revenue": 578021000,
    "costOfRevenue": 241139000,
    "grossProfit": 336882000,
    "grossProfitRatio": 0.5828196553,
    "researchAndDevelopmentExpenses": 35173000,
    "generalAndAdministrativeExpenses": 0,
    "sellingAndMarketingExpenses": 0,
    "sellingGeneralAndAdministrativeExpenses": 126997000,
    "otherExpenses": 3038000,
    "operatingExpenses": 165208000,
    "costAndExpenses": 406347000,
    "interestIncome": 9802000,
    "interestExpense": 11435000,
    "depreciationAndAmortization": 26975000,
    "ebitda": 207640000,
    "ebitdaratio": 0.3592257029,
    "operatingIncome": 171674000,
    "operatingIncomeRatio": 0.2970030501,
    "totalOtherIncomeExpensesNet": -2444000,
    "incomeBeforeTax": 169230000,
    "incomeBeforeTaxRatio": 0.29277483,
    "incomeTaxExpense": 28216000,
    "netIncome": 141014000,
    "netIncomeRatio": 0.2439599945,
    "eps": 1.84,
    "epsdiluted": 1.83,
    "weightedAverageShsOut": 76575000,
    "weightedAverageShsOutDil": 77136000,
    "link": "https://www.sec.gov/Archives/edgar/data/1000697/000119312518316594/0001193125-18-316594-index.htm",
    "finalLink": "https://www.sec.gov/Archives/edgar/data/1000697/000119312518316594/d621542d10q.htm"
  },
  {
    "date": "2018-06-30",
    "symbol": "WAT",
    "reportedCurrency": "USD",
    "cik": "0001000697",
    "fillingDate": "2018-08-03",
    "acceptedDate": "2018-08-03 11:23:50",
    "calendarYear": "2018",
    "period": "Q2",
    "revenue": 596219000,
    "costOfRevenue": 243135000,
    "grossProfit": 353084000,
    "grossProfitRatio": 0.5922052132,
    "researchAndDevelopmentExpenses": 35644000,
    "generalAndAdministrativeExpenses": 0,
    "sellingAndMarketingExpenses": 0,
    "sellingGeneralAndAdministrativeExpenses": 136645000,
    "otherExpenses": 1602000,
    "operatingExpenses": 173891000,
    "costAndExpenses": 417026000,
    "interestIncome": 8888000,
    "interestExpense": 11692000,
    "depreciationAndAmortization": 27196000,
    "ebitda": 213449000,
    "ebitdaratio": 0.3580043575,
    "operatingIncome": 179193000,
    "operatingIncomeRatio": 0.3005489594,
    "totalOtherIncomeExpensesNet": -4632000,
    "incomeBeforeTax": 174561000,
    "incomeBeforeTaxRatio": 0.292780002,
    "incomeTaxExpense": 18884000,
    "netIncome": 155677000,
    "netIncomeRatio": 0.2611070764,
    "eps": 2,
    "epsdiluted": 1.98,
    "weightedAverageShsOut": 77833000,
    "weightedAverageShsOutDil": 78438000,
    "link": "https://www.sec.gov/Archives/edgar/data/1000697/000119312518237475/0001193125-18-237475-index.htm",
    "finalLink": "https://www.sec.gov/Archives/edgar/data/1000697/000119312518237475/d514483d10q.htm"
  },
  {
    "date": "2018-03-31",
    "symbol": "WAT",
    "reportedCurrency": "USD",
    "cik": "0001000697",
    "fillingDate": "2018-05-04",
    "acceptedDate": "2018-05-04 14:34:34",
    "calendarYear": "2018",
    "period": "Q1",
    "revenue": 530670000,
    "costOfRevenue": 221421000,
    "grossProfit": 309249000,
    "grossProfitRatio": 0.5827519928,
    "researchAndDevelopmentExpenses": 34480000,
    "generalAndAdministrativeExpenses": 0,
    "sellingAndMarketingExpenses": 0,
    "sellingGeneralAndAdministrativeExpenses": 130407000,
    "otherExpenses": -13000,
    "operatingExpenses": 164874000,
    "costAndExpenses": 386295000,
    "interestIncome": 9666000,
    "interestExpense": 13838000,
    "depreciationAndAmortization": 28640000,
    "ebitda": 183027000,
    "ebitdaratio": 0.3448979592,
    "operatingIncome": 144375000,
    "operatingIncomeRatio": 0.2720617333,
    "totalOtherIncomeExpensesNet": -3826000,
    "incomeBeforeTax": 140549000,
    "incomeBeforeTaxRatio": 0.2648519796,
    "incomeTaxExpense": 28598000,
    "netIncome": 111951000,
    "netIncomeRatio": 0.2109616146,
    "eps": 1.42,
    "epsdiluted": 1.4,
    "weightedAverageShsOut": 78883000,
    "weightedAverageShsOutDil": 79715000,
    "link": "https://www.sec.gov/Archives/edgar/data/1000697/000119312518152532/0001193125-18-152532-index.htm",
    "finalLink": "https://www.sec.gov/Archives/edgar/data/1000697/000119312518152532/d554613d10q.htm"
  },
  {
    "date": "2017-12-31",
    "symbol": "WAT",
    "reportedCurrency": "USD",
    "cik": "0001000697",
    "fillingDate": "2018-02-27",
    "acceptedDate": "2018-02-27 16:08:12",
    "calendarYear": "2017",
    "period": "Q4",
    "revenue": 687275000,
    "costOfRevenue": 270453000,
    "grossProfit": 416822000,
    "grossProfitRatio": 0.6064850315,
    "researchAndDevelopmentExpenses": 35122000,
    "generalAndAdministrativeExpenses": 0,
    "sellingAndMarketingExpenses": 0,
    "sellingGeneralAndAdministrativeExpenses": 148795000,
    "otherExpenses": 2735000,
    "operatingExpenses": 186652000,
    "costAndExpenses": 457105000,
    "interestIncome": 10849000,
    "interestExpense": 15281000,
    "depreciationAndAmortization": 27753000,
    "ebitda": 268772000,
    "ebitdaratio": 0.3910690772,
    "operatingIncome": 230170000,
    "operatingIncomeRatio": 0.3349023317,
    "totalOtherIncomeExpensesNet": -4432000,
    "incomeBeforeTax": 225738000,
    "incomeBeforeTaxRatio": 0.3284536757,
    "incomeTaxExpense": 578910000,
    "netIncome": -353172000,
    "netIncomeRatio": -0.5138729039,
    "eps": -4.45,
    "epsdiluted": -4.44,
    "weightedAverageShsOut": 79424142,
    "weightedAverageShsOutDil": 79454000,
    "link": "https://www.sec.gov/Archives/edgar/data/1000697/000119312518060830/0001193125-18-060830-index.htm",
    "finalLink": "https://www.sec.gov/Archives/edgar/data/1000697/000119312518060830/d506350d10k.htm"
  },
  {
    "date": "2017-09-30",
    "symbol": "WAT",
    "reportedCurrency": "USD",
    "cik": "0001000697",
    "fillingDate": "2017-11-03",
    "acceptedDate": "2017-11-03 09:34:54",
    "calendarYear": "2017",
    "period": "Q3",
    "revenue": 565584000,
    "costOfRevenue": 235892000,
    "grossProfit": 329692000,
    "grossProfitRatio": 0.5829231379,
    "researchAndDevelopmentExpenses": 33782000,
    "generalAndAdministrativeExpenses": 0,
    "sellingAndMarketingExpenses": 0,
    "sellingGeneralAndAdministrativeExpenses": 135206000,
    "otherExpenses": 1682000,
    "operatingExpenses": 170670000,
    "costAndExpenses": 406562000,
    "interestIncome": 9516000,
    "interestExpense": 14750000,
    "depreciationAndAmortization": 25844000,
    "ebitda": 194394000,
    "ebitdaratio": 0.3437049139,
    "operatingIncome": 159022000,
    "operatingIncomeRatio": 0.2811642479,
    "totalOtherIncomeExpensesNet": -5222000,
    "incomeBeforeTax": 153800000,
    "incomeBeforeTaxRatio": 0.2719313135,
    "incomeTaxExpense": 17696000,
    "netIncome": 136104000,
    "netIncomeRatio": 0.2406432997,
    "eps": 1.71,
    "epsdiluted": 1.69,
    "weightedAverageShsOut": 79712000,
    "weightedAverageShsOutDil": 80521000,
    "link": "https://www.sec.gov/Archives/edgar/data/1000697/000119312517332011/0001193125-17-332011-index.htm",
    "finalLink": "https://www.sec.gov/Archives/edgar/data/1000697/000119312517332011/d435252d10q.htm"
  },
  {
    "date": "2017-07-01",
    "symbol": "WAT",
    "reportedCurrency": "USD",
    "cik": "0001000697",
    "fillingDate": "2017-08-04",
    "acceptedDate": "2017-08-04 09:11:03",
    "calendarYear": "2017",
    "period": "Q2",
    "revenue": 558250000,
    "costOfRevenue": 229627000,
    "grossProfit": 328623000,
    "grossProfitRatio": 0.5886663681,
    "researchAndDevelopmentExpenses": 32937000,
    "generalAndAdministrativeExpenses": 0,
    "sellingAndMarketingExpenses": 0,
    "sellingGeneralAndAdministrativeExpenses": 130093000,
    "otherExpenses": 11711000,
    "operatingExpenses": 174741000,
    "costAndExpenses": 404368000,
    "interestIncome": 8370000,
    "interestExpense": 14083000,
    "depreciationAndAmortization": 29455000,
    "ebitda": 191610000,
    "ebitdaratio": 0.3432333184,
    "operatingIncome": 153882000,
    "operatingIncomeRatio": 0.2756506941,
    "totalOtherIncomeExpensesNet": -5810000,
    "incomeBeforeTax": 148072000,
    "incomeBeforeTaxRatio": 0.2652431706,
    "incomeTaxExpense": 16250000,
    "netIncome": 131822000,
    "netIncomeRatio": 0.2361343484,
    "eps": 1.65,
    "epsdiluted": 1.63,
    "weightedAverageShsOut": 79979000,
    "weightedAverageShsOutDil": 80756000,
    "link": "https://www.sec.gov/Archives/edgar/data/1000697/000119312517248224/0001193125-17-248224-index.htm",
    "finalLink": "https://www.sec.gov/Archives/edgar/data/1000697/000119312517248224/d419095d10q.htm"
  },
  {
    "date": "2017-04-01",
    "symbol": "WAT",
    "reportedCurrency": "USD",
    "cik": "0001000697",
    "fillingDate": "2017-05-05",
    "acceptedDate": "2017-05-05 11:46:40",
    "calendarYear": "2017",
    "period": "Q1",
    "revenue": 497969000,
    "costOfRevenue": 211095000,
    "grossProfit": 286874000,
    "grossProfitRatio": 0.5760880697,
    "researchAndDevelopmentExpenses": 30752000,
    "generalAndAdministrativeExpenses": 0,
    "sellingAndMarketingExpenses": 0,
    "sellingGeneralAndAdministrativeExpenses": 130673000,
    "otherExpenses": 6729000,
    "operatingExpenses": 168154000,
    "costAndExpenses": 379249000,
    "interestIncome": 7343000,
    "interestExpense": 12725000,
    "depreciationAndAmortization": 22950000,
    "ebitda": 149162000,
    "ebitdaratio": 0.2995407345,
    "operatingIncome": 118720000,
    "operatingIncomeRatio": 0.238408415,
    "totalOtherIncomeExpensesNet": -5233000,
    "incomeBeforeTax": 113487000,
    "incomeBeforeTaxRatio": 0.2278997287,
    "incomeTaxExpense": 7930000,
    "netIncome": 105557000,
    "netIncomeRatio": 0.2119750426,
    "eps": 1.32,
    "epsdiluted": 1.31,
    "weightedAverageShsOut": 80073000,
    "weightedAverageShsOutDil": 80769000,
    "link": "https://www.sec.gov/Archives/edgar/data/1000697/000119312517160261/0001193125-17-160261-index.htm",
    "finalLink": "https://www.sec.gov/Archives/edgar/data/1000697/000119312517160261/d390351d10q.htm"
  },
  {
    "date": "2016-12-31",
    "symbol": "WAT",
    "reportedCurrency": "USD",
    "cik": "0001000697",
    "fillingDate": "2017-02-24",
    "acceptedDate": "2017-02-24 15:49:17",
    "calendarYear": "2016",
    "period": "Q4",
    "revenue": 628787000,
    "costOfRevenue": 251579000,
    "grossProfit": 377208000,
    "grossProfitRatio": 0.5998978987,
    "researchAndDevelopmentExpenses": 32753000,
    "generalAndAdministrativeExpenses": 0,
    "sellingAndMarketingExpenses": 0,
    "sellingGeneralAndAdministrativeExpenses": 130238000,
    "otherExpenses": 5882000,
    "operatingExpenses": 168873000,
    "costAndExpenses": 420452000,
    "interestIncome": 6346000,
    "interestExpense": 12102000,
    "depreciationAndAmortization": 24085000,
    "ebitda": 238766000,
    "ebitdaratio": 0.3797247717,
    "operatingIncome": 208335000,
    "operatingIncomeRatio": 0.3313284149,
    "totalOtherIncomeExpensesNet": -5756000,
    "incomeBeforeTax": 202579000,
    "incomeBeforeTaxRatio": 0.3221742816,
    "incomeTaxExpense": 28201000,
    "netIncome": 174378000,
    "netIncomeRatio": 0.2773244358,
    "eps": 2.17,
    "epsdiluted": 2.15,
    "weightedAverageShsOut": 80366000,
    "weightedAverageShsOutDil": 80954000,
    "link": "https://www.sec.gov/Archives/edgar/data/1000697/000119312517056239/0001193125-17-056239-index.htm",
    "finalLink": "https://www.sec.gov/Archives/edgar/data/1000697/000119312517056239/d268303d10k.htm"
  },
  {
    "date": "2016-10-01",
    "symbol": "WAT",
    "reportedCurrency": "USD",
    "cik": "0001000697",
    "fillingDate": "2016-11-04",
    "acceptedDate": "2016-11-04 14:30:10",
    "calendarYear": "2016",
    "period": "Q3",
    "revenue": 526830000,
    "costOfRevenue": 218344000,
    "grossProfit": 308486000,
    "grossProfitRatio": 0.5855513164,
    "researchAndDevelopmentExpenses": 30418000,
    "generalAndAdministrativeExpenses": 0,
    "sellingAndMarketingExpenses": 0,
    "sellingGeneralAndAdministrativeExpenses": 123861000,
    "otherExpenses": 2476000,
    "operatingExpenses": 156755000,
    "costAndExpenses": 375099000,
    "interestIncome": 5426000,
    "interestExpense": 11707000,
    "depreciationAndAmortization": 24287000,
    "ebitda": 181444000,
    "ebitdaratio": 0.3444071142,
    "operatingIncome": 151731000,
    "operatingIncomeRatio": 0.2880075167,
    "totalOtherIncomeExpensesNet": -6281000,
    "incomeBeforeTax": 145450000,
    "incomeBeforeTaxRatio": 0.2760852647,
    "incomeTaxExpense": 20594000,
    "netIncome": 124856000,
    "netIncomeRatio": 0.236994856,
    "eps": 1.55,
    "epsdiluted": 1.53,
    "weightedAverageShsOut": 80677000,
    "weightedAverageShsOutDil": 81388000,
    "link": "https://www.sec.gov/Archives/edgar/data/1000697/000119312516760008/0001193125-16-760008-index.htm",
    "finalLink": "https://www.sec.gov/Archives/edgar/data/1000697/000119312516760008/d274487d10q.htm"
  },
  {
    "date": "2016-07-02",
    "symbol": "WAT",
    "reportedCurrency": "USD",
    "cik": "0001000697",
    "fillingDate": "2016-08-05",
    "acceptedDate": "2016-08-05 09:31:06",
    "calendarYear": "2016",
    "period": "Q2",
    "revenue": 536560000,
    "costOfRevenue": 220379000,
    "grossProfit": 316181000,
    "grossProfitRatio": 0.5892742657,
    "researchAndDevelopmentExpenses": 32578000,
    "generalAndAdministrativeExpenses": 0,
    "sellingAndMarketingExpenses": 0,
    "sellingGeneralAndAdministrativeExpenses": 129581000,
    "otherExpenses": 2411000,
    "operatingExpenses": 164570000,
    "costAndExpenses": 384949000,
    "interestIncome": 4827000,
    "interestExpense": 10983000,
    "depreciationAndAmortization": 24646000,
    "ebitda": 181084000,
    "ebitdaratio": 0.3374906814,
    "operatingIncome": 151611000,
    "operatingIncomeRatio": 0.2825611302,
    "totalOtherIncomeExpensesNet": -6156000,
    "incomeBeforeTax": 145455000,
    "incomeBeforeTaxRatio": 0.2710880423,
    "incomeTaxExpense": 17238000,
    "netIncome": 128217000,
    "netIncomeRatio": 0.23896116,
    "eps": 1.59,
    "epsdiluted": 1.57,
    "weightedAverageShsOut": 80804000,
    "weightedAverageShsOutDil": 81455000,
    "link": "https://www.sec.gov/Archives/edgar/data/1000697/000119312516672751/0001193125-16-672751-index.htm",
    "finalLink": "https://www.sec.gov/Archives/edgar/data/1000697/000119312516672751/d207602d10q.htm"
  },
  {
    "date": "2016-04-02",
    "symbol": "WAT",
    "reportedCurrency": "USD",
    "cik": "0001000697",
    "fillingDate": "2016-05-06",
    "acceptedDate": "2016-05-06 11:14:39",
    "calendarYear": "2016",
    "period": "Q1",
    "revenue": 475246000,
    "costOfRevenue": 201151000,
    "grossProfit": 274095000,
    "grossProfitRatio": 0.5767434129,
    "researchAndDevelopmentExpenses": 29438000,
    "generalAndAdministrativeExpenses": 0,
    "sellingAndMarketingExpenses": 0,
    "sellingGeneralAndAdministrativeExpenses": 129351000,
    "otherExpenses": 2644000,
    "operatingExpenses": 161433000,
    "costAndExpenses": 362584000,
    "interestIncome": 4087000,
    "interestExpense": 10119000,
    "depreciationAndAmortization": 23431000,
    "ebitda": 140180000,
    "ebitdaratio": 0.2949630297,
    "operatingIncome": 112662000,
    "operatingIncomeRatio": 0.2370603856,
    "totalOtherIncomeExpensesNet": -6032000,
    "incomeBeforeTax": 106630000,
    "incomeBeforeTaxRatio": 0.2243680115,
    "incomeTaxExpense": 12578000,
    "netIncome": 94052000,
    "netIncomeRatio": 0.1979017183,
    "eps": 1.16,
    "epsdiluted": 1.15,
    "weightedAverageShsOut": 81275000,
    "weightedAverageShsOutDil": 81974000,
    "link": "https://www.sec.gov/Archives/edgar/data/1000697/000119312516581284/0001193125-16-581284-index.htm",
    "finalLink": "https://www.sec.gov/Archives/edgar/data/1000697/000119312516581284/d170438d10q.htm"
  },
  {
    "date": "2015-12-31",
    "symbol": "WAT",
    "reportedCurrency": "USD",
    "cik": "0001000697",
    "fillingDate": "2016-02-26",
    "acceptedDate": "2016-02-26 11:41:30",
    "calendarYear": "2015",
    "period": "Q4",
    "revenue": 586610000,
    "costOfRevenue": 237915000,
    "grossProfit": 348695000,
    "grossProfitRatio": 0.5944238932,
    "researchAndDevelopmentExpenses": 28336000,
    "generalAndAdministrativeExpenses": 0,
    "sellingAndMarketingExpenses": 0,
    "sellingGeneralAndAdministrativeExpenses": 128681000,
    "otherExpenses": 10370000,
    "operatingExpenses": 167387000,
    "costAndExpenses": 405302000,
    "interestIncome": 3135000,
    "interestExpense": 9205000,
    "depreciationAndAmortization": 23092000,
    "ebitda": 207535000,
    "ebitdaratio": 0.3537870135,
    "operatingIncome": 181308000,
    "operatingIncomeRatio": 0.3090775814,
    "totalOtherIncomeExpensesNet": -6070000,
    "incomeBeforeTax": 175238000,
    "incomeBeforeTaxRatio": 0.298729991,
    "incomeTaxExpense": 24184000,
    "netIncome": 151054000,
    "netIncomeRatio": 0.2575032816,
    "eps": 1.85,
    "epsdiluted": 1.83,
    "weightedAverageShsOut": 81650000,
    "weightedAverageShsOutDil": 82382000,
    "link": "https://www.sec.gov/Archives/edgar/data/1000697/000119312516480594/0001193125-16-480594-index.htm",
    "finalLink": "https://www.sec.gov/Archives/edgar/data/1000697/000119312516480594/d108530d10k.htm"
  },
  {
    "date": "2015-10-03",
    "symbol": "WAT",
    "reportedCurrency": "USD",
    "cik": "0001000697",
    "fillingDate": "2015-11-06",
    "acceptedDate": "2015-11-06 14:32:34",
    "calendarYear": "2015",
    "period": "Q3",
    "revenue": 500578000,
    "costOfRevenue": 206804000,
    "grossProfit": 293774000,
    "grossProfitRatio": 0.5868695788,
    "researchAndDevelopmentExpenses": 30703000,
    "generalAndAdministrativeExpenses": 0,
    "sellingAndMarketingExpenses": 0,
    "sellingGeneralAndAdministrativeExpenses": 124655000,
    "otherExpenses": 2573000,
    "operatingExpenses": 157931000,
    "costAndExpenses": 364735000,
    "interestIncome": 2736000,
    "interestExpense": 9017000,
    "depreciationAndAmortization": 21757000,
    "ebitda": 160336000,
    "ebitdaratio": 0.3203017312,
    "operatingIncome": 135843000,
    "operatingIncomeRatio": 0.2713722936,
    "totalOtherIncomeExpensesNet": -6281000,
    "incomeBeforeTax": 129562000,
    "incomeBeforeTaxRatio": 0.2588247985,
    "incomeTaxExpense": 13281000,
    "netIncome": 116281000,
    "netIncomeRatio": 0.2322934688,
    "eps": 1.42,
    "epsdiluted": 1.4,
    "weightedAverageShsOut": 82036000,
    "weightedAverageShsOutDil": 82784000,
    "link": "https://www.sec.gov/Archives/edgar/data/1000697/000119312515369900/0001193125-15-369900-index.htm",
    "finalLink": "https://www.sec.gov/Archives/edgar/data/1000697/000119312515369900/d73469d10q.htm"
  },
  {
    "date": "2015-07-04",
    "symbol": "WAT",
    "reportedCurrency": "USD",
    "cik": "0001000697",
    "fillingDate": "2015-08-07",
    "acceptedDate": "2015-08-07 08:31:23",
    "calendarYear": "2015",
    "period": "Q2",
    "revenue": 494740000,
    "costOfRevenue": 208707000,
    "grossProfit": 286033000,
    "grossProfitRatio": 0.5781481182,
    "researchAndDevelopmentExpenses": 30555000,
    "generalAndAdministrativeExpenses": 0,
    "sellingAndMarketingExpenses": 0,
    "sellingGeneralAndAdministrativeExpenses": 122660000,
    "otherExpenses": 2500000,
    "operatingExpenses": 155715000,
    "costAndExpenses": 364422000,
    "interestIncome": 2500000,
    "interestExpense": 9046000,
    "depreciationAndAmortization": 22589000,
    "ebitda": 155407000,
    "ebitdaratio": 0.3141185269,
    "operatingIncome": 130318000,
    "operatingIncomeRatio": 0.2634070421,
    "totalOtherIncomeExpensesNet": -6546000,
    "incomeBeforeTax": 123772000,
    "incomeBeforeTaxRatio": 0.2501758499,
    "incomeTaxExpense": 18115000,
    "netIncome": 105657000,
    "netIncomeRatio": 0.2135606581,
    "eps": 1.28,
    "epsdiluted": 1.27,
    "weightedAverageShsOut": 82564000,
    "weightedAverageShsOutDil": 83332000,
    "link": "https://www.sec.gov/Archives/edgar/data/1000697/000119312515282127/0001193125-15-282127-index.htm",
    "finalLink": "https://www.sec.gov/Archives/edgar/data/1000697/000119312515282127/d84496d10q.htm"
  },
  {
    "date": "2015-04-04",
    "symbol": "WAT",
    "reportedCurrency": "USD",
    "cik": "0001000697",
    "fillingDate": "2015-05-08",
    "acceptedDate": "2015-05-08 09:25:55",
    "calendarYear": "2015",
    "period": "Q1",
    "revenue": 460404000,
    "costOfRevenue": 189246000,
    "grossProfit": 271158000,
    "grossProfitRatio": 0.5889566555,
    "researchAndDevelopmentExpenses": 28951000,
    "generalAndAdministrativeExpenses": 0,
    "sellingAndMarketingExpenses": 0,
    "sellingGeneralAndAdministrativeExpenses": 119751000,
    "otherExpenses": 2474000,
    "operatingExpenses": 151176000,
    "costAndExpenses": 340422000,
    "interestIncome": 2340000,
    "interestExpense": 8975000,
    "depreciationAndAmortization": 22549000,
    "ebitda": 144871000,
    "ebitdaratio": 0.3146606024,
    "operatingIncome": 119982000,
    "operatingIncomeRatio": 0.2606015586,
    "totalOtherIncomeExpensesNet": -6635000,
    "incomeBeforeTax": 113347000,
    "incomeBeforeTaxRatio": 0.2461903024,
    "incomeTaxExpense": 17286000,
    "netIncome": 96061000,
    "netIncomeRatio": 0.2086450161,
    "eps": 1.16,
    "epsdiluted": 1.15,
    "weightedAverageShsOut": 83025000,
    "weightedAverageShsOutDil": 83752000,
    "link": "https://www.sec.gov/Archives/edgar/data/1000697/000119312515178581/0001193125-15-178581-index.htm",
    "finalLink": "https://www.sec.gov/Archives/edgar/data/1000697/000119312515178581/d919579d10q.htm"
  },
  {
    "date": "2014-12-31",
    "symbol": "WAT",
    "reportedCurrency": "USD",
    "cik": "0001000697",
    "fillingDate": "2015-02-27",
    "acceptedDate": "2015-02-27 10:39:30",
    "calendarYear": "2014",
    "period": "Q4",
    "revenue": 583870000,
    "costOfRevenue": 233119000,
    "grossProfit": 350751000,
    "grossProfitRatio": 0.6007347526,
    "researchAndDevelopmentExpenses": 28724000,
    "generalAndAdministrativeExpenses": 0,
    "sellingAndMarketingExpenses": 0,
    "sellingGeneralAndAdministrativeExpenses": 131916000,
    "otherExpenses": 18072000,
    "operatingExpenses": 178712000,
    "costAndExpenses": 411831000,
    "interestIncome": 2103000,
    "interestExpense": 9669000,
    "depreciationAndAmortization": 19588000,
    "ebitda": 193730000,
    "ebitdaratio": 0.3318033124,
    "operatingIncome": 172039000,
    "operatingIncomeRatio": 0.2946529193,
    "totalOtherIncomeExpensesNet": -7566000,
    "incomeBeforeTax": 164473000,
    "incomeBeforeTaxRatio": 0.2816945553,
    "incomeTaxExpense": 13181000,
    "netIncome": 151292000,
    "netIncomeRatio": 0.2591193245,
    "eps": 1.82,
    "epsdiluted": 1.8,
    "weightedAverageShsOut": 83217000,
    "weightedAverageShsOutDil": 84015000,
    "link": "https://www.sec.gov/Archives/edgar/data/1000697/000119312515067900/0001193125-15-067900-index.htm",
    "finalLink": "https://www.sec.gov/Archives/edgar/data/1000697/000119312515067900/d849246d10k.htm"
  },
  {
    "date": "2014-09-27",
    "symbol": "WAT",
    "reportedCurrency": "USD",
    "cik": "0001000697",
    "fillingDate": "2014-10-31",
    "acceptedDate": "2014-10-31 08:01:23",
    "calendarYear": "2014",
    "period": "Q3",
    "revenue": 493165000,
    "costOfRevenue": 202222000,
    "grossProfit": 290943000,
    "grossProfitRatio": 0.589950625,
    "researchAndDevelopmentExpenses": 27279000,
    "generalAndAdministrativeExpenses": 0,
    "sellingAndMarketingExpenses": 0,
    "sellingGeneralAndAdministrativeExpenses": 122226000,
    "otherExpenses": 2725000,
    "operatingExpenses": 152230000,
    "costAndExpenses": 354452000,
    "interestIncome": 1762000,
    "interestExpense": 9062000,
    "depreciationAndAmortization": 29426000,
    "ebitda": 169901000,
    "ebitdaratio": 0.3445114718,
    "operatingIncome": 138713000,
    "operatingIncomeRatio": 0.2812709742,
    "totalOtherIncomeExpensesNet": -7300000,
    "incomeBeforeTax": 131413000,
    "incomeBeforeTaxRatio": 0.2664686261,
    "incomeTaxExpense": 17916000,
    "netIncome": 113497000,
    "netIncomeRatio": 0.230140014,
    "eps": 1.36,
    "epsdiluted": 1.34,
    "weightedAverageShsOut": 83663000,
    "weightedAverageShsOutDil": 84401000,
    "link": "https://www.sec.gov/Archives/edgar/data/1000697/000119312514390917/0001193125-14-390917-index.htm",
    "finalLink": "https://www.sec.gov/Archives/edgar/data/1000697/000119312514390917/d811067d10q.htm"
  },
  {
    "date": "2014-06-28",
    "symbol": "WAT",
    "reportedCurrency": "USD",
    "cik": "0001000697",
    "fillingDate": "2014-08-01",
    "acceptedDate": "2014-08-01 08:01:21",
    "calendarYear": "2014",
    "period": "Q2",
    "revenue": 481801000,
    "costOfRevenue": 201853000,
    "grossProfit": 279948000,
    "grossProfitRatio": 0.5810448712,
    "researchAndDevelopmentExpenses": 26977000,
    "generalAndAdministrativeExpenses": 0,
    "sellingAndMarketingExpenses": 0,
    "sellingGeneralAndAdministrativeExpenses": 131930000,
    "otherExpenses": 2646000,
    "operatingExpenses": 161553000,
    "costAndExpenses": 363406000,
    "interestIncome": 1700000,
    "interestExpense": 7971000,
    "depreciationAndAmortization": 20782000,
    "ebitda": 140877000,
    "ebitdaratio": 0.2923966534,
    "operatingIncome": 118395000,
    "operatingIncomeRatio": 0.2457342347,
    "totalOtherIncomeExpensesNet": -6271000,
    "incomeBeforeTax": 112124000,
    "incomeBeforeTaxRatio": 0.2327184875,
    "incomeTaxExpense": 15595000,
    "netIncome": 96529000,
    "netIncomeRatio": 0.2003503521,
    "eps": 1.14,
    "epsdiluted": 1.13,
    "weightedAverageShsOut": 84462000,
    "weightedAverageShsOutDil": 85177000,
    "link": "https://www.sec.gov/Archives/edgar/data/1000697/000119312514290679/0001193125-14-290679-index.htm",
    "finalLink": "https://www.sec.gov/Archives/edgar/data/1000697/000119312514290679/d760078d10q.htm"
  },
  {
    "date": "2014-03-29",
    "symbol": "WAT",
    "reportedCurrency": "USD",
    "cik": "0001000697",
    "fillingDate": "2014-05-02",
    "acceptedDate": "2014-05-02 08:01:28",
    "calendarYear": "2014",
    "period": "Q1",
    "revenue": 430508000,
    "costOfRevenue": 187719000,
    "grossProfit": 242789000,
    "grossProfitRatio": 0.5639593225,
    "researchAndDevelopmentExpenses": 24746000,
    "generalAndAdministrativeExpenses": 0,
    "sellingAndMarketingExpenses": 0,
    "sellingGeneralAndAdministrativeExpenses": 126635000,
    "otherExpenses": 2647000,
    "operatingExpenses": 154028000,
    "costAndExpenses": 341747000,
    "interestIncome": 1458000,
    "interestExpense": 7489000,
    "depreciationAndAmortization": 20342000,
    "ebitda": 110561000,
    "ebitdaratio": 0.2568152044,
    "operatingIncome": 88761000,
    "operatingIncomeRatio": 0.2061773533,
    "totalOtherIncomeExpensesNet": -6031000,
    "incomeBeforeTax": 82730000,
    "incomeBeforeTaxRatio": 0.1921683221,
    "incomeTaxExpense": 12428000,
    "netIncome": 70302000,
    "netIncomeRatio": 0.1633001013,
    "eps": 0.83,
    "epsdiluted": 0.82,
    "weightedAverageShsOut": 84977000,
    "weightedAverageShsOutDil": 85873000,
    "link": "https://www.sec.gov/Archives/edgar/data/1000697/000119312514178559/0001193125-14-178559-index.htm",
    "finalLink": "https://www.sec.gov/Archives/edgar/data/1000697/000119312514178559/d720408d10q.htm"
  },
  {
    "date": "2013-12-31",
    "symbol": "WAT",
    "reportedCurrency": "USD",
    "cik": "0001000697",
    "fillingDate": "2014-02-27",
    "acceptedDate": "2014-02-27 14:41:08",
    "calendarYear": "2013",
    "period": "Q4",
    "revenue": 565448000,
    "costOfRevenue": 228991000,
    "grossProfit": 336457000,
    "grossProfitRatio": 0.5950273058,
    "researchAndDevelopmentExpenses": 26975000,
    "generalAndAdministrativeExpenses": 0,
    "sellingAndMarketingExpenses": 0,
    "sellingGeneralAndAdministrativeExpenses": 130680000,
    "otherExpenses": 2625000,
    "operatingExpenses": 160280000,
    "costAndExpenses": 389271000,
    "interestIncome": 1075000,
    "interestExpense": 7927000,
    "depreciationAndAmortization": 21440000,
    "ebitda": 198692000,
    "ebitdaratio": 0.3513886334,
    "operatingIncome": 176177000,
    "operatingIncomeRatio": 0.3115706484,
    "totalOtherIncomeExpensesNet": -6852000,
    "incomeBeforeTax": 169325000,
    "incomeBeforeTaxRatio": 0.2994528232,
    "incomeTaxExpense": 27743000,
    "netIncome": 141582000,
    "netIncomeRatio": 0.250389072,
    "eps": 1.67,
    "epsdiluted": 1.65,
    "weightedAverageShsOut": 85006000,
    "weightedAverageShsOutDil": 86017000,
    "link": "https://www.sec.gov/Archives/edgar/data/1000697/000119312514072515/0001193125-14-072515-index.htm",
    "finalLink": "https://www.sec.gov/Archives/edgar/data/1000697/000119312514072515/d644127d10k.htm"
  },
  {
    "date": "2013-09-28",
    "symbol": "WAT",
    "reportedCurrency": "USD",
    "cik": "0001000697",
    "fillingDate": "2013-11-01",
    "acceptedDate": "2013-11-01 10:50:28",
    "calendarYear": "2013",
    "period": "Q3",
    "revenue": 457317000,
    "costOfRevenue": 191568000,
    "grossProfit": 265749000,
    "grossProfitRatio": 0.581104573,
    "researchAndDevelopmentExpenses": 23599000,
    "generalAndAdministrativeExpenses": 0,
    "sellingAndMarketingExpenses": 0,
    "sellingGeneralAndAdministrativeExpenses": 120563000,
    "otherExpenses": 2518000,
    "operatingExpenses": 146680000,
    "costAndExpenses": 338248000,
    "interestIncome": 946000,
    "interestExpense": 7358000,
    "depreciationAndAmortization": 20571000,
    "ebitda": 140586000,
    "ebitdaratio": 0.3074147692,
    "operatingIncome": 119069000,
    "operatingIncomeRatio": 0.260364255,
    "totalOtherIncomeExpensesNet": -6412000,
    "incomeBeforeTax": 112657000,
    "incomeBeforeTaxRatio": 0.2463433461,
    "incomeTaxExpense": 14609000,
    "netIncome": 98048000,
    "netIncomeRatio": 0.2143983276,
    "eps": 1.15,
    "epsdiluted": 1.14,
    "weightedAverageShsOut": 85185000,
    "weightedAverageShsOutDil": 86364000,
    "link": "https://www.sec.gov/Archives/edgar/data/1000697/000119312513422259/0001193125-13-422259-index.htm",
    "finalLink": "https://www.sec.gov/Archives/edgar/data/1000697/000119312513422259/d600501d10q.htm"
  },
  {
    "date": "2013-06-29",
    "symbol": "WAT",
    "reportedCurrency": "USD",
    "cik": "0001000697",
    "fillingDate": "2013-08-01",
    "acceptedDate": "2013-08-01 15:22:20",
    "calendarYear": "2013",
    "period": "Q2",
    "revenue": 451115000,
    "costOfRevenue": 188329000,
    "grossProfit": 262786000,
    "grossProfitRatio": 0.5825255201,
    "researchAndDevelopmentExpenses": 24650000,
    "generalAndAdministrativeExpenses": 0,
    "sellingAndMarketingExpenses": 0,
    "sellingGeneralAndAdministrativeExpenses": 123062000,
    "otherExpenses": 2382000,
    "operatingExpenses": 150094000,
    "costAndExpenses": 338423000,
    "interestIncome": 1179000,
    "interestExpense": 7580000,
    "depreciationAndAmortization": 19422000,
    "ebitda": 131718000,
    "ebitdaratio": 0.2919831972,
    "operatingIncome": 112692000,
    "operatingIncomeRatio": 0.2498076987,
    "totalOtherIncomeExpensesNet": -7976000,
    "incomeBeforeTax": 104716000,
    "incomeBeforeTaxRatio": 0.2321270629,
    "incomeTaxExpense": 15402000,
    "netIncome": 89314000,
    "netIncomeRatio": 0.1979849927,
    "eps": 1.04,
    "epsdiluted": 1.03,
    "weightedAverageShsOut": 85482000,
    "weightedAverageShsOutDil": 86576000,
    "link": "https://www.sec.gov/Archives/edgar/data/1000697/000119312513314925/0001193125-13-314925-index.htm",
    "finalLink": "https://www.sec.gov/Archives/edgar/data/1000697/000119312513314925/d570428d10q.htm"
  },
  {
    "date": "2013-03-30",
    "symbol": "WAT",
    "reportedCurrency": "USD",
    "cik": "0001000697",
    "fillingDate": "2013-05-03",
    "acceptedDate": "2013-05-03 10:00:50",
    "calendarYear": "2013",
    "period": "Q1",
    "revenue": 430338000,
    "costOfRevenue": 174568000,
    "grossProfit": 255770000,
    "grossProfitRatio": 0.5943467693,
    "researchAndDevelopmentExpenses": 25312000,
    "generalAndAdministrativeExpenses": 0,
    "sellingAndMarketingExpenses": 0,
    "sellingGeneralAndAdministrativeExpenses": 118660000,
    "otherExpenses": 2393000,
    "operatingExpenses": 146365000,
    "costAndExpenses": 320933000,
    "interestIncome": 1187000,
    "interestExpense": 7185000,
    "depreciationAndAmortization": 18262000,
    "ebitda": 128854000,
    "ebitdaratio": 0.2994251031,
    "operatingIncome": 109405000,
    "operatingIncomeRatio": 0.2542303956,
    "totalOtherIncomeExpensesNet": -5998000,
    "incomeBeforeTax": 103407000,
    "incomeBeforeTaxRatio": 0.2402925143,
    "incomeTaxExpense": -17652000,
    "netIncome": 121059000,
    "netIncomeRatio": 0.2813114343,
    "eps": 1.41,
    "epsdiluted": 1.39,
    "weightedAverageShsOut": 86049000,
    "weightedAverageShsOutDil": 87215000,
    "link": "https://www.sec.gov/Archives/edgar/data/1000697/000119312513198015/0001193125-13-198015-index.htm",
    "finalLink": "https://www.sec.gov/Archives/edgar/data/1000697/000119312513198015/d531339d10q.htm"
  },
  {
    "date": "2012-12-31",
    "symbol": "WAT",
    "reportedCurrency": "USD",
    "cik": "0001000697",
    "fillingDate": "2013-02-26",
    "acceptedDate": "2013-02-26 15:57:25",
    "calendarYear": "2012",
    "period": "Q4",
    "revenue": 521766000,
    "costOfRevenue": 208363000,
    "grossProfit": 313403000,
    "grossProfitRatio": 0.6006581494,
    "researchAndDevelopmentExpenses": 24958000,
    "generalAndAdministrativeExpenses": 0,
    "sellingAndMarketingExpenses": 0,
    "sellingGeneralAndAdministrativeExpenses": 119147000,
    "otherExpenses": 9893000,
    "operatingExpenses": 153998000,
    "costAndExpenses": 362361000,
    "interestIncome": 1224000,
    "interestExpense": 7597000,
    "depreciationAndAmortization": 17606000,
    "ebitda": 178235000,
    "ebitdaratio": 0.341599491,
    "operatingIncome": 159405000,
    "operatingIncomeRatio": 0.3055105162,
    "totalOtherIncomeExpensesNet": -6373000,
    "incomeBeforeTax": 153032000,
    "incomeBeforeTaxRatio": 0.2932962286,
    "incomeTaxExpense": -22912000,
    "netIncome": 175944000,
    "netIncomeRatio": 0.3372086338,
    "eps": 2.03,
    "epsdiluted": 2,
    "weightedAverageShsOut": 86712000,
    "weightedAverageShsOutDil": 87851000,
    "link": "https://www.sec.gov/Archives/edgar/data/1000697/000119312513076804/0001193125-13-076804-index.htm",
    "finalLink": "https://www.sec.gov/Archives/edgar/data/1000697/000119312513076804/d435715d10k.htm"
  },
  {
    "date": "2012-09-29",
    "symbol": "WAT",
    "reportedCurrency": "USD",
    "cik": "0001000697",
    "fillingDate": "2012-11-02",
    "acceptedDate": "2012-11-02 09:17:13",
    "calendarYear": "2012",
    "period": "Q3",
    "revenue": 449952000,
    "costOfRevenue": 182702000,
    "grossProfit": 267250000,
    "grossProfitRatio": 0.5939522438,
    "researchAndDevelopmentExpenses": 23756000,
    "generalAndAdministrativeExpenses": 0,
    "sellingAndMarketingExpenses": 0,
    "sellingGeneralAndAdministrativeExpenses": 115322000,
    "otherExpenses": 6427000,
    "operatingExpenses": 145505000,
    "costAndExpenses": 328207000,
    "interestIncome": 1184000,
    "interestExpense": 7107000,
    "depreciationAndAmortization": 20622000,
    "ebitda": 143551000,
    "ebitdaratio": 0.3190362528,
    "operatingIncome": 121745000,
    "operatingIncomeRatio": 0.2705733056,
    "totalOtherIncomeExpensesNet": -5923000,
    "incomeBeforeTax": 115822000,
    "incomeBeforeTaxRatio": 0.2574096793,
    "incomeTaxExpense": 16713000,
    "netIncome": 99109000,
    "netIncomeRatio": 0.2202657172,
    "eps": 1.13,
    "epsdiluted": 1.12,
    "weightedAverageShsOut": 87411000,
    "weightedAverageShsOutDil": 88451000,
    "link": "https://www.sec.gov/Archives/edgar/data/1000697/000119312512448069/0001193125-12-448069-index.htm",
    "finalLink": "https://www.sec.gov/Archives/edgar/data/1000697/000119312512448069/d426002d10q.htm"
  },
  {
    "date": "2012-06-30",
    "symbol": "WAT",
    "reportedCurrency": "USD",
    "cik": "0001000697",
    "fillingDate": "2012-08-03",
    "acceptedDate": "2012-08-03 07:32:43",
    "calendarYear": "2012",
    "period": "Q2",
    "revenue": 451465000,
    "costOfRevenue": 179259000,
    "grossProfit": 272206000,
    "grossProfitRatio": 0.6029393198,
    "researchAndDevelopmentExpenses": 23943000,
    "generalAndAdministrativeExpenses": 0,
    "sellingAndMarketingExpenses": 0,
    "sellingGeneralAndAdministrativeExpenses": 122682000,
    "otherExpenses": 5458000,
    "operatingExpenses": 152083000,
    "costAndExpenses": 331342000,
    "interestIncome": 1031000,
    "interestExpense": 6878000,
    "depreciationAndAmortization": 16034000,
    "ebitda": 137188000,
    "ebitdaratio": 0.303872947,
    "operatingIncome": 120123000,
    "operatingIncomeRatio": 0.266073782,
    "totalOtherIncomeExpensesNet": -5847000,
    "incomeBeforeTax": 114276000,
    "incomeBeforeTaxRatio": 0.2531226119,
    "incomeTaxExpense": 16552000,
    "netIncome": 97724000,
    "netIncomeRatio": 0.2164597477,
    "eps": 1.11,
    "epsdiluted": 1.09,
    "weightedAverageShsOut": 88317000,
    "weightedAverageShsOutDil": 89381000,
    "link": "https://www.sec.gov/Archives/edgar/data/1000697/000119312512333340/0001193125-12-333340-index.htm",
    "finalLink": "https://www.sec.gov/Archives/edgar/data/1000697/000119312512333340/d387891d10q.htm"
  },
  {
    "date": "2012-03-31",
    "symbol": "WAT",
    "reportedCurrency": "USD",
    "cik": "0001000697",
    "fillingDate": "2012-05-04",
    "acceptedDate": "2012-05-04 08:01:02",
    "calendarYear": "2012",
    "period": "Q1",
    "revenue": 420458000,
    "costOfRevenue": 167290000,
    "grossProfit": 253168000,
    "grossProfitRatio": 0.6021243501,
    "researchAndDevelopmentExpenses": 23347000,
    "generalAndAdministrativeExpenses": 0,
    "sellingAndMarketingExpenses": 0,
    "sellingGeneralAndAdministrativeExpenses": 117119000,
    "otherExpenses": 2485000,
    "operatingExpenses": 142951000,
    "costAndExpenses": 310241000,
    "interestIncome": 769000,
    "interestExpense": 6491000,
    "depreciationAndAmortization": 14569000,
    "ebitda": 125555000,
    "ebitdaratio": 0.2986148438,
    "operatingIncome": 110217000,
    "operatingIncomeRatio": 0.262135576,
    "totalOtherIncomeExpensesNet": -5722000,
    "incomeBeforeTax": 104495000,
    "incomeBeforeTaxRatio": 0.2485266067,
    "incomeTaxExpense": 15829000,
    "netIncome": 88666000,
    "netIncomeRatio": 0.2108795647,
    "eps": 1,
    "epsdiluted": 0.98,
    "weightedAverageShsOut": 88992000,
    "weightedAverageShsOutDil": 90269000,
    "link": "https://www.sec.gov/Archives/edgar/data/1000697/000119312512210192/0001193125-12-210192-index.htm",
    "finalLink": "https://www.sec.gov/Archives/edgar/data/1000697/000119312512210192/d342685d10q.htm"
  },
  {
    "date": "2011-12-31",
    "symbol": "WAT",
    "reportedCurrency": "USD",
    "cik": "0001000697",
    "fillingDate": "2012-02-24",
    "acceptedDate": "2012-02-24 10:34:16",
    "calendarYear": "2011",
    "period": "Q4",
    "revenue": 521420000,
    "costOfRevenue": 204243000,
    "grossProfit": 317177000,
    "grossProfitRatio": 0.6082946569,
    "researchAndDevelopmentExpenses": 23707000,
    "generalAndAdministrativeExpenses": 0,
    "sellingAndMarketingExpenses": 0,
    "sellingGeneralAndAdministrativeExpenses": 126237000,
    "otherExpenses": 2359000,
    "operatingExpenses": 152303000,
    "costAndExpenses": 356546000,
    "interestIncome": 484000,
    "interestExpense": 6677000,
    "depreciationAndAmortization": 16342000,
    "ebitda": 181700000,
    "ebitdaratio": 0.3484714817,
    "operatingIncome": 164874000,
    "operatingIncomeRatio": 0.3162019102,
    "totalOtherIncomeExpensesNet": -6193000,
    "incomeBeforeTax": 158681000,
    "incomeBeforeTaxRatio": 0.3043247286,
    "incomeTaxExpense": 21534000,
    "netIncome": 137147000,
    "netIncomeRatio": 0.2630259676,
    "eps": 1.54,
    "epsdiluted": 1.52,
    "weightedAverageShsOut": 88992000,
    "weightedAverageShsOutDil": 90269000,
    "link": "https://www.sec.gov/Archives/edgar/data/1000697/000119312512077126/0001193125-12-077126-index.htm",
    "finalLink": "https://www.sec.gov/Archives/edgar/data/1000697/000119312512077126/d274872d10k.htm"
  },
  {
    "date": "2011-10-01",
    "symbol": "WAT",
    "reportedCurrency": "USD",
    "cik": "0001000697",
    "fillingDate": "2011-11-04",
    "acceptedDate": "2011-11-04 13:07:35",
    "calendarYear": "2011",
    "period": "Q3",
    "revenue": 454534000,
    "costOfRevenue": 180318000,
    "grossProfit": 274216000,
    "grossProfitRatio": 0.6032904029,
    "researchAndDevelopmentExpenses": 23372000,
    "generalAndAdministrativeExpenses": 0,
    "sellingAndMarketingExpenses": 0,
    "sellingGeneralAndAdministrativeExpenses": 121211000,
    "otherExpenses": 2369000,
    "operatingExpenses": 146952000,
    "costAndExpenses": 327270000,
    "interestIncome": 613000,
    "interestExpense": 6159000,
    "depreciationAndAmortization": 16600000,
    "ebitda": 144477000,
    "ebitdaratio": 0.31785741,
    "operatingIncome": 127264000,
    "operatingIncomeRatio": 0.2799878557,
    "totalOtherIncomeExpensesNet": -5546000,
    "incomeBeforeTax": 121718000,
    "incomeBeforeTaxRatio": 0.2677863482,
    "incomeTaxExpense": 20461000,
    "netIncome": 101257000,
    "netIncomeRatio": 0.2227710138,
    "eps": 1.12,
    "epsdiluted": 1.1,
    "weightedAverageShsOut": 90688000,
    "weightedAverageShsOutDil": 92060000,
    "link": "https://www.sec.gov/Archives/edgar/data/1000697/000095012311095221/0000950123-11-095221-index.htm",
    "finalLink": "https://www.sec.gov/Archives/edgar/data/1000697/000095012311095221/b87819e10vq.htm"
  },
  {
    "date": "2011-07-02",
    "symbol": "WAT",
    "reportedCurrency": "USD",
    "cik": "0001000697",
    "fillingDate": "2011-08-05",
    "acceptedDate": "2011-08-05 10:48:20",
    "calendarYear": "2011",
    "period": "Q2",
    "revenue": 447627000,
    "costOfRevenue": 176103000,
    "grossProfit": 271524000,
    "grossProfitRatio": 0.6065853936,
    "researchAndDevelopmentExpenses": 23014000,
    "generalAndAdministrativeExpenses": 0,
    "sellingAndMarketingExpenses": 0,
    "sellingGeneralAndAdministrativeExpenses": 125439000,
    "otherExpenses": 2504000,
    "operatingExpenses": 150957000,
    "costAndExpenses": 327060000,
    "interestIncome": 813000,
    "interestExpense": 5052000,
    "depreciationAndAmortization": 17285000,
    "ebitda": 138665000,
    "ebitdaratio": 0.3097780071,
    "operatingIncome": 120567000,
    "operatingIncomeRatio": 0.2693470233,
    "totalOtherIncomeExpensesNet": -4239000,
    "incomeBeforeTax": 116328000,
    "incomeBeforeTaxRatio": 0.2598770852,
    "incomeTaxExpense": 16253000,
    "netIncome": 100075000,
    "netIncomeRatio": 0.2235678366,
    "eps": 1.09,
    "epsdiluted": 1.07,
    "weightedAverageShsOut": 91662000,
    "weightedAverageShsOutDil": 93271000,
    "link": "https://www.sec.gov/Archives/edgar/data/1000697/000095012311073343/0000950123-11-073343-index.htm",
    "finalLink": "https://www.sec.gov/Archives/edgar/data/1000697/000095012311073343/b86743e10vq.htm"
  },
  {
    "date": "2011-04-02",
    "symbol": "WAT",
    "reportedCurrency": "USD",
    "cik": "0001000697",
    "fillingDate": "2011-05-06",
    "acceptedDate": "2011-05-06 08:00:50",
    "calendarYear": "2011",
    "period": "Q1",
    "revenue": 427603000,
    "costOfRevenue": 169829000,
    "grossProfit": 257774000,
    "grossProfitRatio": 0.6028348725,
    "researchAndDevelopmentExpenses": 22254000,
    "generalAndAdministrativeExpenses": 0,
    "sellingAndMarketingExpenses": 0,
    "sellingGeneralAndAdministrativeExpenses": 117124000,
    "otherExpenses": 2501000,
    "operatingExpenses": 141879000,
    "costAndExpenses": 311708000,
    "interestIncome": 713000,
    "interestExpense": 4083000,
    "depreciationAndAmortization": 16160000,
    "ebitda": 132768000,
    "ebitdaratio": 0.3104936121,
    "operatingIncome": 115895000,
    "operatingIncomeRatio": 0.2710341134,
    "totalOtherIncomeExpensesNet": -3370000,
    "incomeBeforeTax": 112525000,
    "incomeBeforeTaxRatio": 0.2631529713,
    "incomeTaxExpense": 18036000,
    "netIncome": 94489000,
    "netIncomeRatio": 0.2209736601,
    "eps": 1.03,
    "epsdiluted": 1.01,
    "weightedAverageShsOut": 91649000,
    "weightedAverageShsOutDil": 93313000,
    "link": "https://www.sec.gov/Archives/edgar/data/1000697/000095012311046109/0000950123-11-046109-index.htm",
    "finalLink": "https://www.sec.gov/Archives/edgar/data/1000697/000095012311046109/b85480e10vq.htm"
  },
  {
    "date": "2010-12-31",
    "symbol": "WAT",
    "reportedCurrency": "USD",
    "cik": "0001000697",
    "fillingDate": "2011-02-25",
    "acceptedDate": "2011-02-25 11:40:31",
    "calendarYear": "2010",
    "period": "Q4",
    "revenue": 483578000,
    "costOfRevenue": 189253000,
    "grossProfit": 294325000,
    "grossProfitRatio": 0.608640178,
    "researchAndDevelopmentExpenses": 22867000,
    "generalAndAdministrativeExpenses": 0,
    "sellingAndMarketingExpenses": 0,
    "sellingGeneralAndAdministrativeExpenses": 120518000,
    "otherExpenses": 2764000,
    "operatingExpenses": 146149000,
    "costAndExpenses": 335402000,
    "interestIncome": 562000,
    "interestExpense": 3879000,
    "depreciationAndAmortization": 17040000,
    "ebitda": 165778000,
    "ebitdaratio": 0.34281543,
    "operatingIncome": 148176000,
    "operatingIncomeRatio": 0.3064159246,
    "totalOtherIncomeExpensesNet": -3317000,
    "incomeBeforeTax": 144859000,
    "incomeBeforeTaxRatio": 0.2995566382,
    "incomeTaxExpense": 18255000,
    "netIncome": 126604000,
    "netIncomeRatio": 0.2618067819,
    "eps": 1.38,
    "epsdiluted": 1.36,
    "weightedAverageShsOut": 91649000,
    "weightedAverageShsOutDil": 93313000,
    "link": "https://www.sec.gov/Archives/edgar/data/1000697/000095012311018381/0000950123-11-018381-index.htm",
    "finalLink": "https://www.sec.gov/Archives/edgar/data/1000697/000095012311018381/b83547e10vk.htm"
  },
  {
    "date": "2010-10-02",
    "symbol": "WAT",
    "reportedCurrency": "USD",
    "cik": "0001000697",
    "fillingDate": "2010-11-05",
    "acceptedDate": "2010-11-05 08:00:45",
    "calendarYear": "2010",
    "period": "Q3",
    "revenue": 401038000,
    "costOfRevenue": 162985000,
    "grossProfit": 238053000,
    "grossProfitRatio": 0.5935921284,
    "researchAndDevelopmentExpenses": 20524000,
    "generalAndAdministrativeExpenses": 0,
    "sellingAndMarketingExpenses": 0,
    "sellingGeneralAndAdministrativeExpenses": 111306000,
    "otherExpenses": 2408000,
    "operatingExpenses": 134238000,
    "costAndExpenses": 297223000,
    "interestIncome": 516000,
    "interestExpense": 3810000,
    "depreciationAndAmortization": 15232000,
    "ebitda": 119563000,
    "ebitdaratio": 0.2981338427,
    "operatingIncome": 103815000,
    "operatingIncomeRatio": 0.2588657434,
    "totalOtherIncomeExpensesNet": -3294000,
    "incomeBeforeTax": 100521000,
    "incomeBeforeTaxRatio": 0.2506520579,
    "incomeTaxExpense": 5802000,
    "netIncome": 94719000,
    "netIncomeRatio": 0.236184601,
    "eps": 1.03,
    "epsdiluted": 1.02,
    "weightedAverageShsOut": 91714000,
    "weightedAverageShsOutDil": 93286000,
    "link": "https://www.sec.gov/Archives/edgar/data/1000697/000095012310101328/0000950123-10-101328-index.htm",
    "finalLink": "https://www.sec.gov/Archives/edgar/data/1000697/000095012310101328/b82626e10vq.htm"
  },
  {
    "date": "2010-07-03",
    "symbol": "WAT",
    "reportedCurrency": "USD",
    "cik": "0001000697",
    "fillingDate": "2010-08-06",
    "acceptedDate": "2010-08-06 08:01:02",
    "calendarYear": "2010",
    "period": "Q2",
    "revenue": 391055000,
    "costOfRevenue": 155133000,
    "grossProfit": 235922000,
    "grossProfitRatio": 0.6032962115,
    "researchAndDevelopmentExpenses": 20807000,
    "generalAndAdministrativeExpenses": 0,
    "sellingAndMarketingExpenses": 0,
    "sellingGeneralAndAdministrativeExpenses": 106939000,
    "otherExpenses": 2592000,
    "operatingExpenses": 130338000,
    "costAndExpenses": 285471000,
    "interestIncome": 448000,
    "interestExpense": 3621000,
    "depreciationAndAmortization": 15301000,
    "ebitda": 121333000,
    "ebitdaratio": 0.3102709338,
    "operatingIncome": 105584000,
    "operatingIncomeRatio": 0.2699978264,
    "totalOtherIncomeExpensesNet": -3173000,
    "incomeBeforeTax": 102411000,
    "incomeBeforeTaxRatio": 0.2618838782,
    "incomeTaxExpense": 17489000,
    "netIncome": 84922000,
    "netIncomeRatio": 0.2171612689,
    "eps": 0.92,
    "epsdiluted": 0.9,
    "weightedAverageShsOut": 92612000,
    "weightedAverageShsOutDil": 94278000,
    "link": "https://www.sec.gov/Archives/edgar/data/1000697/000095012310073787/0000950123-10-073787-index.htm",
    "finalLink": "https://www.sec.gov/Archives/edgar/data/1000697/000095012310073787/b80104e10vq.htm"
  },
  {
    "date": "2010-04-03",
    "symbol": "WAT",
    "reportedCurrency": "USD",
    "cik": "0001000697",
    "fillingDate": "2010-05-07",
    "acceptedDate": "2010-05-07 08:01:38",
    "calendarYear": "2010",
    "period": "Q1",
    "revenue": 367700000,
    "costOfRevenue": 145932000,
    "grossProfit": 221768000,
    "grossProfitRatio": 0.6031221104,
    "researchAndDevelopmentExpenses": 20076000,
    "generalAndAdministrativeExpenses": 0,
    "sellingAndMarketingExpenses": 0,
    "sellingGeneralAndAdministrativeExpenses": 106693000,
    "otherExpenses": 2642000,
    "operatingExpenses": 129411000,
    "costAndExpenses": 275343000,
    "interestIncome": 329000,
    "interestExpense": 2614000,
    "depreciationAndAmortization": 14985000,
    "ebitda": 107671000,
    "ebitdaratio": 0.2928229535,
    "operatingIncome": 92357000,
    "operatingIncomeRatio": 0.2511748708,
    "totalOtherIncomeExpensesNet": -2285000,
    "incomeBeforeTax": 90072000,
    "incomeBeforeTaxRatio": 0.2449605657,
    "incomeTaxExpense": 14554000,
    "netIncome": 75518000,
    "netIncomeRatio": 0.2053793854,
    "eps": 0.81,
    "epsdiluted": 0.79,
    "weightedAverageShsOut": 93629000,
    "weightedAverageShsOutDil": 95223000,
    "link": "https://www.sec.gov/Archives/edgar/data/1000697/000095012310045994/0000950123-10-045994-index.htm",
    "finalLink": "https://www.sec.gov/Archives/edgar/data/1000697/000095012310045994/b80103e10vq.htm"
  },
  {
    "date": "2009-12-31",
    "symbol": "WAT",
    "reportedCurrency": "USD",
    "cik": "0001000697",
    "fillingDate": "2010-02-26",
    "acceptedDate": "2010-02-26 09:24:41",
    "calendarYear": "2009",
    "period": "Q4",
    "revenue": 428848000,
    "costOfRevenue": 170131000,
    "grossProfit": 258717000,
    "grossProfitRatio": 0.6032836809,
    "researchAndDevelopmentExpenses": 19790000,
    "generalAndAdministrativeExpenses": 0,
    "sellingAndMarketingExpenses": 0,
    "sellingGeneralAndAdministrativeExpenses": 109986000,
    "otherExpenses": 2637000,
    "operatingExpenses": 132413000,
    "costAndExpenses": 302544000,
    "interestIncome": 748000,
    "interestExpense": 2343000,
    "depreciationAndAmortization": 14700000,
    "ebitda": 141752000,
    "ebitdaratio": 0.3305413573,
    "operatingIncome": 126304000,
    "operatingIncomeRatio": 0.2945192702,
    "totalOtherIncomeExpensesNet": -1595000,
    "incomeBeforeTax": 124709000,
    "incomeBeforeTaxRatio": 0.2908000037,
    "incomeTaxExpense": 20586000,
    "netIncome": 104123000,
    "netIncomeRatio": 0.2427969817,
    "eps": 1.11,
    "epsdiluted": 1.09,
    "weightedAverageShsOut": 93629000,
    "weightedAverageShsOutDil": 95223000,
    "link": "https://www.sec.gov/Archives/edgar/data/1000697/000095012310017583/0000950123-10-017583-index.htm",
    "finalLink": "https://www.sec.gov/Archives/edgar/data/1000697/000095012310017583/b78684e10vk.htm"
  },
  {
    "date": "2009-10-03",
    "symbol": "WAT",
    "reportedCurrency": "USD",
    "cik": "0001000697",
    "fillingDate": "2009-11-06",
    "acceptedDate": "2009-11-06 09:53:02",
    "calendarYear": "2009",
    "period": "Q3",
    "revenue": 373963000,
    "costOfRevenue": 153143000,
    "grossProfit": 220820000,
    "grossProfitRatio": 0.5904862246,
    "researchAndDevelopmentExpenses": 19310000,
    "generalAndAdministrativeExpenses": 0,
    "sellingAndMarketingExpenses": 0,
    "sellingGeneralAndAdministrativeExpenses": 102675000,
    "otherExpenses": 2723000,
    "operatingExpenses": 124708000,
    "costAndExpenses": 277851000,
    "interestIncome": 785000,
    "interestExpense": 2864000,
    "depreciationAndAmortization": 13665000,
    "ebitda": 110562000,
    "ebitdaratio": 0.2956495696,
    "operatingIncome": 96112000,
    "operatingIncomeRatio": 0.2570093833,
    "totalOtherIncomeExpensesNet": -2079000,
    "incomeBeforeTax": 94033000,
    "incomeBeforeTaxRatio": 0.2514500098,
    "incomeTaxExpense": 18097000,
    "netIncome": 75936000,
    "netIncomeRatio": 0.2030575217,
    "eps": 0.8,
    "epsdiluted": 0.79,
    "weightedAverageShsOut": 95235000,
    "weightedAverageShsOutDil": 96513000,
    "link": "https://www.sec.gov/Archives/edgar/data/1000697/000095012309058936/0000950123-09-058936-index.htm",
    "finalLink": "https://www.sec.gov/Archives/edgar/data/1000697/000095012309058936/b77471e10vq.htm"
  },
  {
    "date": "2009-07-04",
    "symbol": "WAT",
    "reportedCurrency": "USD",
    "cik": "0001000697",
    "fillingDate": "2009-08-07",
    "acceptedDate": "2009-08-07 08:02:27",
    "calendarYear": "2009",
    "period": "Q2",
    "revenue": 362837000,
    "costOfRevenue": 144154000,
    "grossProfit": 218683000,
    "grossProfitRatio": 0.6027031422,
    "researchAndDevelopmentExpenses": 19722000,
    "generalAndAdministrativeExpenses": 0,
    "sellingAndMarketingExpenses": 0,
    "sellingGeneralAndAdministrativeExpenses": 109583000,
    "otherExpenses": 2683000,
    "operatingExpenses": 131988000,
    "costAndExpenses": 276142000,
    "interestIncome": 595000,
    "interestExpense": 2649000,
    "depreciationAndAmortization": 14496000,
    "ebitda": 101786000,
    "ebitdaratio": 0.2805281711,
    "operatingIncome": 86695000,
    "operatingIncomeRatio": 0.2389364921,
    "totalOtherIncomeExpensesNet": -2054000,
    "incomeBeforeTax": 84641000,
    "incomeBeforeTaxRatio": 0.233275548,
    "incomeTaxExpense": 14734000,
    "netIncome": 69907000,
    "netIncomeRatio": 0.192667782,
    "eps": 0.73,
    "epsdiluted": 0.72,
    "weightedAverageShsOut": 96147000,
    "weightedAverageShsOutDil": 96996000,
    "link": "https://www.sec.gov/Archives/edgar/data/1000697/000095012309031677/0000950123-09-031677-index.htm",
    "finalLink": "https://www.sec.gov/Archives/edgar/data/1000697/000095012309031677/b76222e10vq.htm"
  },
  {
    "date": "2009-04-04",
    "symbol": "WAT",
    "reportedCurrency": "USD",
    "cik": "0001000697",
    "fillingDate": "2009-05-08",
    "acceptedDate": "2009-05-08 09:19:39",
    "calendarYear": "2009",
    "period": "Q1",
    "revenue": 333052000,
    "costOfRevenue": 127454000,
    "grossProfit": 205598000,
    "grossProfitRatio": 0.6173150139,
    "researchAndDevelopmentExpenses": 18332000,
    "generalAndAdministrativeExpenses": 0,
    "sellingAndMarketingExpenses": 0,
    "sellingGeneralAndAdministrativeExpenses": 99159000,
    "otherExpenses": 2616000,
    "operatingExpenses": 120107000,
    "costAndExpenses": 247561000,
    "interestIncome": 908000,
    "interestExpense": 3130000,
    "depreciationAndAmortization": 14411000,
    "ebitda": 100810000,
    "ebitdaratio": 0.3026854665,
    "operatingIncome": 85491000,
    "operatingIncomeRatio": 0.2566896461,
    "totalOtherIncomeExpensesNet": -2222000,
    "incomeBeforeTax": 83269000,
    "incomeBeforeTaxRatio": 0.2500180152,
    "incomeTaxExpense": 9922000,
    "netIncome": 73347000,
    "netIncomeRatio": 0.2202268715,
    "eps": 0.75,
    "epsdiluted": 0.75,
    "weightedAverageShsOut": 97304000,
    "weightedAverageShsOutDil": 97927000,
    "link": "https://www.sec.gov/Archives/edgar/data/1000697/000095013509003757/0000950135-09-003757-index.htm",
    "finalLink": "https://www.sec.gov/Archives/edgar/data/1000697/000095013509003757/b75211wce10vq.htm"
  },
  {
    "date": "2008-12-31",
    "symbol": "WAT",
    "reportedCurrency": "USD",
    "cik": "0001000697",
    "fillingDate": "2009-02-27",
    "acceptedDate": "2009-02-27 14:57:08",
    "calendarYear": "2008",
    "period": "Q4",
    "revenue": 418331000,
    "costOfRevenue": 172063000,
    "grossProfit": 246268000,
    "grossProfitRatio": 0.5886917298,
    "researchAndDevelopmentExpenses": 19628000,
    "generalAndAdministrativeExpenses": 0,
    "sellingAndMarketingExpenses": 0,
    "sellingGeneralAndAdministrativeExpenses": 101464000,
    "otherExpenses": 8844000,
    "operatingExpenses": 129936000,
    "costAndExpenses": 301999000,
    "interestIncome": 0,
    "interestExpense": 0,
    "depreciationAndAmortization": 12806000,
    "ebitda": 129138000,
    "ebitdaratio": 0.3086981362,
    "operatingIncome": 116332000,
    "operatingIncomeRatio": 0.2780860132,
    "totalOtherIncomeExpensesNet": -3921000,
    "incomeBeforeTax": 112411000,
    "incomeBeforeTaxRatio": 0.2687130526,
    "incomeTaxExpense": 13058000,
    "netIncome": 99353000,
    "netIncomeRatio": 0.2374985358,
    "eps": 1.02,
    "epsdiluted": 1.01,
    "weightedAverageShsOut": 97304000,
    "weightedAverageShsOutDil": 97927000,
    "link": "https://www.sec.gov/Archives/edgar/data/1000697/000095013509001331/0000950135-09-001331-index.htm",
    "finalLink": "https://www.sec.gov/Archives/edgar/data/1000697/000095013509001331/b72903wce10vk.htm"
  },
  {
    "date": "2008-09-27",
    "symbol": "WAT",
    "reportedCurrency": "USD",
    "cik": "0001000697",
    "fillingDate": "2008-10-31",
    "acceptedDate": "2008-10-31 10:22:45",
    "calendarYear": "2008",
    "period": "Q3",
    "revenue": 386310000,
    "costOfRevenue": 158520000,
    "grossProfit": 227790000,
    "grossProfitRatio": 0.5896559758,
    "researchAndDevelopmentExpenses": 19946000,
    "generalAndAdministrativeExpenses": 0,
    "sellingAndMarketingExpenses": 0,
    "sellingGeneralAndAdministrativeExpenses": 107463000,
    "otherExpenses": 2349000,
    "operatingExpenses": 129758000,
    "costAndExpenses": 288278000,
    "interestIncome": 0,
    "interestExpense": 0,
    "depreciationAndAmortization": 13678000,
    "ebitda": 111710000,
    "ebitdaratio": 0.2891719086,
    "operatingIncome": 98032000,
    "operatingIncomeRatio": 0.2537651109,
    "totalOtherIncomeExpensesNet": -4542000,
    "incomeBeforeTax": 93490000,
    "incomeBeforeTaxRatio": 0.242007714,
    "incomeTaxExpense": 21987000,
    "netIncome": 71503000,
    "netIncomeRatio": 0.1850922834,
    "eps": 0.72,
    "epsdiluted": 0.71,
    "weightedAverageShsOut": 98891000,
    "weightedAverageShsOutDil": 100566000,
    "link": "https://www.sec.gov/Archives/edgar/data/1000697/000095013508006815/0000950135-08-006815-index.htm",
    "finalLink": "https://www.sec.gov/Archives/edgar/data/1000697/000095013508006815/b72642wce10vq.htm"
  },
  {
    "date": "2008-06-28",
    "symbol": "WAT",
    "reportedCurrency": "USD",
    "cik": "0001000697",
    "fillingDate": "2008-08-01",
    "acceptedDate": "2008-08-01 09:52:40",
    "calendarYear": "2008",
    "period": "Q2",
    "revenue": 398771000,
    "costOfRevenue": 175232000,
    "grossProfit": 223539000,
    "grossProfitRatio": 0.5605698509,
    "researchAndDevelopmentExpenses": 22228000,
    "generalAndAdministrativeExpenses": 0,
    "sellingAndMarketingExpenses": 0,
    "sellingGeneralAndAdministrativeExpenses": 111935000,
    "otherExpenses": 2352000,
    "operatingExpenses": 136515000,
    "costAndExpenses": 311747000,
    "interestIncome": 0,
    "interestExpense": 0,
    "depreciationAndAmortization": 25040000,
    "ebitda": 112064000,
    "ebitdaratio": 0.2810234445,
    "operatingIncome": 87024000,
    "operatingIncomeRatio": 0.2182305133,
    "totalOtherIncomeExpensesNet": -4855000,
    "incomeBeforeTax": 82169000,
    "incomeBeforeTaxRatio": 0.2060556058,
    "incomeTaxExpense": -979000,
    "netIncome": 83148000,
    "netIncomeRatio": 0.208510649,
    "eps": 0.83,
    "epsdiluted": 0.82,
    "weightedAverageShsOut": 99586000,
    "weightedAverageShsOutDil": 101035000,
    "link": "https://www.sec.gov/Archives/edgar/data/1000697/000095013508005234/0000950135-08-005234-index.htm",
    "finalLink": "https://www.sec.gov/Archives/edgar/data/1000697/000095013508005234/b71190wce10vq.htm"
  },
  {
    "date": "2008-03-29",
    "symbol": "WAT",
    "reportedCurrency": "USD",
    "cik": "0001000697",
    "fillingDate": "2008-05-02",
    "acceptedDate": "2008-05-02 13:23:48",
    "calendarYear": "2008",
    "period": "Q1",
    "revenue": 371712000,
    "costOfRevenue": 155451000,
    "grossProfit": 216261000,
    "grossProfitRatio": 0.5817971978,
    "researchAndDevelopmentExpenses": 19786000,
    "generalAndAdministrativeExpenses": 0,
    "sellingAndMarketingExpenses": 0,
    "sellingGeneralAndAdministrativeExpenses": 105837000,
    "otherExpenses": 2272000,
    "operatingExpenses": 127895000,
    "costAndExpenses": 283346000,
    "interestIncome": 0,
    "interestExpense": 0,
    "depreciationAndAmortization": 13747000,
    "ebitda": 102113000,
    "ebitdaratio": 0.2747099905,
    "operatingIncome": 88366000,
    "operatingIncomeRatio": 0.2377270575,
    "totalOtherIncomeExpensesNet": -4244000,
    "incomeBeforeTax": 84122000,
    "incomeBeforeTaxRatio": 0.226309616,
    "incomeTaxExpense": 15647000,
    "netIncome": 68475000,
    "netIncomeRatio": 0.1842151989,
    "eps": 0.68,
    "epsdiluted": 0.67,
    "weightedAverageShsOut": 100401000,
    "weightedAverageShsOutDil": 101983000,
    "link": "https://www.sec.gov/Archives/edgar/data/1000697/000095013508003293/0000950135-08-003293-index.htm",
    "finalLink": "https://www.sec.gov/Archives/edgar/data/1000697/000095013508003293/b69753wce10vq.htm"
  },
  {
    "date": "2007-12-31",
    "symbol": "WAT",
    "reportedCurrency": "USD",
    "cik": "0001000697",
    "fillingDate": "2008-02-29",
    "acceptedDate": "2008-02-29 09:49:30",
    "calendarYear": "2007",
    "period": "Q4",
    "revenue": 437003000,
    "costOfRevenue": 181992000,
    "grossProfit": 255011000,
    "grossProfitRatio": 0.5835451931,
    "researchAndDevelopmentExpenses": 20838000,
    "generalAndAdministrativeExpenses": 0,
    "sellingAndMarketingExpenses": 0,
    "sellingGeneralAndAdministrativeExpenses": 101996000,
    "otherExpenses": 2261000,
    "operatingExpenses": 125095000,
    "costAndExpenses": 307087000,
    "interestIncome": 0,
    "interestExpense": 0,
    "depreciationAndAmortization": 13632000,
    "ebitda": 143548000,
    "ebitdaratio": 0.3284828708,
    "operatingIncome": 129916000,
    "operatingIncomeRatio": 0.297288577,
    "totalOtherIncomeExpensesNet": -5734000,
    "incomeBeforeTax": 124182000,
    "incomeBeforeTaxRatio": 0.2841673856,
    "incomeTaxExpense": 25239000,
    "netIncome": 98943000,
    "netIncomeRatio": 0.2264126333,
    "eps": 0.99,
    "epsdiluted": 0.97,
    "weightedAverageShsOut": 100401000,
    "weightedAverageShsOutDil": 101983000,
    "link": "https://www.sec.gov/Archives/edgar/data/1000697/000095013508001339/0000950135-08-001339-index.htm",
    "finalLink": "https://www.sec.gov/Archives/edgar/data/1000697/000095013508001339/b68112wce10vk.htm"
  },
  {
    "date": "2007-09-29",
    "symbol": "WAT",
    "reportedCurrency": "USD",
    "cik": "0001000697",
    "fillingDate": "2007-11-02",
    "acceptedDate": "2007-11-02 08:42:28",
    "calendarYear": "2007",
    "period": "Q3",
    "revenue": 352638000,
    "costOfRevenue": 153679000,
    "grossProfit": 198959000,
    "grossProfitRatio": 0.564201816,
    "researchAndDevelopmentExpenses": 21974000,
    "generalAndAdministrativeExpenses": 0,
    "sellingAndMarketingExpenses": 0,
    "sellingGeneralAndAdministrativeExpenses": 105577000,
    "otherExpenses": 2176000,
    "operatingExpenses": 129727000,
    "costAndExpenses": 283406000,
    "interestIncome": 0,
    "interestExpense": 0,
    "depreciationAndAmortization": 13684000,
    "ebitda": 82916000,
    "ebitdaratio": 0.2351306439,
    "operatingIncome": 69232000,
    "operatingIncomeRatio": 0.1963259773,
    "totalOtherIncomeExpensesNet": -6722000,
    "incomeBeforeTax": 62510000,
    "incomeBeforeTaxRatio": 0.1772639364,
    "incomeTaxExpense": 9227000,
    "netIncome": 53283000,
    "netIncomeRatio": 0.1510982934,
    "eps": 0.53,
    "epsdiluted": 0.52,
    "weightedAverageShsOut": 99821000,
    "weightedAverageShsOutDil": 101712000,
    "link": "https://www.sec.gov/Archives/edgar/data/1000697/000095013507006667/0000950135-07-006667-index.htm",
    "finalLink": "https://www.sec.gov/Archives/edgar/data/1000697/000095013507006667/b67183wce10vq.htm"
  },
  {
    "date": "2007-06-30",
    "symbol": "WAT",
    "reportedCurrency": "USD",
    "cik": "0001000697",
    "fillingDate": "2007-08-03",
    "acceptedDate": "2007-08-03 10:52:52",
    "calendarYear": "2007",
    "period": "Q2",
    "revenue": 352630000,
    "costOfRevenue": 152219000,
    "grossProfit": 200411000,
    "grossProfitRatio": 0.5683322463,
    "researchAndDevelopmentExpenses": 19115000,
    "generalAndAdministrativeExpenses": 0,
    "sellingAndMarketingExpenses": 0,
    "sellingGeneralAndAdministrativeExpenses": 102223000,
    "otherExpenses": 2133000,
    "operatingExpenses": 123471000,
    "costAndExpenses": 275690000,
    "interestIncome": 0,
    "interestExpense": 0,
    "depreciationAndAmortization": 13096000,
    "ebitda": 90036000,
    "ebitdaratio": 0.2553271134,
    "operatingIncome": 76940000,
    "operatingIncomeRatio": 0.2181890367,
    "totalOtherIncomeExpensesNet": -6396000,
    "incomeBeforeTax": 70544000,
    "incomeBeforeTaxRatio": 0.200051045,
    "incomeTaxExpense": 10635000,
    "netIncome": 59909000,
    "netIncomeRatio": 0.1698919547,
    "eps": 0.6,
    "epsdiluted": 0.59,
    "weightedAverageShsOut": 100327000,
    "weightedAverageShsOutDil": 102130000,
    "link": "https://www.sec.gov/Archives/edgar/data/1000697/000095013507004656/0000950135-07-004656-index.htm",
    "finalLink": "https://www.sec.gov/Archives/edgar/data/1000697/000095013507004656/b66157wce10vq.htm"
  },
  {
    "date": "2007-03-31",
    "symbol": "WAT",
    "reportedCurrency": "USD",
    "cik": "0001000697",
    "fillingDate": "2007-05-04",
    "acceptedDate": "2007-05-04 09:18:52",
    "calendarYear": "2007",
    "period": "Q1",
    "revenue": 330777000,
    "costOfRevenue": 143232000,
    "grossProfit": 187545000,
    "grossProfitRatio": 0.5669831941,
    "researchAndDevelopmentExpenses": 18722000,
    "generalAndAdministrativeExpenses": 0,
    "sellingAndMarketingExpenses": 0,
    "sellingGeneralAndAdministrativeExpenses": 93907000,
    "otherExpenses": 2125000,
    "operatingExpenses": 114754000,
    "costAndExpenses": 257986000,
    "interestIncome": 0,
    "interestExpense": 0,
    "depreciationAndAmortization": 12905000,
    "ebitda": 85696000,
    "ebitdaratio": 0.259074845,
    "operatingIncome": 72791000,
    "operatingIncomeRatio": 0.2200606451,
    "totalOtherIncomeExpensesNet": -6835000,
    "incomeBeforeTax": 65956000,
    "incomeBeforeTaxRatio": 0.199397177,
    "incomeTaxExpense": 10019000,
    "netIncome": 55937000,
    "netIncomeRatio": 0.1691078884,
    "eps": 0.55,
    "epsdiluted": 0.54,
    "weightedAverageShsOut": 101416000,
    "weightedAverageShsOutDil": 103198000,
    "link": "https://www.sec.gov/Archives/edgar/data/1000697/000095013507002812/0000950135-07-002812-index.htm",
    "finalLink": "https://www.sec.gov/Archives/edgar/data/1000697/000095013507002812/b65199wce10vq.htm"
  },
  {
    "date": "2006-12-31",
    "symbol": "WAT",
    "reportedCurrency": "USD",
    "cik": "0001000697",
    "fillingDate": "2007-03-01",
    "acceptedDate": "2007-03-01 08:41:28",
    "calendarYear": "2006",
    "period": "Q4",
    "revenue": 386930000,
    "costOfRevenue": 162386000,
    "grossProfit": 224544000,
    "grossProfitRatio": 0.5803220221,
    "researchAndDevelopmentExpenses": 19470000,
    "generalAndAdministrativeExpenses": 0,
    "sellingAndMarketingExpenses": 0,
    "sellingGeneralAndAdministrativeExpenses": 95761000,
    "otherExpenses": 2273000,
    "operatingExpenses": 117504000,
    "costAndExpenses": 279890000,
    "interestIncome": 0,
    "interestExpense": 0,
    "depreciationAndAmortization": 10811000,
    "ebitda": 118665000,
    "ebitdaratio": 0.3066833794,
    "operatingIncome": 107040000,
    "operatingIncomeRatio": 0.2766391854,
    "totalOtherIncomeExpensesNet": -13096000,
    "incomeBeforeTax": 93944000,
    "incomeBeforeTaxRatio": 0.2427932701,
    "incomeTaxExpense": 14055000,
    "netIncome": 79889000,
    "netIncomeRatio": 0.2064688703,
    "eps": 0.79,
    "epsdiluted": 0.77,
    "weightedAverageShsOut": 101416000,
    "weightedAverageShsOutDil": 103198000,
    "link": "https://www.sec.gov/Archives/edgar/data/1000697/000095013507001300/0000950135-07-001300-index.htm",
    "finalLink": "https://www.sec.gov/Archives/edgar/data/1000697/000095013507001300/b63656wce10vk.htm"
  },
  {
    "date": "2006-09-30",
    "symbol": "WAT",
    "reportedCurrency": "USD",
    "cik": "0001000697",
    "fillingDate": "2006-11-03",
    "acceptedDate": "2006-11-03 07:15:51",
    "calendarYear": "2006",
    "period": "Q3",
    "revenue": 301182000,
    "costOfRevenue": 127167000,
    "grossProfit": 174015000,
    "grossProfitRatio": 0.5777735721,
    "researchAndDevelopmentExpenses": 19138000,
    "generalAndAdministrativeExpenses": 0,
    "sellingAndMarketingExpenses": 0,
    "sellingGeneralAndAdministrativeExpenses": 87397000,
    "otherExpenses": 1747000,
    "operatingExpenses": 108282000,
    "costAndExpenses": 235449000,
    "interestIncome": 0,
    "interestExpense": 0,
    "depreciationAndAmortization": 12776000,
    "ebitda": 78853000,
    "ebitdaratio": 0.2618117949,
    "operatingIncome": 65733000,
    "operatingIncomeRatio": 0.2182500946,
    "totalOtherIncomeExpensesNet": -6688000,
    "incomeBeforeTax": 59045000,
    "incomeBeforeTaxRatio": 0.1960442523,
    "incomeTaxExpense": 8669000,
    "netIncome": 50376000,
    "netIncomeRatio": 0.1672609917,
    "eps": 0.49,
    "epsdiluted": 0.49,
    "weightedAverageShsOut": 101845000,
    "weightedAverageShsOutDil": 103074000,
    "link": "https://www.sec.gov/Archives/edgar/data/1000697/000095013506006652/0000950135-06-006652-index.htm",
    "finalLink": "https://www.sec.gov/Archives/edgar/data/1000697/000095013506006652/b62640wce10vq.htm"
  },
  {
    "date": "2006-07-01",
    "symbol": "WAT",
    "reportedCurrency": "USD",
    "cik": "0001000697",
    "fillingDate": "2006-08-04",
    "acceptedDate": "2006-08-04 10:25:48",
    "calendarYear": "2006",
    "period": "Q2",
    "revenue": 301899000,
    "costOfRevenue": 126004000,
    "grossProfit": 175895000,
    "grossProfitRatio": 0.5826286275,
    "researchAndDevelopmentExpenses": 19655000,
    "generalAndAdministrativeExpenses": 0,
    "sellingAndMarketingExpenses": 0,
    "sellingGeneralAndAdministrativeExpenses": 88968000,
    "otherExpenses": 4357000,
    "operatingExpenses": 112980000,
    "costAndExpenses": 238984000,
    "interestIncome": 0,
    "interestExpense": 0,
    "depreciationAndAmortization": 11669000,
    "ebitda": 77558000,
    "ebitdaratio": 0.2569004866,
    "operatingIncome": 62915000,
    "operatingIncomeRatio": 0.2083975104,
    "totalOtherIncomeExpensesNet": -6272000,
    "incomeBeforeTax": 56643000,
    "incomeBeforeTaxRatio": 0.1876223505,
    "incomeTaxExpense": 8863000,
    "netIncome": 47780000,
    "netIncomeRatio": 0.1582648502,
    "eps": 0.46,
    "epsdiluted": 0.46,
    "weightedAverageShsOut": 103010000,
    "weightedAverageShsOutDil": 104337000,
    "link": "https://www.sec.gov/Archives/edgar/data/1000697/000095013506004754/0000950135-06-004754-index.htm",
    "finalLink": "https://www.sec.gov/Archives/edgar/data/1000697/000095013506004754/b61569wce10vq.htm"
  },
  {
    "date": "2006-04-01",
    "symbol": "WAT",
    "reportedCurrency": "USD",
    "cik": "0001000697",
    "fillingDate": "2006-05-05",
    "acceptedDate": "2006-05-05 11:04:31",
    "calendarYear": "2006",
    "period": "Q1",
    "revenue": 290218000,
    "costOfRevenue": 120628000,
    "grossProfit": 169590000,
    "grossProfitRatio": 0.5843538306,
    "researchAndDevelopmentExpenses": 19043000,
    "generalAndAdministrativeExpenses": 0,
    "sellingAndMarketingExpenses": 0,
    "sellingGeneralAndAdministrativeExpenses": 85538000,
    "otherExpenses": 5546000,
    "operatingExpenses": 110127000,
    "costAndExpenses": 230755000,
    "interestIncome": 0,
    "interestExpense": 0,
    "depreciationAndAmortization": 10903000,
    "ebitda": 74718000,
    "ebitdaratio": 0.2574547409,
    "operatingIncome": 59463000,
    "operatingIncomeRatio": 0.2048908062,
    "totalOtherIncomeExpensesNet": -6136000,
    "incomeBeforeTax": 53327000,
    "incomeBeforeTaxRatio": 0.183748079,
    "incomeTaxExpense": 9172000,
    "netIncome": 44155000,
    "netIncomeRatio": 0.1521442502,
    "eps": 0.42,
    "epsdiluted": 0.42,
    "weightedAverageShsOut": 104585000,
    "weightedAverageShsOutDil": 105901000,
    "link": "https://www.sec.gov/Archives/edgar/data/1000697/000095013506003161/0000950135-06-003161-index.htm",
    "finalLink": "https://www.sec.gov/Archives/edgar/data/1000697/000095013506003161/b60710wce10vq.htm"
  },
  {
    "date": "2005-12-31",
    "symbol": "WAT",
    "reportedCurrency": "USD",
    "cik": "0001000697",
    "fillingDate": "2006-03-06",
    "acceptedDate": "2006-03-06 16:22:37",
    "calendarYear": "2005",
    "period": "Q4",
    "revenue": 332270000,
    "costOfRevenue": 133980000,
    "grossProfit": 198290000,
    "grossProfitRatio": 0.5967737081,
    "researchAndDevelopmentExpenses": 16691000,
    "generalAndAdministrativeExpenses": 0,
    "sellingAndMarketingExpenses": 0,
    "sellingGeneralAndAdministrativeExpenses": 81593000,
    "otherExpenses": 4338000,
    "operatingExpenses": 102622000,
    "costAndExpenses": 236602000,
    "interestIncome": 0,
    "interestExpense": 0,
    "depreciationAndAmortization": 10557000,
    "ebitda": 106225000,
    "ebitdaratio": 0.3196948265,
    "operatingIncome": 95668000,
    "operatingIncomeRatio": 0.2879224727,
    "totalOtherIncomeExpensesNet": -6524000,
    "incomeBeforeTax": 89144000,
    "incomeBeforeTaxRatio": 0.2682878382,
    "incomeTaxExpense": 13546000,
    "netIncome": 75598000,
    "netIncomeRatio": 0.2275197881,
    "eps": 0.72,
    "epsdiluted": 0.71,
    "weightedAverageShsOut": 104585000,
    "weightedAverageShsOutDil": 105901000,
    "link": "https://www.sec.gov/Archives/edgar/data/1000697/000095013506001427/0000950135-06-001427-index.htm",
    "finalLink": "https://www.sec.gov/Archives/edgar/data/1000697/000095013506001427/b58493wce10vk.htm"
  },
  {
    "date": "2005-10-01",
    "symbol": "WAT",
    "reportedCurrency": "USD",
    "cik": "0001000697",
    "fillingDate": "2005-11-04",
    "acceptedDate": "2005-11-04 11:48:12",
    "calendarYear": "2005",
    "period": "Q3",
    "revenue": 273031000,
    "costOfRevenue": 115508000,
    "grossProfit": 157523000,
    "grossProfitRatio": 0.5769418125,
    "researchAndDevelopmentExpenses": 16982000,
    "generalAndAdministrativeExpenses": 0,
    "sellingAndMarketingExpenses": 0,
    "sellingGeneralAndAdministrativeExpenses": 76645000,
    "otherExpenses": 1241000,
    "operatingExpenses": 94868000,
    "costAndExpenses": 210376000,
    "interestIncome": 0,
    "interestExpense": 0,
    "depreciationAndAmortization": 10958000,
    "ebitda": 73613000,
    "ebitdaratio": 0.2696140731,
    "operatingIncome": 62655000,
    "operatingIncomeRatio": 0.2294794364,
    "totalOtherIncomeExpensesNet": -1969000,
    "incomeBeforeTax": 60686000,
    "incomeBeforeTaxRatio": 0.2222678011,
    "incomeTaxExpense": 34969000,
    "netIncome": 25717000,
    "netIncomeRatio": 0.0941907695,
    "eps": 0.23,
    "epsdiluted": 0.22,
    "weightedAverageShsOut": 112981000,
    "weightedAverageShsOutDil": 114942000,
    "link": "https://www.sec.gov/Archives/edgar/data/1000697/000095013505006225/0000950135-05-006225-index.htm",
    "finalLink": "https://www.sec.gov/Archives/edgar/data/1000697/000095013505006225/b57435wce10vq.htm"
  },
  {
    "date": "2005-07-02",
    "symbol": "WAT",
    "reportedCurrency": "USD",
    "cik": "0001000697",
    "fillingDate": "2005-08-05",
    "acceptedDate": "2005-08-05 11:52:35",
    "calendarYear": "2005",
    "period": "Q2",
    "revenue": 284630000,
    "costOfRevenue": 117066000,
    "grossProfit": 167564000,
    "grossProfitRatio": 0.5887081474,
    "researchAndDevelopmentExpenses": 16485000,
    "generalAndAdministrativeExpenses": 0,
    "sellingAndMarketingExpenses": 0,
    "sellingGeneralAndAdministrativeExpenses": 82861000,
    "otherExpenses": 1266000,
    "operatingExpenses": 100612000,
    "costAndExpenses": 217678000,
    "interestIncome": 0,
    "interestExpense": 0,
    "depreciationAndAmortization": 11103000,
    "ebitda": 78055000,
    "ebitdaratio": 0.2742332151,
    "operatingIncome": 66952000,
    "operatingIncomeRatio": 0.2352246777,
    "totalOtherIncomeExpensesNet": -463000,
    "incomeBeforeTax": 66489000,
    "incomeBeforeTaxRatio": 0.2335980044,
    "incomeTaxExpense": 12424000,
    "netIncome": 54065000,
    "netIncomeRatio": 0.189948354,
    "eps": 0.47,
    "epsdiluted": 0.46,
    "weightedAverageShsOut": 116092000,
    "weightedAverageShsOutDil": 117722000,
    "link": "https://www.sec.gov/Archives/edgar/data/1000697/000095013505004504/0000950135-05-004504-index.htm",
    "finalLink": "https://www.sec.gov/Archives/edgar/data/1000697/000095013505004504/b55598wce10vq.htm"
  },
  {
    "date": "2005-04-02",
    "symbol": "WAT",
    "reportedCurrency": "USD",
    "cik": "0001000697",
    "fillingDate": "2005-05-06",
    "acceptedDate": "2005-05-06 14:26:04",
    "calendarYear": "2005",
    "period": "Q1",
    "revenue": 268305000,
    "costOfRevenue": 111801000,
    "grossProfit": 156504000,
    "grossProfitRatio": 0.5833063118,
    "researchAndDevelopmentExpenses": 16747000,
    "generalAndAdministrativeExpenses": 0,
    "sellingAndMarketingExpenses": 0,
    "sellingGeneralAndAdministrativeExpenses": 80595000,
    "otherExpenses": 1282000,
    "operatingExpenses": 98624000,
    "costAndExpenses": 210425000,
    "interestIncome": 0,
    "interestExpense": 0,
    "depreciationAndAmortization": 11067000,
    "ebitda": 68947000,
    "ebitdaratio": 0.2569724754,
    "operatingIncome": 57880000,
    "operatingIncomeRatio": 0.2157246417,
    "totalOtherIncomeExpensesNet": 364000,
    "incomeBeforeTax": 58244000,
    "incomeBeforeTaxRatio": 0.2170813067,
    "incomeTaxExpense": 11649000,
    "netIncome": 46595000,
    "netIncomeRatio": 0.1736643,
    "eps": 0.39,
    "epsdiluted": 0.38,
    "weightedAverageShsOut": 118719000,
    "weightedAverageShsOutDil": 121156000,
    "link": "https://www.sec.gov/Archives/edgar/data/1000697/000095013505002624/0000950135-05-002624-index.htm",
    "finalLink": "https://www.sec.gov/Archives/edgar/data/1000697/000095013505002624/b54832wce10vq.htm"
  },
  {
    "date": "2004-12-31",
    "symbol": "WAT",
    "reportedCurrency": "USD",
    "cik": "0001000697",
    "fillingDate": "2005-03-15",
    "acceptedDate": "2005-03-15 11:57:57",
    "calendarYear": "2004",
    "period": "Q4",
    "revenue": 324154000,
    "costOfRevenue": 130144000,
    "grossProfit": 194010000,
    "grossProfitRatio": 0.5985118185,
    "researchAndDevelopmentExpenses": 16475000,
    "generalAndAdministrativeExpenses": 0,
    "sellingAndMarketingExpenses": 0,
    "sellingGeneralAndAdministrativeExpenses": 80916000,
    "otherExpenses": 5233000,
    "operatingExpenses": 102624000,
    "costAndExpenses": 232768000,
    "interestIncome": 0,
    "interestExpense": 0,
    "depreciationAndAmortization": 11881000,
    "ebitda": 103267000,
    "ebitdaratio": 0.3185738877,
    "operatingIncome": 91386000,
    "operatingIncomeRatio": 0.2819215558,
    "totalOtherIncomeExpensesNet": -858000,
    "incomeBeforeTax": 90528000,
    "incomeBeforeTaxRatio": 0.2792746657,
    "incomeTaxExpense": 19011000,
    "netIncome": 71517000,
    "netIncomeRatio": 0.2206266157,
    "eps": 0.6,
    "epsdiluted": 0.59,
    "weightedAverageShsOut": 118719000,
    "weightedAverageShsOutDil": 121156000,
    "link": "https://www.sec.gov/Archives/edgar/data/1000697/000095013505001421/0000950135-05-001421-index.htm",
    "finalLink": "https://www.sec.gov/Archives/edgar/data/1000697/000095013505001421/b53305wce10vk.htm"
  },
  {
    "date": "2004-10-02",
    "symbol": "WAT",
    "reportedCurrency": "USD",
    "cik": "0001000697",
    "fillingDate": "2004-11-10",
    "acceptedDate": "2004-11-10 08:32:02",
    "calendarYear": "2004",
    "period": "Q3",
    "revenue": 264808000,
    "costOfRevenue": 111009000,
    "grossProfit": 153799000,
    "grossProfitRatio": 0.5807943869,
    "researchAndDevelopmentExpenses": 17001000,
    "generalAndAdministrativeExpenses": 0,
    "sellingAndMarketingExpenses": 0,
    "sellingGeneralAndAdministrativeExpenses": 71967000,
    "otherExpenses": 1070000,
    "operatingExpenses": 90038000,
    "costAndExpenses": 201047000,
    "interestIncome": 0,
    "interestExpense": 0,
    "depreciationAndAmortization": 10607000,
    "ebitda": 74210000,
    "ebitdaratio": 0.2802407782,
    "operatingIncome": 63761000,
    "operatingIncomeRatio": 0.2407820005,
    "totalOtherIncomeExpensesNet": 445000,
    "incomeBeforeTax": 64206000,
    "incomeBeforeTaxRatio": 0.2424624634,
    "incomeTaxExpense": 12266000,
    "netIncome": 51940000,
    "netIncomeRatio": 0.1961421105,
    "eps": 0.43,
    "epsdiluted": 0.42,
    "weightedAverageShsOut": 119519000,
    "weightedAverageShsOutDil": 122597000,
    "link": "https://www.sec.gov/Archives/edgar/data/1000697/000095013504005261/0000950135-04-005261-index.htm",
    "finalLink": "https://www.sec.gov/Archives/edgar/data/1000697/000095013504005261/b52084wce10vq.htm"
  },
  {
    "date": "2004-07-03",
    "symbol": "WAT",
    "reportedCurrency": "USD",
    "cik": "0001000697",
    "fillingDate": "2004-08-11",
    "acceptedDate": "2004-08-11 10:26:46",
    "calendarYear": "2004",
    "period": "Q2",
    "revenue": 260488000,
    "costOfRevenue": 106180000,
    "grossProfit": 154308000,
    "grossProfitRatio": 0.5923804551,
    "researchAndDevelopmentExpenses": 15694000,
    "generalAndAdministrativeExpenses": 0,
    "sellingAndMarketingExpenses": 0,
    "sellingGeneralAndAdministrativeExpenses": 75840000,
    "otherExpenses": -16128000,
    "operatingExpenses": 75406000,
    "costAndExpenses": 181586000,
    "interestIncome": 0,
    "interestExpense": 0,
    "depreciationAndAmortization": 9725000,
    "ebitda": 88627000,
    "ebitdaratio": 0.340234483,
    "operatingIncome": 78902000,
    "operatingIncomeRatio": 0.3029007094,
    "totalOtherIncomeExpensesNet": 995000,
    "incomeBeforeTax": 79897000,
    "incomeBeforeTaxRatio": 0.3067204631,
    "incomeTaxExpense": 20146000,
    "netIncome": 59751000,
    "netIncomeRatio": 0.229381008,
    "eps": 0.5,
    "epsdiluted": 0.49,
    "weightedAverageShsOut": 118691000,
    "weightedAverageShsOutDil": 122820000,
    "link": "https://www.sec.gov/Archives/edgar/data/1000697/000095013504003927/0000950135-04-003927-index.htm",
    "finalLink": "https://www.sec.gov/Archives/edgar/data/1000697/000095013504003927/b51138wce10vq.htm"
  },
  {
    "date": "2004-04-03",
    "symbol": "WAT",
    "reportedCurrency": "USD",
    "cik": "0001000697",
    "fillingDate": "2004-05-10",
    "acceptedDate": "2004-05-10 16:55:23",
    "calendarYear": "2004",
    "period": "Q1",
    "revenue": 255086000,
    "costOfRevenue": 107474000,
    "grossProfit": 147612000,
    "grossProfitRatio": 0.5786754271,
    "researchAndDevelopmentExpenses": 16071000,
    "generalAndAdministrativeExpenses": 0,
    "sellingAndMarketingExpenses": 0,
    "sellingGeneralAndAdministrativeExpenses": 71427000,
    "otherExpenses": 9305000,
    "operatingExpenses": 96803000,
    "costAndExpenses": 204277000,
    "interestIncome": 0,
    "interestExpense": 0,
    "depreciationAndAmortization": 9713000,
    "ebitda": 60626000,
    "ebitdaratio": 0.2376688646,
    "operatingIncome": 50809000,
    "operatingIncomeRatio": 0.1991838047,
    "totalOtherIncomeExpensesNet": 231000,
    "incomeBeforeTax": 51040000,
    "incomeBeforeTaxRatio": 0.2000893816,
    "incomeTaxExpense": 10195000,
    "netIncome": 40845000,
    "netIncomeRatio": 0.1601224685,
    "eps": 0.34,
    "epsdiluted": 0.33,
    "weightedAverageShsOut": 120180000,
    "weightedAverageShsOutDil": 123987000,
    "link": "https://www.sec.gov/Archives/edgar/data/1000697/000095013504002547/0000950135-04-002547-index.htm",
    "finalLink": "https://www.sec.gov/Archives/edgar/data/1000697/000095013504002547/b50357wce10vq.htm"
  },
  {
    "date": "2003-12-31",
    "symbol": "WAT",
    "reportedCurrency": "USD",
    "cik": "0001000697",
    "fillingDate": "2004-03-12",
    "acceptedDate": "2004-03-12 16:14:04",
    "calendarYear": "2003",
    "period": "Q4",
    "revenue": 275073000,
    "costOfRevenue": 113104000,
    "grossProfit": 161969000,
    "grossProfitRatio": 0.5888218764,
    "researchAndDevelopmentExpenses": 16786000,
    "generalAndAdministrativeExpenses": 0,
    "sellingAndMarketingExpenses": 0,
    "sellingGeneralAndAdministrativeExpenses": 67219000,
    "otherExpenses": 1687000,
    "operatingExpenses": 85692000,
    "costAndExpenses": 198796000,
    "interestIncome": 0,
    "interestExpense": 0,
    "depreciationAndAmortization": 8640000,
    "ebitda": 79596000,
    "ebitdaratio": 0.2893631872,
    "operatingIncome": 76277000,
    "operatingIncomeRatio": 0.2772972993,
    "totalOtherIncomeExpensesNet": 235000,
    "incomeBeforeTax": -2923488000,
    "incomeBeforeTaxRatio": -10.6280441919,
    "incomeTaxExpense": 18110000,
    "netIncome": 58402000,
    "netIncomeRatio": 0.2123145492,
    "eps": -24.48,
    "epsdiluted": -23.73,
    "weightedAverageShsOut": 120180000,
    "weightedAverageShsOutDil": 123987000,
    "link": "https://www.sec.gov/Archives/edgar/data/1000697/000095013504001254/0000950135-04-001254-index.htm",
    "finalLink": "https://www.sec.gov/Archives/edgar/data/1000697/000095013504001254/b48994wce10vk.htm"
  },
  {
    "date": "2003-09-30",
    "symbol": "WAT",
    "reportedCurrency": "USD",
    "cik": "0001000697",
    "fillingDate": "2003-11-14",
    "acceptedDate": "2003-11-14 11:25:25",
    "calendarYear": "2003",
    "period": "Q3",
    "revenue": 230381000,
    "costOfRevenue": 95045000,
    "grossProfit": 135336000,
    "grossProfitRatio": 0.5874442771,
    "researchAndDevelopmentExpenses": 15106000,
    "generalAndAdministrativeExpenses": 0,
    "sellingAndMarketingExpenses": 0,
    "sellingGeneralAndAdministrativeExpenses": 66743000,
    "otherExpenses": 6204000,
    "operatingExpenses": 88053000,
    "costAndExpenses": 183098000,
    "interestIncome": 0,
    "interestExpense": 0,
    "depreciationAndAmortization": 7384000,
    "ebitda": 59692000,
    "ebitdaratio": 0.259101228,
    "operatingIncome": 47283000,
    "operatingIncomeRatio": 0.2052382792,
    "totalOtherIncomeExpensesNet": 1550000,
    "incomeBeforeTax": 48833000,
    "incomeBeforeTaxRatio": 0.2119662646,
    "incomeTaxExpense": 12419000,
    "netIncome": 36414000,
    "netIncomeRatio": 0.1580599095,
    "eps": 0.3,
    "epsdiluted": 0.29,
    "weightedAverageShsOut": 122240000,
    "weightedAverageShsOutDil": 126709000,
    "link": "https://www.sec.gov/Archives/edgar/data/1000697/000095013503005666/0000950135-03-005666-index.htm",
    "finalLink": "https://www.sec.gov/Archives/edgar/data/1000697/000095013503005666/b48421wce10vq.htm"
  },
  {
    "date": "2003-06-30",
    "symbol": "WAT",
    "reportedCurrency": "USD",
    "cik": "0001000697",
    "fillingDate": "2003-08-14",
    "acceptedDate": "2003-08-15 16:22:40",
    "calendarYear": "2003",
    "period": "Q2",
    "revenue": 231752000,
    "costOfRevenue": 95488000,
    "grossProfit": 136264000,
    "grossProfitRatio": 0.5879733508,
    "researchAndDevelopmentExpenses": 13790000,
    "generalAndAdministrativeExpenses": 0,
    "sellingAndMarketingExpenses": 0,
    "sellingGeneralAndAdministrativeExpenses": 68679000,
    "otherExpenses": 1027000,
    "operatingExpenses": 83496000,
    "costAndExpenses": 178984000,
    "interestIncome": 0,
    "interestExpense": 0,
    "depreciationAndAmortization": 8842000,
    "ebitda": 61610000,
    "ebitdaratio": 0.2658445235,
    "operatingIncome": 52768000,
    "operatingIncomeRatio": 0.2276916704,
    "totalOtherIncomeExpensesNet": 1904000,
    "incomeBeforeTax": 54672000,
    "incomeBeforeTaxRatio": 0.2359073492,
    "incomeTaxExpense": 12574000,
    "netIncome": 42098000,
    "netIncomeRatio": 0.1816510753,
    "eps": 0.34,
    "epsdiluted": 0.33,
    "weightedAverageShsOut": 123610000,
    "weightedAverageShsOutDil": 128252000,
    "link": "https://www.sec.gov/Archives/edgar/data/1000697/000119312503038624/0001193125-03-038624-index.htm",
    "finalLink": "https://www.sec.gov/Archives/edgar/data/1000697/000119312503038624/d10q.htm"
  },
  {
    "date": "2003-03-31",
    "symbol": "WAT",
    "reportedCurrency": "USD",
    "cik": "0001000697",
    "fillingDate": "2003-05-15",
    "acceptedDate": "2003-05-15 14:26:24",
    "calendarYear": "2003",
    "period": "Q1",
    "revenue": 220999000,
    "costOfRevenue": 94211000,
    "grossProfit": 126788000,
    "grossProfitRatio": 0.5737039534,
    "researchAndDevelopmentExpenses": 13560000,
    "generalAndAdministrativeExpenses": 0,
    "sellingAndMarketingExpenses": 0,
    "sellingGeneralAndAdministrativeExpenses": 61611000,
    "otherExpenses": 8773000,
    "operatingExpenses": 83944000,
    "costAndExpenses": 178155000,
    "interestIncome": 0,
    "interestExpense": 0,
    "depreciationAndAmortization": 8982000,
    "ebitda": 53040000,
    "ebitdaratio": 0.240001086,
    "operatingIncome": 42844000,
    "operatingIncomeRatio": 0.1938651306,
    "totalOtherIncomeExpensesNet": 825000,
    "incomeBeforeTax": 43669000,
    "incomeBeforeTaxRatio": 0.1975981792,
    "incomeTaxExpense": 9692000,
    "netIncome": 33977000,
    "netIncomeRatio": 0.1537427771,
    "eps": 0.27,
    "epsdiluted": 0.26,
    "weightedAverageShsOut": 126308000,
    "weightedAverageShsOutDil": 130785000,
    "link": "https://www.sec.gov/Archives/edgar/data/1000697/000092701603002739/0000927016-03-002739-index.htm",
    "finalLink": "https://www.sec.gov/Archives/edgar/data/1000697/000092701603002739/d10q.htm"
  },
  {
    "date": "2002-12-31",
    "symbol": "WAT",
    "reportedCurrency": "USD",
    "cik": "0001000697",
    "fillingDate": "2003-03-21",
    "acceptedDate": "2003-03-21 12:00:02",
    "calendarYear": "2002",
    "period": "Q4",
    "revenue": 256389000,
    "costOfRevenue": 151147000,
    "grossProfit": 105242000,
    "grossProfitRatio": 0.4104778286,
    "researchAndDevelopmentExpenses": 13424000,
    "generalAndAdministrativeExpenses": 0,
    "sellingAndMarketingExpenses": 0,
    "sellingGeneralAndAdministrativeExpenses": 20175000,
    "otherExpenses": 15852000,
    "operatingExpenses": 49451000,
    "costAndExpenses": 200598000,
    "interestIncome": 0,
    "interestExpense": 0,
    "depreciationAndAmortization": 9422000,
    "ebitda": 72617000,
    "ebitdaratio": 0.2832297797,
    "operatingIncome": 55791000,
    "operatingIncomeRatio": 0.2176029393,
    "totalOtherIncomeExpensesNet": -5655000,
    "incomeBeforeTax": 50136000,
    "incomeBeforeTaxRatio": 0.1955466108,
    "incomeTaxExpense": 9892000,
    "netIncome": 40244000,
    "netIncomeRatio": 0.1569646124,
    "eps": 0.32,
    "epsdiluted": 0.31,
    "weightedAverageShsOut": 126308000,
    "weightedAverageShsOutDil": 130785000,
    "link": "https://www.sec.gov/Archives/edgar/data/1000697/000092701603001234/0000927016-03-001234-index.htm",
    "finalLink": "https://www.sec.gov/Archives/edgar/data/1000697/000092701603001234/d10k.htm"
  },
  {
    "date": "2002-09-30",
    "symbol": "WAT",
    "reportedCurrency": "USD",
    "cik": "0001000697",
    "fillingDate": "2002-11-08",
    "acceptedDate": "2002-11-08 17:01:32",
    "calendarYear": "2002",
    "period": "Q3",
    "revenue": 216045000,
    "costOfRevenue": 74909000,
    "grossProfit": 141136000,
    "grossProfitRatio": 0.6532713092,
    "researchAndDevelopmentExpenses": 13576000,
    "generalAndAdministrativeExpenses": 0,
    "sellingAndMarketingExpenses": 0,
    "sellingGeneralAndAdministrativeExpenses": 77682000,
    "otherExpenses": 860000,
    "operatingExpenses": 92118000,
    "costAndExpenses": 167027000,
    "interestIncome": 0,
    "interestExpense": 0,
    "depreciationAndAmortization": 8781000,
    "ebitda": 57799000,
    "ebitdaratio": 0.2675322271,
    "operatingIncome": 49018000,
    "operatingIncomeRatio": 0.2268879169,
    "totalOtherIncomeExpensesNet": 1661000,
    "incomeBeforeTax": 50679000,
    "incomeBeforeTaxRatio": 0.23457613,
    "incomeTaxExpense": 11656000,
    "netIncome": 39023000,
    "netIncomeRatio": 0.180624407,
    "eps": 0.3,
    "epsdiluted": 0.29,
    "weightedAverageShsOut": 130788000,
    "weightedAverageShsOutDil": 135483000,
    "link": "https://www.sec.gov/Archives/edgar/data/1000697/000092701602005345/0000927016-02-005345-index.htm",
    "finalLink": "https://www.sec.gov/Archives/edgar/data/1000697/000092701602005345/d10q.txt"
  },
  {
    "date": "2002-06-30",
    "symbol": "WAT",
    "reportedCurrency": "USD",
    "cik": "0001000697",
    "fillingDate": "2002-08-12",
    "acceptedDate": "2002-08-12 16:54:32",
    "calendarYear": "2002",
    "period": "Q2",
    "revenue": 217192000,
    "costOfRevenue": 75980000,
    "grossProfit": 141212000,
    "grossProfitRatio": 0.650171277,
    "researchAndDevelopmentExpenses": 12643000,
    "generalAndAdministrativeExpenses": 0,
    "sellingAndMarketingExpenses": 0,
    "sellingGeneralAndAdministrativeExpenses": 80041000,
    "otherExpenses": 922000,
    "operatingExpenses": 93606000,
    "costAndExpenses": 169586000,
    "interestIncome": 0,
    "interestExpense": 0,
    "depreciationAndAmortization": 9637000,
    "ebitda": 57243000,
    "ebitdaratio": 0.2635594313,
    "operatingIncome": 47606000,
    "operatingIncomeRatio": 0.2191885521,
    "totalOtherIncomeExpensesNet": 1616000,
    "incomeBeforeTax": 49222000,
    "incomeBeforeTaxRatio": 0.2266289734,
    "incomeTaxExpense": 11321000,
    "netIncome": 37901000,
    "netIncomeRatio": 0.1745045858,
    "eps": 0.29,
    "epsdiluted": 0.28,
    "weightedAverageShsOut": 131510000,
    "weightedAverageShsOutDil": 136778000,
    "link": "https://www.sec.gov/Archives/edgar/data/1000697/000092701602003976/0000927016-02-003976-index.htm",
    "finalLink": "https://www.sec.gov/Archives/edgar/data/1000697/000092701602003976/d10q.txt"
  },
  {
    "date": "2002-03-31",
    "symbol": "WAT",
    "reportedCurrency": "USD",
    "cik": "0001000697",
    "fillingDate": "2002-04-26",
    "acceptedDate": "2002-04-26 00:00:00",
    "calendarYear": "2002",
    "period": "Q1",
    "revenue": 200341000,
    "costOfRevenue": 84634000,
    "grossProfit": 115707000,
    "grossProfitRatio": 0.5775502768,
    "researchAndDevelopmentExpenses": 12280000,
    "generalAndAdministrativeExpenses": 0,
    "sellingAndMarketingExpenses": 0,
    "sellingGeneralAndAdministrativeExpenses": 55716000,
    "otherExpenses": 3715000,
    "operatingExpenses": 71711000,
    "costAndExpenses": 156345000,
    "interestIncome": 0,
    "interestExpense": 0,
    "depreciationAndAmortization": 9354000,
    "ebitda": 53350000,
    "ebitdaratio": 0.2662959654,
    "operatingIncome": 43996000,
    "operatingIncomeRatio": 0.2196055725,
    "totalOtherIncomeExpensesNet": 1378000,
    "incomeBeforeTax": 45621000,
    "incomeBeforeTaxRatio": 0.227716743,
    "incomeTaxExpense": 10381000,
    "netIncome": 35240000,
    "netIncomeRatio": 0.1759000903,
    "eps": 0.24,
    "epsdiluted": 0.23,
    "weightedAverageShsOut": 131029000,
    "weightedAverageShsOutDil": 137188000,
    "link": "https://www.sec.gov/Archives/edgar/data/1000697/000092701602002302/0000927016-02-002302-index.htm",
    "finalLink": "https://www.sec.gov/Archives/edgar/data/1000697/000092701602002302/d10q.txt"
  },
  {
    "date": "2001-12-31",
    "symbol": "WAT",
    "reportedCurrency": "USD",
    "cik": "0001000697",
    "fillingDate": "2002-03-28",
    "acceptedDate": "2002-03-28 00:00:00",
    "calendarYear": "2001",
    "period": "Q4",
    "revenue": 248679000,
    "costOfRevenue": 89269000,
    "grossProfit": 159410000,
    "grossProfitRatio": 0.6410271877,
    "researchAndDevelopmentExpenses": 12029000,
    "generalAndAdministrativeExpenses": 0,
    "sellingAndMarketingExpenses": 0,
    "sellingGeneralAndAdministrativeExpenses": 69717000,
    "otherExpenses": 76867000,
    "operatingExpenses": 158613000,
    "costAndExpenses": 247882000,
    "interestIncome": 0,
    "interestExpense": 0,
    "depreciationAndAmortization": 9541000,
    "ebitda": 10338000,
    "ebitdaratio": 0.0415716647,
    "operatingIncome": 797000,
    "operatingIncomeRatio": 0.0032049349,
    "totalOtherIncomeExpensesNet": -5949000,
    "incomeBeforeTax": -5152000,
    "incomeBeforeTaxRatio": -0.0207174711,
    "incomeTaxExpense": -3736000,
    "netIncome": -1416000,
    "netIncomeRatio": -0.0056940876,
    "eps": -0.0108,
    "epsdiluted": -0.0103,
    "weightedAverageShsOut": 131029000,
    "weightedAverageShsOutDil": 137188000,
    "link": "https://www.sec.gov/Archives/edgar/data/1000697/000092701602001727/0000927016-02-001727-index.htm",
    "finalLink": "https://www.sec.gov/Archives/edgar/data/1000697/000092701602001727/d10k405.txt"
  },
  {
    "date": "2001-09-30",
    "symbol": "WAT",
    "reportedCurrency": "USD",
    "cik": "0001000697",
    "fillingDate": "2001-11-09",
    "acceptedDate": "2001-11-09 00:00:00",
    "calendarYear": "2001",
    "period": "Q3",
    "revenue": 202694000,
    "costOfRevenue": 73120000,
    "grossProfit": 129574000,
    "grossProfitRatio": 0.6392591789,
    "researchAndDevelopmentExpenses": 11794000,
    "generalAndAdministrativeExpenses": 0,
    "sellingAndMarketingExpenses": 0,
    "sellingGeneralAndAdministrativeExpenses": 66913000,
    "otherExpenses": 1755000,
    "operatingExpenses": 80462000,
    "costAndExpenses": 153582000,
    "interestIncome": 0,
    "interestExpense": 0,
    "depreciationAndAmortization": 8643000,
    "ebitda": 57755000,
    "ebitdaratio": 0.2849369,
    "operatingIncome": 49112000,
    "operatingIncomeRatio": 0.2422962693,
    "totalOtherIncomeExpensesNet": 1211000,
    "incomeBeforeTax": 50323000,
    "incomeBeforeTaxRatio": 0.2482707924,
    "incomeTaxExpense": 12077000,
    "netIncome": 38246000,
    "netIncomeRatio": 0.1886883677,
    "eps": 0.29,
    "epsdiluted": 0.28,
    "weightedAverageShsOut": 130752000,
    "weightedAverageShsOutDil": 136704000,
    "link": "https://www.sec.gov/Archives/edgar/data/1000697/000092701601503596/0000927016-01-503596-index.htm",
    "finalLink": "https://www.sec.gov/Archives/edgar/data/1000697/000092701601503596/d10q.txt"
  },
  {
    "date": "2001-06-30",
    "symbol": "WAT",
    "reportedCurrency": "USD",
    "cik": "0001000697",
    "fillingDate": "2001-08-13",
    "acceptedDate": "2001-08-13 00:00:00",
    "calendarYear": "2001",
    "period": "Q2",
    "revenue": 206803000,
    "costOfRevenue": 75545000,
    "grossProfit": 131258000,
    "grossProfitRatio": 0.6347006571,
    "researchAndDevelopmentExpenses": 11741000,
    "generalAndAdministrativeExpenses": 0,
    "sellingAndMarketingExpenses": 0,
    "sellingGeneralAndAdministrativeExpenses": 67169000,
    "otherExpenses": 1771000,
    "operatingExpenses": 80681000,
    "costAndExpenses": 156226000,
    "interestIncome": 0,
    "interestExpense": 0,
    "depreciationAndAmortization": 7702000,
    "ebitda": 58279000,
    "ebitdaratio": 0.2818092581,
    "operatingIncome": 50577000,
    "operatingIncomeRatio": 0.2445660846,
    "totalOtherIncomeExpensesNet": 1151000,
    "incomeBeforeTax": 51728000,
    "incomeBeforeTaxRatio": 0.2501317679,
    "incomeTaxExpense": 12415000,
    "netIncome": 39313000,
    "netIncomeRatio": 0.1900987897,
    "eps": 0.3,
    "epsdiluted": 0.29,
    "weightedAverageShsOut": 130564000,
    "weightedAverageShsOutDil": 137564000,
    "link": "https://www.sec.gov/Archives/edgar/data/1000697/000092701601502395/0000927016-01-502395-index.htm",
    "finalLink": "https://www.sec.gov/Archives/edgar/data/1000697/000092701601502395/d10q.txt"
  },
  {
    "date": "2001-03-31",
    "symbol": "WAT",
    "reportedCurrency": "USD",
    "cik": "0001000697",
    "fillingDate": "2001-05-14",
    "acceptedDate": "2001-05-14 00:00:00",
    "calendarYear": "2001",
    "period": "Q1",
    "revenue": 202518000,
    "costOfRevenue": 73298000,
    "grossProfit": 127734000,
    "grossProfitRatio": 0.6307291204,
    "researchAndDevelopmentExpenses": 11038000,
    "generalAndAdministrativeExpenses": 0,
    "sellingAndMarketingExpenses": 0,
    "sellingGeneralAndAdministrativeExpenses": 65907000,
    "otherExpenses": 1748000,
    "operatingExpenses": 78693000,
    "costAndExpenses": 151991000,
    "interestIncome": 0,
    "interestExpense": 0,
    "depreciationAndAmortization": 8065000,
    "ebitda": 57106000,
    "ebitdaratio": 0.2819798734,
    "operatingIncome": 49041000,
    "operatingIncomeRatio": 0.2421562528,
    "totalOtherIncomeExpensesNet": 9357000,
    "incomeBeforeTax": 50527000,
    "incomeBeforeTaxRatio": 0.2494938721,
    "incomeTaxExpense": 12127000,
    "netIncome": 38400000,
    "netIncomeRatio": 0.1896127752,
    "eps": 0.3,
    "epsdiluted": 0.28,
    "weightedAverageShsOut": 130166000,
    "weightedAverageShsOutDil": 137933000,
    "link": "https://www.sec.gov/Archives/edgar/data/1000697/000092701601501015/0000927016-01-501015-index.htm",
    "finalLink": "https://www.sec.gov/Archives/edgar/data/1000697/000092701601501015/d10q.txt"
  },
  {
    "date": "2000-12-31",
    "symbol": "WAT",
    "reportedCurrency": "USD",
    "cik": "0001000697",
    "fillingDate": "2001-03-27",
    "acceptedDate": "2001-03-27 00:00:00",
    "calendarYear": "2000",
    "period": "Q4",
    "revenue": 225081000,
    "costOfRevenue": 74575000,
    "grossProfit": 150506000,
    "grossProfitRatio": 0.6686748326,
    "researchAndDevelopmentExpenses": 11200000,
    "generalAndAdministrativeExpenses": 0,
    "sellingAndMarketingExpenses": 0,
    "sellingGeneralAndAdministrativeExpenses": 65223000,
    "otherExpenses": 6971000,
    "operatingExpenses": 83394000,
    "costAndExpenses": 157969000,
    "interestIncome": 0,
    "interestExpense": 0,
    "depreciationAndAmortization": 6971000,
    "ebitda": 74083000,
    "ebitdaratio": 0.3291392876,
    "operatingIncome": 67112000,
    "operatingIncomeRatio": 0.298168215,
    "totalOtherIncomeExpensesNet": 857000,
    "incomeBeforeTax": 67969000,
    "incomeBeforeTaxRatio": 0.3019757332,
    "incomeTaxExpense": 17672000,
    "netIncome": 39526000,
    "netIncomeRatio": 0.1756078923,
    "eps": 0.3,
    "epsdiluted": 0.29,
    "weightedAverageShsOut": 130166000,
    "weightedAverageShsOutDil": 137933000,
    "link": "https://www.sec.gov/Archives/edgar/data/1000697/000092701601001505/0000927016-01-001505-index.htm",
    "finalLink": "https://www.sec.gov/Archives/edgar/data/1000697/000092701601001505/0000927016-01-001505-0001.txt"
  },
  {
    "date": "2000-09-30",
    "symbol": "WAT",
    "reportedCurrency": "USD",
    "cik": "0001000697",
    "fillingDate": "2000-11-14",
    "acceptedDate": "2000-11-14 00:00:00",
    "calendarYear": "2000",
    "period": "Q3",
    "revenue": 194073000,
    "costOfRevenue": 70293000,
    "grossProfit": 121660000,
    "grossProfitRatio": 0.6268775152,
    "researchAndDevelopmentExpenses": 10394000,
    "generalAndAdministrativeExpenses": 0,
    "sellingAndMarketingExpenses": 0,
    "sellingGeneralAndAdministrativeExpenses": 59712000,
    "otherExpenses": 1755000,
    "operatingExpenses": 71861000,
    "costAndExpenses": 142154000,
    "interestIncome": 0,
    "interestExpense": 0,
    "depreciationAndAmortization": 8155000,
    "ebitda": 57954000,
    "ebitdaratio": 0.2986195916,
    "operatingIncome": 49799000,
    "operatingIncomeRatio": 0.2565993209,
    "totalOtherIncomeExpensesNet": 322000,
    "incomeBeforeTax": 51677000,
    "incomeBeforeTaxRatio": 0.266276092,
    "incomeTaxExpense": 13435000,
    "netIncome": 38242000,
    "netIncomeRatio": 0.1970495638,
    "eps": 0.29,
    "epsdiluted": 0.27,
    "weightedAverageShsOut": 128485000,
    "weightedAverageShsOutDil": 137430000,
    "link": "https://www.sec.gov/Archives/edgar/data/1000697/000091205700049971/0000912057-00-049971-index.htm",
    "finalLink": "https://www.sec.gov/Archives/edgar/data/1000697/000091205700049971/a2030089z10-q.txt"
  },
  {
    "date": "2000-06-30",
    "symbol": "WAT",
    "reportedCurrency": "USD",
    "cik": "0001000697",
    "fillingDate": "2000-08-08",
    "acceptedDate": "2000-08-08 00:00:00",
    "calendarYear": "2000",
    "period": "Q2",
    "revenue": 195276000,
    "costOfRevenue": 71777000,
    "grossProfit": 125631000,
    "grossProfitRatio": 0.6433509494,
    "researchAndDevelopmentExpenses": 10557000,
    "generalAndAdministrativeExpenses": 0,
    "sellingAndMarketingExpenses": 0,
    "sellingGeneralAndAdministrativeExpenses": 61060000,
    "otherExpenses": 1760000,
    "operatingExpenses": 73377000,
    "costAndExpenses": 145154000,
    "interestIncome": 0,
    "interestExpense": 0,
    "depreciationAndAmortization": 6595000,
    "ebitda": 58849000,
    "ebitdaratio": 0.3013631988,
    "operatingIncome": 52254000,
    "operatingIncomeRatio": 0.2675904873,
    "totalOtherIncomeExpensesNet": -343000,
    "incomeBeforeTax": 50357000,
    "incomeBeforeTaxRatio": 0.2578760319,
    "incomeTaxExpense": 13102000,
    "netIncome": 37255000,
    "netIncomeRatio": 0.1907812532,
    "eps": 0.3,
    "epsdiluted": 0.28,
    "weightedAverageShsOut": 126914000,
    "weightedAverageShsOutDil": 136222000,
    "link": "https://www.sec.gov/Archives/edgar/data/1000697/000091205700035253/0000912057-00-035253-index.htm",
    "finalLink": "https://www.sec.gov/Archives/edgar/data/1000697/000091205700035253/a10-q.txt"
  },
  {
    "date": "2000-03-31",
    "symbol": "WAT",
    "reportedCurrency": "USD",
    "cik": "0001000697",
    "fillingDate": "2000-05-15",
    "acceptedDate": "2000-05-15 00:00:00",
    "calendarYear": "2000",
    "period": "Q1",
    "revenue": 180641000,
    "costOfRevenue": 60508000,
    "grossProfit": 120133000,
    "grossProfitRatio": 0.6650372839,
    "researchAndDevelopmentExpenses": 10362000,
    "generalAndAdministrativeExpenses": 0,
    "sellingAndMarketingExpenses": 0,
    "sellingGeneralAndAdministrativeExpenses": 60395000,
    "otherExpenses": 7716000,
    "operatingExpenses": 78473000,
    "costAndExpenses": 138981000,
    "interestIncome": 0,
    "interestExpense": 0,
    "depreciationAndAmortization": 7716000,
    "ebitda": 49376000,
    "ebitdaratio": 0.2733377251,
    "operatingIncome": 41660000,
    "operatingIncomeRatio": 0.2306231697,
    "totalOtherIncomeExpensesNet": -701000,
    "incomeBeforeTax": 40959000,
    "incomeBeforeTaxRatio": 0.2267425446,
    "incomeTaxExpense": 10640000,
    "netIncome": 30319000,
    "netIncomeRatio": 0.1678411878,
    "eps": 0.24,
    "epsdiluted": 0.23,
    "weightedAverageShsOut": 125602000,
    "weightedAverageShsOutDil": 135184000,
    "link": "https://www.sec.gov/Archives/edgar/data/1000697/000091205700024357/0000912057-00-024357-index.html",
    "finalLink": "https://www.sec.gov/Archives/edgar/data/1000697/000091205700024357/"
  },
  {
    "date": "1999-12-31",
    "symbol": "WAT",
    "reportedCurrency": "USD",
    "cik": "0001000697",
    "fillingDate": "2000-03-30",
    "acceptedDate": "2000-03-30 00:00:00",
    "calendarYear": "1999",
    "period": "Q4",
    "revenue": 200700000,
    "costOfRevenue": 63500000,
    "grossProfit": 137200000,
    "grossProfitRatio": 0.6836073742,
    "researchAndDevelopmentExpenses": 9800000,
    "generalAndAdministrativeExpenses": 0,
    "sellingAndMarketingExpenses": 0,
    "sellingGeneralAndAdministrativeExpenses": 59500000,
    "otherExpenses": 9400000,
    "operatingExpenses": 78700000,
    "costAndExpenses": 142200000,
    "interestIncome": 0,
    "interestExpense": 0,
    "depreciationAndAmortization": 9400000,
    "ebitda": 67900000,
    "ebitdaratio": 0.3383158944,
    "operatingIncome": 58500000,
    "operatingIncomeRatio": 0.2914798206,
    "totalOtherIncomeExpensesNet": -1800000,
    "incomeBeforeTax": 56700000,
    "incomeBeforeTaxRatio": 0.2825112108,
    "incomeTaxExpense": 15300000,
    "netIncome": 41400000,
    "netIncomeRatio": 0.2062780269,
    "eps": 0.33,
    "epsdiluted": 0.31,
    "weightedAverageShsOut": 125602000,
    "weightedAverageShsOutDil": 135184000,
    "link": "https://www.sec.gov/Archives/edgar/data/1000697/000091205700014883/0000912057-00-014883-index.html",
    "finalLink": "https://www.sec.gov/Archives/edgar/data/1000697/000091205700014883/"
  },
  {
    "date": "1999-09-30",
    "symbol": "WAT",
    "reportedCurrency": "USD",
    "cik": "0001000697",
    "fillingDate": "1999-11-08",
    "acceptedDate": "1999-11-08 00:00:00",
    "calendarYear": "1999",
    "period": "Q3",
    "revenue": 171100000,
    "costOfRevenue": 57000000,
    "grossProfit": 114090000,
    "grossProfitRatio": 0.6668030392,
    "researchAndDevelopmentExpenses": 8600000,
    "generalAndAdministrativeExpenses": 0,
    "sellingAndMarketingExpenses": 0,
    "sellingGeneralAndAdministrativeExpenses": 57100000,
    "otherExpenses": 6900000,
    "operatingExpenses": 72600000,
    "costAndExpenses": 129600000,
    "interestIncome": 0,
    "interestExpense": 0,
    "depreciationAndAmortization": 6900000,
    "ebitda": 48390000,
    "ebitdaratio": 0.282817066,
    "operatingIncome": 41490000,
    "operatingIncomeRatio": 0.2424897721,
    "totalOtherIncomeExpensesNet": -1790000,
    "incomeBeforeTax": 39700000,
    "incomeBeforeTaxRatio": 0.2320280538,
    "incomeTaxExpense": 10700000,
    "netIncome": 29000000,
    "netIncomeRatio": 0.1694915254,
    "eps": 0.23,
    "epsdiluted": 0.22,
    "weightedAverageShsOut": 125217391,
    "weightedAverageShsOutDil": 130909091,
    "link": "https://www.sec.gov/Archives/edgar/data/1000697/000091205799003887/0000912057-99-003887-index.html",
    "finalLink": "https://www.sec.gov/Archives/edgar/data/1000697/000091205799003887/"
  },
  {
    "date": "1999-06-30",
    "symbol": "WAT",
    "reportedCurrency": "USD",
    "cik": "0001000697",
    "fillingDate": "1999-08-11",
    "acceptedDate": "1999-08-11 00:00:00",
    "calendarYear": "1999",
    "period": "Q2",
    "revenue": 172300000,
    "costOfRevenue": 59400000,
    "grossProfit": 112880000,
    "grossProfitRatio": 0.65513639,
    "researchAndDevelopmentExpenses": 9000000,
    "generalAndAdministrativeExpenses": 0,
    "sellingAndMarketingExpenses": 0,
    "sellingGeneralAndAdministrativeExpenses": 55500000,
    "otherExpenses": 6300000,
    "operatingExpenses": 70800000,
    "costAndExpenses": 130200000,
    "interestIncome": 0,
    "interestExpense": 0,
    "depreciationAndAmortization": 6300000,
    "ebitda": 48380000,
    "ebitdaratio": 0.280789321,
    "operatingIncome": 42080000,
    "operatingIncomeRatio": 0.2442251886,
    "totalOtherIncomeExpensesNet": -2480000,
    "incomeBeforeTax": 39600000,
    "incomeBeforeTaxRatio": 0.2298316889,
    "incomeTaxExpense": 10700000,
    "netIncome": 28900000,
    "netIncomeRatio": 0.1677307023,
    "eps": 0.24,
    "epsdiluted": 0.22,
    "weightedAverageShsOut": 119583333,
    "weightedAverageShsOutDil": 130454545,
    "link": "https://www.sec.gov/Archives/edgar/data/1000697/000104746999030964/0001047469-99-030964-index.html",
    "finalLink": "https://www.sec.gov/Archives/edgar/data/1000697/000104746999030964/"
  },
  {
    "date": "1999-03-31",
    "symbol": "WAT",
    "reportedCurrency": "USD",
    "cik": "0001000697",
    "fillingDate": "1999-05-11",
    "acceptedDate": "1999-05-11 00:00:00",
    "calendarYear": "1999",
    "period": "Q1",
    "revenue": 160400000,
    "costOfRevenue": 55600000,
    "grossProfit": 104762000,
    "grossProfitRatio": 0.6531296758,
    "researchAndDevelopmentExpenses": 8700000,
    "generalAndAdministrativeExpenses": 0,
    "sellingAndMarketingExpenses": 0,
    "sellingGeneralAndAdministrativeExpenses": 54500000,
    "otherExpenses": 7000000,
    "operatingExpenses": 70200000,
    "costAndExpenses": 125800000,
    "interestIncome": 0,
    "interestExpense": 0,
    "depreciationAndAmortization": 7000000,
    "ebitda": 41562000,
    "ebitdaratio": 0.2591147132,
    "operatingIncome": 34562000,
    "operatingIncomeRatio": 0.2154738155,
    "totalOtherIncomeExpensesNet": -3062000,
    "incomeBeforeTax": 31500000,
    "incomeBeforeTaxRatio": 0.1963840399,
    "incomeTaxExpense": 8500000,
    "netIncome": 23000000,
    "netIncomeRatio": 0.1433915212,
    "eps": 0.19,
    "epsdiluted": 0.18,
    "weightedAverageShsOut": 120000000,
    "weightedAverageShsOutDil": 126666667,
    "link": "https://www.sec.gov/Archives/edgar/data/1000697/000104746999019302/0001047469-99-019302-index.html",
    "finalLink": "https://www.sec.gov/Archives/edgar/data/1000697/"
  },
  {
    "date": "1998-12-31",
    "symbol": "WAT",
    "reportedCurrency": "USD",
    "cik": "0001000697",
    "fillingDate": "1999-03-31",
    "acceptedDate": "1999-03-31 00:00:00",
    "calendarYear": "1998",
    "period": "Q4",
    "revenue": 179000000,
    "costOfRevenue": 61900000,
    "grossProfit": 117100000,
    "grossProfitRatio": 0.6541899441,
    "researchAndDevelopmentExpenses": 9300000,
    "generalAndAdministrativeExpenses": 0,
    "sellingAndMarketingExpenses": 0,
    "sellingGeneralAndAdministrativeExpenses": 55000000,
    "otherExpenses": 7300000,
    "operatingExpenses": 71600000,
    "costAndExpenses": 133500000,
    "interestIncome": 0,
    "interestExpense": 0,
    "depreciationAndAmortization": 7300000,
    "ebitda": 52800000,
    "ebitdaratio": 0.294972067,
    "operatingIncome": 45500000,
    "operatingIncomeRatio": 0.2541899441,
    "totalOtherIncomeExpensesNet": -4000000,
    "incomeBeforeTax": 41500000,
    "incomeBeforeTaxRatio": 0.2318435754,
    "incomeTaxExpense": 9400000,
    "netIncome": 32100000,
    "netIncomeRatio": 0.1793296089,
    "eps": 0.27,
    "epsdiluted": 0.25,
    "weightedAverageShsOut": 120000000,
    "weightedAverageShsOutDil": 126666667,
    "link": "https://www.sec.gov/Archives/edgar/data/1000697/000104746999012709/0001047469-99-012709-index.html",
    "finalLink": "https://www.sec.gov/Archives/edgar/data/1000697/"
  },
  {
    "date": "1998-09-30",
    "symbol": "WAT",
    "reportedCurrency": "USD",
    "cik": "0001000697",
    "fillingDate": "1998-11-10",
    "acceptedDate": "1998-11-10 00:00:00",
    "calendarYear": "1998",
    "period": "Q3",
    "revenue": 151800000,
    "costOfRevenue": 52900000,
    "grossProfit": 98900000,
    "grossProfitRatio": 0.6515151515,
    "researchAndDevelopmentExpenses": 8500000,
    "generalAndAdministrativeExpenses": 0,
    "sellingAndMarketingExpenses": 0,
    "sellingGeneralAndAdministrativeExpenses": 49300000,
    "otherExpenses": 7400000,
    "operatingExpenses": 65200000,
    "costAndExpenses": 118100000,
    "interestIncome": 0,
    "interestExpense": 0,
    "depreciationAndAmortization": 7400000,
    "ebitda": 41100000,
    "ebitdaratio": 0.2707509881,
    "operatingIncome": 33700000,
    "operatingIncomeRatio": 0.222002635,
    "totalOtherIncomeExpensesNet": -4400000,
    "incomeBeforeTax": 29300000,
    "incomeBeforeTaxRatio": 0.1930171278,
    "incomeTaxExpense": 7300000,
    "netIncome": 22000000,
    "netIncomeRatio": 0.1449275362,
    "eps": 0.18,
    "epsdiluted": 0.17,
    "weightedAverageShsOut": 121111111,
    "weightedAverageShsOutDil": 128235294,
    "link": "https://www.sec.gov/Archives/edgar/data/1000697/000100069798000014/0001000697-98-000014-index.html",
    "finalLink": "https://www.sec.gov/Archives/edgar/data/1000697/"
  },
  {
    "date": "1998-06-30",
    "symbol": "WAT",
    "reportedCurrency": "USD",
    "cik": "0001000697",
    "fillingDate": "1998-08-11",
    "acceptedDate": "1998-08-11 00:00:00",
    "calendarYear": "1998",
    "period": "Q2",
    "revenue": 149300000,
    "costOfRevenue": 50900000,
    "grossProfit": 98400000,
    "grossProfitRatio": 0.6590756865,
    "researchAndDevelopmentExpenses": 8200000,
    "generalAndAdministrativeExpenses": 0,
    "sellingAndMarketingExpenses": 0,
    "sellingGeneralAndAdministrativeExpenses": 52000000,
    "otherExpenses": 7100000,
    "operatingExpenses": 67300000,
    "costAndExpenses": 118200000,
    "interestIncome": 0,
    "interestExpense": 0,
    "depreciationAndAmortization": 7100000,
    "ebitda": 38200000,
    "ebitdaratio": 0.2558606832,
    "operatingIncome": 31100000,
    "operatingIncomeRatio": 0.2083054253,
    "totalOtherIncomeExpensesNet": -5000000,
    "incomeBeforeTax": 26100000,
    "incomeBeforeTaxRatio": 0.1748158071,
    "incomeTaxExpense": 6000000,
    "netIncome": 20100000,
    "netIncomeRatio": 0.1346282652,
    "eps": 0.17,
    "epsdiluted": 0.15,
    "weightedAverageShsOut": 117058824,
    "weightedAverageShsOutDil": 132666667,
    "link": "https://www.sec.gov/Archives/edgar/data/1000697/000100069798000008/0001000697-98-000008-index.html",
    "finalLink": "https://www.sec.gov/Archives/edgar/data/1000697/"
  },
  {
    "date": "1998-03-31",
    "symbol": "WAT",
    "reportedCurrency": "USD",
    "cik": "0001000697",
    "fillingDate": "1998-05-13",
    "acceptedDate": "1998-05-13 00:00:00",
    "calendarYear": "1998",
    "period": "Q1",
    "revenue": 138700000,
    "costOfRevenue": 47600000,
    "grossProfit": 91100000,
    "grossProfitRatio": 0.656813266,
    "researchAndDevelopmentExpenses": 8400000,
    "generalAndAdministrativeExpenses": 0,
    "sellingAndMarketingExpenses": 0,
    "sellingGeneralAndAdministrativeExpenses": 50000000,
    "otherExpenses": 6600000,
    "operatingExpenses": 65000000,
    "costAndExpenses": 112600000,
    "interestIncome": 0,
    "interestExpense": 0,
    "depreciationAndAmortization": 6600000,
    "ebitda": 32700000,
    "ebitdaratio": 0.2357606345,
    "operatingIncome": 26100000,
    "operatingIncomeRatio": 0.1881759193,
    "totalOtherIncomeExpensesNet": -21500000,
    "incomeBeforeTax": 4600000,
    "incomeBeforeTaxRatio": 0.0331651045,
    "incomeTaxExpense": 4400000,
    "netIncome": 200000,
    "netIncomeRatio": 0.0014419611,
    "eps": 0.0017,
    "epsdiluted": 0.0017,
    "weightedAverageShsOut": 119180000,
    "weightedAverageShsOutDil": 119180000,
    "link": "https://www.sec.gov/Archives/edgar/data/1000697/000100069798000006/0001000697-98-000006-index.html",
    "finalLink": "https://www.sec.gov/Archives/edgar/data/1000697/"
  },
  {
    "date": "1997-12-31",
    "symbol": "WAT",
    "reportedCurrency": "USD",
    "cik": "0001000697",
    "fillingDate": "1998-03-31",
    "acceptedDate": "1998-03-31 00:00:00",
    "calendarYear": "1997",
    "period": "Q4",
    "revenue": 151800000,
    "costOfRevenue": 53900000,
    "grossProfit": 97900000,
    "grossProfitRatio": 0.6449275362,
    "researchAndDevelopmentExpenses": 7900000,
    "generalAndAdministrativeExpenses": 0,
    "sellingAndMarketingExpenses": 0,
    "sellingGeneralAndAdministrativeExpenses": 50300000,
    "otherExpenses": 6600000,
    "operatingExpenses": 64800000,
    "costAndExpenses": 118700000,
    "interestIncome": 0,
    "interestExpense": 0,
    "depreciationAndAmortization": 6600000,
    "ebitda": 39700000,
    "ebitdaratio": 0.2615283267,
    "operatingIncome": 33100000,
    "operatingIncomeRatio": 0.2180500659,
    "totalOtherIncomeExpensesNet": -21900000,
    "incomeBeforeTax": 11200000,
    "incomeBeforeTaxRatio": 0.0737812912,
    "incomeTaxExpense": 5500000,
    "netIncome": 5700000,
    "netIncomeRatio": 0.0375494071,
    "eps": 0.048,
    "epsdiluted": 0.048,
    "weightedAverageShsOut": 119180000,
    "weightedAverageShsOutDil": 119180000,
    "link": "https://www.sec.gov/Archives/edgar/data/1000697/000095013098001649/0000950130-98-001649-index.html",
    "finalLink": "https://www.sec.gov/Archives/edgar/data/1000697/"
  },
  {
    "date": "1997-09-30",
    "symbol": "WAT",
    "reportedCurrency": "USD",
    "cik": "0001000697",
    "fillingDate": "1997-11-14",
    "acceptedDate": "1997-11-14 00:00:00",
    "calendarYear": "1997",
    "period": "Q3",
    "revenue": 105000000,
    "costOfRevenue": 35000000,
    "grossProfit": 70000000,
    "grossProfitRatio": 0.6666666667,
    "researchAndDevelopmentExpenses": 61300000,
    "generalAndAdministrativeExpenses": 0,
    "sellingAndMarketingExpenses": 0,
    "sellingGeneralAndAdministrativeExpenses": 39000000,
    "otherExpenses": 5000000,
    "operatingExpenses": 105300000,
    "costAndExpenses": 140300000,
    "interestIncome": 0,
    "interestExpense": 0,
    "depreciationAndAmortization": 5000000,
    "ebitda": -30300000,
    "ebitdaratio": -0.2885714286,
    "operatingIncome": -35300000,
    "operatingIncomeRatio": -0.3361904762,
    "totalOtherIncomeExpensesNet": -2300000,
    "incomeBeforeTax": -37600000,
    "incomeBeforeTaxRatio": -0.3580952381,
    "incomeTaxExpense": 3500000,
    "netIncome": -41100000,
    "netIncomeRatio": -0.3914285714,
    "eps": -0.36,
    "epsdiluted": -0.36,
    "weightedAverageShsOut": 114722222,
    "weightedAverageShsOutDil": 114722222,
    "link": "https://www.sec.gov/Archives/edgar/data/1000697/000100069797000006/0001000697-97-000006-index.html",
    "finalLink": "https://www.sec.gov/Archives/edgar/data/1000697/"
  },
  {
    "date": "1997-06-30",
    "symbol": "WAT",
    "reportedCurrency": "USD",
    "cik": "0001000697",
    "fillingDate": "1997-08-14",
    "acceptedDate": "1997-08-14 00:00:00",
    "calendarYear": "1997",
    "period": "Q2",
    "revenue": 106200000,
    "costOfRevenue": 35300000,
    "grossProfit": 70900000,
    "grossProfitRatio": 0.6676082863,
    "researchAndDevelopmentExpenses": 5800000,
    "generalAndAdministrativeExpenses": 0,
    "sellingAndMarketingExpenses": 0,
    "sellingGeneralAndAdministrativeExpenses": 38900000,
    "otherExpenses": 4800000,
    "operatingExpenses": 49500000,
    "costAndExpenses": 84800000,
    "interestIncome": 0,
    "interestExpense": 0,
    "depreciationAndAmortization": 4800000,
    "ebitda": 26200000,
    "ebitdaratio": 0.2467043315,
    "operatingIncome": 21400000,
    "operatingIncomeRatio": 0.2015065913,
    "totalOtherIncomeExpensesNet": -2900000,
    "incomeBeforeTax": 18500000,
    "incomeBeforeTaxRatio": 0.1741996234,
    "incomeTaxExpense": 3700000,
    "netIncome": 14800000,
    "netIncomeRatio": 0.1393596987,
    "eps": 0.13,
    "epsdiluted": 0.12,
    "weightedAverageShsOut": 112307692,
    "weightedAverageShsOutDil": 121666667,
    "link": "https://www.sec.gov/Archives/edgar/data/1000697/000100069797000004/0001000697-97-000004-index.html",
    "finalLink": "https://www.sec.gov/Archives/edgar/data/1000697/"
  },
  {
    "date": "1997-03-31",
    "symbol": "WAT",
    "reportedCurrency": "USD",
    "cik": "0001000697",
    "fillingDate": "1997-05-07",
    "acceptedDate": "1997-05-07 00:00:00",
    "calendarYear": "1997",
    "period": "Q1",
    "revenue": 102400000,
    "costOfRevenue": 34400000,
    "grossProfit": 68000000,
    "grossProfitRatio": 0.6640625,
    "researchAndDevelopmentExpenses": 5800000,
    "generalAndAdministrativeExpenses": 0,
    "sellingAndMarketingExpenses": 0,
    "sellingGeneralAndAdministrativeExpenses": 39100000,
    "otherExpenses": 4700000,
    "operatingExpenses": 49600000,
    "costAndExpenses": 84000000,
    "interestIncome": 0,
    "interestExpense": 0,
    "depreciationAndAmortization": 4700000,
    "ebitda": 23100000,
    "ebitdaratio": 0.2255859375,
    "operatingIncome": 18400000,
    "operatingIncomeRatio": 0.1796875,
    "totalOtherIncomeExpensesNet": -3000000,
    "incomeBeforeTax": 15400000,
    "incomeBeforeTaxRatio": 0.150390625,
    "incomeTaxExpense": 3100000,
    "netIncome": 12300000,
    "netIncomeRatio": 0.1201171875,
    "eps": 0.11,
    "epsdiluted": 0.1,
    "weightedAverageShsOut": 110000000,
    "weightedAverageShsOutDil": 121000000,
    "link": "https://www.sec.gov/Archives/edgar/data/1000697/000100069797000002/0001000697-97-000002-index.html",
    "finalLink": "https://www.sec.gov/Archives/edgar/data/1000697/"
  },
  {
    "date": "1996-12-31",
    "symbol": "WAT",
    "reportedCurrency": "USD",
    "cik": "0001000697",
    "fillingDate": "1997-03-31",
    "acceptedDate": "1997-03-31 00:00:00",
    "calendarYear": "1996",
    "period": "Q4",
    "revenue": 111400000,
    "costOfRevenue": 42600000,
    "grossProfit": 68800000,
    "grossProfitRatio": 0.6175942549,
    "researchAndDevelopmentExpenses": 5600000,
    "generalAndAdministrativeExpenses": 0,
    "sellingAndMarketingExpenses": 0,
    "sellingGeneralAndAdministrativeExpenses": 40700000,
    "otherExpenses": 4900000,
    "operatingExpenses": 51200000,
    "costAndExpenses": 93800000,
    "interestIncome": 0,
    "interestExpense": 0,
    "depreciationAndAmortization": 4900000,
    "ebitda": 22500000,
    "ebitdaratio": 0.2019748654,
    "operatingIncome": 17600000,
    "operatingIncomeRatio": 0.157989228,
    "totalOtherIncomeExpensesNet": 1300000,
    "incomeBeforeTax": 18900000,
    "incomeBeforeTaxRatio": 0.1696588869,
    "incomeTaxExpense": 3700000,
    "netIncome": 15200000,
    "netIncomeRatio": 0.1364452424,
    "eps": 0.14,
    "epsdiluted": 0.13,
    "weightedAverageShsOut": 110000000,
    "weightedAverageShsOutDil": 121000000,
    "link": "https://www.sec.gov/Archives/edgar/data/1000697/000095013097001436/0000950130-97-001436-index.html",
    "finalLink": "https://www.sec.gov/Archives/edgar/data/1000697/"
  },
  {
    "date": "1996-09-30",
    "symbol": "WAT",
    "reportedCurrency": "USD",
    "cik": "0001000697",
    "fillingDate": "1996-10-28",
    "acceptedDate": "1996-10-28 00:00:00",
    "calendarYear": "1996",
    "period": "Q3",
    "revenue": 98400000,
    "costOfRevenue": 32000000,
    "grossProfit": 66400000,
    "grossProfitRatio": 0.674796748,
    "researchAndDevelopmentExpenses": 5500000,
    "generalAndAdministrativeExpenses": 0,
    "sellingAndMarketingExpenses": 0,
    "sellingGeneralAndAdministrativeExpenses": 38400000,
    "otherExpenses": 4600000,
    "operatingExpenses": 48500000,
    "costAndExpenses": 80500000,
    "interestIncome": 0,
    "interestExpense": 0,
    "depreciationAndAmortization": 4600000,
    "ebitda": 22500000,
    "ebitdaratio": 0.2286585366,
    "operatingIncome": 17900000,
    "operatingIncomeRatio": 0.1819105691,
    "totalOtherIncomeExpensesNet": -9000000,
    "incomeBeforeTax": 8900000,
    "incomeBeforeTaxRatio": 0.0904471545,
    "incomeTaxExpense": 2500000,
    "netIncome": 6400000,
    "netIncomeRatio": 0.0650406504,
    "eps": 0.06,
    "epsdiluted": 0.05,
    "weightedAverageShsOut": 103333333,
    "weightedAverageShsOutDil": 124000000,
    "link": "https://www.sec.gov/Archives/edgar/data/1000697/000092701696001438/0000927016-96-001438-index.html",
    "finalLink": "https://www.sec.gov/Archives/edgar/data/1000697/"
  },
  {
    "date": "1996-06-30",
    "symbol": "WAT",
    "reportedCurrency": "USD",
    "cik": "0001000697",
    "fillingDate": "1996-08-13",
    "acceptedDate": "1996-08-20 13:40:16",
    "calendarYear": "1996",
    "period": "Q2",
    "revenue": 96000000,
    "costOfRevenue": 30900000,
    "grossProfit": 65100000,
    "grossProfitRatio": 0.678125,
    "researchAndDevelopmentExpenses": 5100000,
    "generalAndAdministrativeExpenses": 0,
    "sellingAndMarketingExpenses": 0,
    "sellingGeneralAndAdministrativeExpenses": 36000000,
    "otherExpenses": 4300000,
    "operatingExpenses": 45400000,
    "costAndExpenses": 76300000,
    "interestIncome": 0,
    "interestExpense": 0,
    "depreciationAndAmortization": 4300000,
    "ebitda": 24000000,
    "ebitdaratio": 0.25,
    "operatingIncome": 19700000,
    "operatingIncomeRatio": 0.2052083333,
    "totalOtherIncomeExpensesNet": -26700000,
    "incomeBeforeTax": -7000000,
    "incomeBeforeTaxRatio": -0.0729166667,
    "incomeTaxExpense": 2900000,
    "netIncome": -32200000,
    "netIncomeRatio": -0.3354166667,
    "eps": -0.29,
    "epsdiluted": -0.29,
    "weightedAverageShsOut": 111724138,
    "weightedAverageShsOutDil": 111724138,
    "link": "https://www.sec.gov/Archives/edgar/data/1000697/000092701696000902/0000927016-96-000902-index.htm",
    "finalLink": "https://www.sec.gov/Archives/edgar/data/1000697/000092701696000902/"
  },
  {
    "date": "1996-03-31",
    "symbol": "WAT",
    "reportedCurrency": "USD",
    "cik": "0001000697",
    "fillingDate": "1996-03-31",
    "acceptedDate": "1996-03-31 00:00:00",
    "calendarYear": "1996",
    "period": "Q1",
    "revenue": 85300000,
    "costOfRevenue": 28100000,
    "grossProfit": 57200000,
    "grossProfitRatio": 0.6705744431,
    "researchAndDevelopmentExpenses": 4700000,
    "generalAndAdministrativeExpenses": 0,
    "sellingAndMarketingExpenses": 0,
    "sellingGeneralAndAdministrativeExpenses": 33400000,
    "otherExpenses": 4000000,
    "operatingExpenses": 42100000,
    "costAndExpenses": 70200000,
    "interestIncome": 0,
    "interestExpense": 0,
    "depreciationAndAmortization": 4000000,
    "ebitda": 19100000,
    "ebitdaratio": 0.223915592,
    "operatingIncome": 15100000,
    "operatingIncomeRatio": 0.1770222743,
    "totalOtherIncomeExpensesNet": -4900000,
    "incomeBeforeTax": 10200000,
    "incomeBeforeTaxRatio": 0.1195779601,
    "incomeTaxExpense": 2000000,
    "netIncome": 8200000,
    "netIncomeRatio": 0.0961313013,
    "eps": 0.07,
    "epsdiluted": 0.07,
    "weightedAverageShsOut": 114285714,
    "weightedAverageShsOutDil": 114285714,
    "link": null,
    "finalLink": null
  },
  {
    "date": "1995-12-31",
    "symbol": "WAT",
    "reportedCurrency": "USD",
    "cik": "0001000697",
    "fillingDate": "1995-12-31",
    "acceptedDate": "1995-12-31 00:00:00",
    "calendarYear": "1995",
    "period": "Q4",
    "revenue": 90500000,
    "costOfRevenue": 30100000,
    "grossProfit": 60400000,
    "grossProfitRatio": 0.6674033149,
    "researchAndDevelopmentExpenses": 4800000,
    "generalAndAdministrativeExpenses": 0,
    "sellingAndMarketingExpenses": 0,
    "sellingGeneralAndAdministrativeExpenses": 37700000,
    "otherExpenses": 3800000,
    "operatingExpenses": 46300000,
    "costAndExpenses": 76400000,
    "interestIncome": 0,
    "interestExpense": 0,
    "depreciationAndAmortization": 3800000,
    "ebitda": 17900000,
    "ebitdaratio": 0.1977900552,
    "operatingIncome": 14100000,
    "operatingIncomeRatio": 0.155801105,
    "totalOtherIncomeExpensesNet": -12400000,
    "incomeBeforeTax": 1700000,
    "incomeBeforeTaxRatio": 0.0187845304,
    "incomeTaxExpense": 300000,
    "netIncome": -10700000,
    "netIncomeRatio": -0.1182320442,
    "eps": -0.0936,
    "epsdiluted": -0.0936,
    "weightedAverageShsOut": 114285714,
    "weightedAverageShsOutDil": 114285714,
    "link": null,
    "finalLink": null
  },
  {
    "date": "1995-09-30",
    "symbol": "WAT",
    "reportedCurrency": "USD",
    "cik": "0001000697",
    "fillingDate": "1995-09-30",
    "acceptedDate": "1995-09-30 00:00:00",
    "calendarYear": "1995",
    "period": "Q3",
    "revenue": 80600000,
    "costOfRevenue": 26300000,
    "grossProfit": 54300000,
    "grossProfitRatio": 0.6736972705,
    "researchAndDevelopmentExpenses": 4300000,
    "generalAndAdministrativeExpenses": 0,
    "sellingAndMarketingExpenses": 0,
    "sellingGeneralAndAdministrativeExpenses": 32300000,
    "otherExpenses": 4500000,
    "operatingExpenses": 41100000,
    "costAndExpenses": 67400000,
    "interestIncome": 0,
    "interestExpense": 0,
    "depreciationAndAmortization": 4500000,
    "ebitda": 17700000,
    "ebitdaratio": 0.2196029777,
    "operatingIncome": 13200000,
    "operatingIncomeRatio": 0.1637717122,
    "totalOtherIncomeExpensesNet": -1700000,
    "incomeBeforeTax": 11500000,
    "incomeBeforeTaxRatio": 0.1426799007,
    "incomeTaxExpense": 2200000,
    "netIncome": 9300000,
    "netIncomeRatio": 0.1153846154,
    "eps": 0.05,
    "epsdiluted": 0.05,
    "weightedAverageShsOut": 85000000,
    "weightedAverageShsOutDil": 85000000,
    "link": null,
    "finalLink": null
  }
]