[
  {
    "date": "2024-12-31",
    "symbol": "WAT",
    "reportedCurrency": "USD",
    "cik": "0001000697",
    "fillingDate": "2025-02-25",
    "acceptedDate": "2025-02-25 10:55:15",
    "calendarYear": "2024",
    "period": "FY",
    "revenue": 2958387000,
    "costOfRevenue": 1200201000,
    "grossProfit": 1758186000,
    "grossProfitRatio": 0.5943056132,
    "researchAndDevelopmentExpenses": 183027000,
    "generalAndAdministrativeExpenses": 0,
    "sellingAndMarketingExpenses": 0,
    "sellingGeneralAndAdministrativeExpenses": 690148000,
    "otherExpenses": 58658000,
    "operatingExpenses": 931833000,
    "costAndExpenses": 2132034000,
    "interestIncome": 17416000,
    "interestExpense": 89677000,
    "depreciationAndAmortization": 191825000,
    "ebitda": 1036370000,
    "ebitdaratio": 0.3503158985,
    "operatingIncome": 826353000,
    "operatingIncomeRatio": 0.2793255243,
    "totalOtherIncomeExpensesNet": -71485000,
    "incomeBeforeTax": 754868000,
    "incomeBeforeTaxRatio": 0.255162019,
    "incomeTaxExpense": 117034000,
    "netIncome": 637834000,
    "netIncomeRatio": 0.215601948,
    "eps": 10.75,
    "epsdiluted": 10.71,
    "weightedAverageShsOut": 59333000,
    "weightedAverageShsOutDil": 59552000,
    "link": "https://www.sec.gov/Archives/edgar/data/1000697/000119312525034579/0001193125-25-034579-index.htm",
    "finalLink": "https://www.sec.gov/Archives/edgar/data/1000697/000119312525034579/d791800d10k.htm"
  },
  {
    "date": "2023-12-31",
    "symbol": "WAT",
    "reportedCurrency": "USD",
    "cik": "0001000697",
    "fillingDate": "2024-02-27",
    "acceptedDate": "2024-02-27 11:52:37",
    "calendarYear": "2023",
    "period": "FY",
    "revenue": 2956416000,
    "costOfRevenue": 1195223000,
    "grossProfit": 1761193000,
    "grossProfitRatio": 0.5957189381,
    "researchAndDevelopmentExpenses": 174945000,
    "generalAndAdministrativeExpenses": 0,
    "sellingAndMarketingExpenses": 0,
    "sellingGeneralAndAdministrativeExpenses": 736014000,
    "otherExpenses": 32558000,
    "operatingExpenses": 943517000,
    "costAndExpenses": 2138740000,
    "interestIncome": 16621000,
    "interestExpense": 98861000,
    "depreciationAndAmortization": 165905000,
    "ebitda": 1001009000,
    "ebitdaratio": 0.3385886831,
    "operatingIncome": 817676000,
    "operatingIncomeRatio": 0.276576774,
    "totalOtherIncomeExpensesNet": -81433000,
    "incomeBeforeTax": 736243000,
    "incomeBeforeTaxRatio": 0.2490322742,
    "incomeTaxExpense": 94009000,
    "netIncome": 642234000,
    "netIncomeRatio": 0.2172339752,
    "eps": 10.87,
    "epsdiluted": 10.84,
    "weightedAverageShsOut": 59076000,
    "weightedAverageShsOutDil": 59270000,
    "link": "https://www.sec.gov/Archives/edgar/data/1000697/000119312524047491/0001193125-24-047491-index.htm",
    "finalLink": "https://www.sec.gov/Archives/edgar/data/1000697/000119312524047491/d691142d10k.htm"
  },
  {
    "date": "2022-12-31",
    "symbol": "WAT",
    "reportedCurrency": "USD",
    "cik": "0001000697",
    "fillingDate": "2023-02-27",
    "acceptedDate": "2023-02-27 16:32:19",
    "calendarYear": "2022",
    "period": "FY",
    "revenue": 2971956000,
    "costOfRevenue": 1248182000,
    "grossProfit": 1723774000,
    "grossProfitRatio": 0.5800132976,
    "researchAndDevelopmentExpenses": 176190000,
    "generalAndAdministrativeExpenses": 0,
    "sellingAndMarketingExpenses": 0,
    "sellingGeneralAndAdministrativeExpenses": 658026000,
    "otherExpenses": 16163000,
    "operatingExpenses": 850379000,
    "costAndExpenses": 2098561000,
    "interestIncome": 11020000,
    "interestExpense": 48797000,
    "depreciationAndAmortization": 130423000,
    "ebitda": 1017066000,
    "ebitdaratio": 0.3422210827,
    "operatingIncome": 873395000,
    "operatingIncomeRatio": 0.2938788461,
    "totalOtherIncomeExpensesNet": -35549000,
    "incomeBeforeTax": 837846000,
    "incomeBeforeTaxRatio": 0.2819173635,
    "incomeTaxExpense": 130091000,
    "netIncome": 707755000,
    "netIncomeRatio": 0.2381445082,
    "eps": 11.8,
    "epsdiluted": 11.73,
    "weightedAverageShsOut": 59985000,
    "weightedAverageShsOutDil": 60331000,
    "link": "https://www.sec.gov/Archives/edgar/data/1000697/000119312523050827/0001193125-23-050827-index.htm",
    "finalLink": "https://www.sec.gov/Archives/edgar/data/1000697/000119312523050827/d412746d10k.htm"
  },
  {
    "date": "2021-12-31",
    "symbol": "WAT",
    "reportedCurrency": "USD",
    "cik": "0001000697",
    "fillingDate": "2022-02-24",
    "acceptedDate": "2022-02-24 13:04:47",
    "calendarYear": "2021",
    "period": "FY",
    "revenue": 2785874000,
    "costOfRevenue": 1156533000,
    "grossProfit": 1629341000,
    "grossProfitRatio": 0.5848581092,
    "researchAndDevelopmentExpenses": 168358000,
    "generalAndAdministrativeExpenses": 0,
    "sellingAndMarketingExpenses": 0,
    "sellingGeneralAndAdministrativeExpenses": 626968000,
    "otherExpenses": 12308000,
    "operatingExpenses": 807634000,
    "costAndExpenses": 1964167000,
    "interestIncome": 12221000,
    "interestExpense": 44938000,
    "depreciationAndAmortization": 131680000,
    "ebitda": 982811000,
    "ebitdaratio": 0.3527837225,
    "operatingIncome": 821707000,
    "operatingIncomeRatio": 0.2949548328,
    "totalOtherIncomeExpensesNet": -15514000,
    "incomeBeforeTax": 806193000,
    "incomeBeforeTaxRatio": 0.2893860239,
    "incomeTaxExpense": 113350000,
    "netIncome": 692843000,
    "netIncomeRatio": 0.2486986131,
    "eps": 11.25,
    "epsdiluted": 11.17,
    "weightedAverageShsOut": 61575000,
    "weightedAverageShsOutDil": 62028000,
    "link": "https://www.sec.gov/Archives/edgar/data/1000697/000119312522051509/0001193125-22-051509-index.htm",
    "finalLink": "https://www.sec.gov/Archives/edgar/data/1000697/000119312522051509/d208871d10k.htm"
  },
  {
    "date": "2020-12-31",
    "symbol": "WAT",
    "reportedCurrency": "USD",
    "cik": "0001000697",
    "fillingDate": "2021-02-24",
    "acceptedDate": "2021-02-24 14:57:56",
    "calendarYear": "2020",
    "period": "FY",
    "revenue": 2365365000,
    "costOfRevenue": 1006689000,
    "grossProfit": 1358676000,
    "grossProfitRatio": 0.5744043731,
    "researchAndDevelopmentExpenses": 140777000,
    "generalAndAdministrativeExpenses": 0,
    "sellingAndMarketingExpenses": 0,
    "sellingGeneralAndAdministrativeExpenses": 553698000,
    "otherExpenses": 18712000,
    "operatingExpenses": 713187000,
    "costAndExpenses": 1719876000,
    "interestIncome": 16270000,
    "interestExpense": 49070000,
    "depreciationAndAmortization": 125361000,
    "ebitda": 785345000,
    "ebitdaratio": 0.3320185257,
    "operatingIncome": 645489000,
    "operatingIncomeRatio": 0.2728919215,
    "totalOtherIncomeExpensesNet": -34575000,
    "incomeBeforeTax": 610914000,
    "incomeBeforeTaxRatio": 0.2582747272,
    "incomeTaxExpense": 89343000,
    "netIncome": 521571000,
    "netIncomeRatio": 0.2205033895,
    "eps": 8.4,
    "epsdiluted": 8.36,
    "weightedAverageShsOut": 62094000,
    "weightedAverageShsOutDil": 62414000,
    "link": "https://www.sec.gov/Archives/edgar/data/1000697/000119312521054385/0001193125-21-054385-index.htm",
    "finalLink": "https://www.sec.gov/Archives/edgar/data/1000697/000119312521054385/d32803d10k.htm"
  },
  {
    "date": "2019-12-31",
    "symbol": "WAT",
    "reportedCurrency": "USD",
    "cik": "0001000697",
    "fillingDate": "2020-02-25",
    "acceptedDate": "2020-02-25 16:02:20",
    "calendarYear": "2019",
    "period": "FY",
    "revenue": 2406596000,
    "costOfRevenue": 1010700000,
    "grossProfit": 1395896000,
    "grossProfitRatio": 0.5800292197,
    "researchAndDevelopmentExpenses": 142955000,
    "generalAndAdministrativeExpenses": 0,
    "sellingAndMarketingExpenses": 0,
    "sellingGeneralAndAdministrativeExpenses": 534791000,
    "otherExpenses": 9693000,
    "operatingExpenses": 687439000,
    "costAndExpenses": 1698139000,
    "interestIncome": 22058000,
    "interestExpense": 48690000,
    "depreciationAndAmortization": 105296000,
    "ebitda": 832225000,
    "ebitdaratio": 0.3458100155,
    "operatingIncome": 708457000,
    "operatingIncomeRatio": 0.2943813586,
    "totalOtherIncomeExpensesNet": -30218000,
    "incomeBeforeTax": 678239000,
    "incomeBeforeTaxRatio": 0.2818250342,
    "incomeTaxExpense": 86041000,
    "netIncome": 592198000,
    "netIncomeRatio": 0.2460728764,
    "eps": 8.76,
    "epsdiluted": 8.69,
    "weightedAverageShsOut": 67627000,
    "weightedAverageShsOutDil": 68166000,
    "link": "https://www.sec.gov/Archives/edgar/data/1000697/000119312520048303/0001193125-20-048303-index.htm",
    "finalLink": "https://www.sec.gov/Archives/edgar/data/1000697/000119312520048303/d862312d10k.htm"
  },
  {
    "date": "2018-12-31",
    "symbol": "WAT",
    "reportedCurrency": "USD",
    "cik": "0001000697",
    "fillingDate": "2019-03-01",
    "acceptedDate": "2019-03-01 16:03:16",
    "calendarYear": "2018",
    "period": "FY",
    "revenue": 2419929000,
    "costOfRevenue": 992564000,
    "grossProfit": 1427365000,
    "grossProfitRatio": 0.5898375531,
    "researchAndDevelopmentExpenses": 143403000,
    "generalAndAdministrativeExpenses": 0,
    "sellingAndMarketingExpenses": 0,
    "sellingGeneralAndAdministrativeExpenses": 536902000,
    "otherExpenses": 7286000,
    "operatingExpenses": 687591000,
    "costAndExpenses": 1680155000,
    "interestIncome": 38807000,
    "interestExpense": 48641000,
    "depreciationAndAmortization": 108408000,
    "ebitda": 839195000,
    "ebitdaratio": 0.3467849677,
    "operatingIncome": 739774000,
    "operatingIncomeRatio": 0.3057007044,
    "totalOtherIncomeExpensesNet": -57628000,
    "incomeBeforeTax": 682146000,
    "incomeBeforeTaxRatio": 0.2818867826,
    "incomeTaxExpense": 88352000,
    "netIncome": 593794000,
    "netIncomeRatio": 0.2453766206,
    "eps": 7.71,
    "epsdiluted": 7.65,
    "weightedAverageShsOut": 76992000,
    "weightedAverageShsOutDil": 77618000,
    "link": "https://www.sec.gov/Archives/edgar/data/1000697/000119312519060858/0001193125-19-060858-index.htm",
    "finalLink": "https://www.sec.gov/Archives/edgar/data/1000697/000119312519060858/d612944d10ka.htm"
  },
  {
    "date": "2017-12-31",
    "symbol": "WAT",
    "reportedCurrency": "USD",
    "cik": "0001000697",
    "fillingDate": "2018-02-27",
    "acceptedDate": "2018-02-27 16:08:12",
    "calendarYear": "2017",
    "period": "FY",
    "revenue": 2309078000,
    "costOfRevenue": 947067000,
    "grossProfit": 1362011000,
    "grossProfitRatio": 0.5898505811,
    "researchAndDevelopmentExpenses": 132593000,
    "generalAndAdministrativeExpenses": 0,
    "sellingAndMarketingExpenses": 0,
    "sellingGeneralAndAdministrativeExpenses": 544363000,
    "otherExpenses": 22857000,
    "operatingExpenses": 699813000,
    "costAndExpenses": 1646880000,
    "interestIncome": 36078000,
    "interestExpense": 56839000,
    "depreciationAndAmortization": 106002000,
    "ebitda": 803938000,
    "ebitdaratio": 0.3481640724,
    "operatingIncome": 662198000,
    "operatingIncomeRatio": 0.2867802647,
    "totalOtherIncomeExpensesNet": -21101000,
    "incomeBeforeTax": 641097000,
    "incomeBeforeTaxRatio": 0.2776419852,
    "incomeTaxExpense": 620786000,
    "netIncome": 20311000,
    "netIncomeRatio": 0.0087961515,
    "eps": 0.25,
    "epsdiluted": 0.25,
    "weightedAverageShsOut": 79793000,
    "weightedAverageShsOutDil": 80604000,
    "link": "https://www.sec.gov/Archives/edgar/data/1000697/000119312518060830/0001193125-18-060830-index.htm",
    "finalLink": "https://www.sec.gov/Archives/edgar/data/1000697/000119312518060830/d506350d10k.htm"
  },
  {
    "date": "2016-12-31",
    "symbol": "WAT",
    "reportedCurrency": "USD",
    "cik": "0001000697",
    "fillingDate": "2017-02-24",
    "acceptedDate": "2017-02-24 15:49:17",
    "calendarYear": "2016",
    "period": "FY",
    "revenue": 2167423000,
    "costOfRevenue": 891453000,
    "grossProfit": 1275970000,
    "grossProfitRatio": 0.5887037279,
    "researchAndDevelopmentExpenses": 125187000,
    "generalAndAdministrativeExpenses": 0,
    "sellingAndMarketingExpenses": 0,
    "sellingGeneralAndAdministrativeExpenses": 512331000,
    "otherExpenses": 13413000,
    "operatingExpenses": 650931000,
    "costAndExpenses": 1542384000,
    "interestIncome": 20686000,
    "interestExpense": 44911000,
    "depreciationAndAmortization": 96449000,
    "ebitda": 741474000,
    "ebitdaratio": 0.3420993502,
    "operatingIncome": 625039000,
    "operatingIncomeRatio": 0.2883788721,
    "totalOtherIncomeExpensesNet": -24925000,
    "incomeBeforeTax": 600114000,
    "incomeBeforeTaxRatio": 0.2768790402,
    "incomeTaxExpense": 78611000,
    "netIncome": 521503000,
    "netIncomeRatio": 0.240609701,
    "eps": 6.46,
    "epsdiluted": 6.41,
    "weightedAverageShsOut": 80786000,
    "weightedAverageShsOutDil": 81417000,
    "link": "https://www.sec.gov/Archives/edgar/data/1000697/000119312517056239/0001193125-17-056239-index.htm",
    "finalLink": "https://www.sec.gov/Archives/edgar/data/1000697/000119312517056239/d268303d10k.htm"
  },
  {
    "date": "2015-12-31",
    "symbol": "WAT",
    "reportedCurrency": "USD",
    "cik": "0001000697",
    "fillingDate": "2016-02-26",
    "acceptedDate": "2016-02-26 11:41:30",
    "calendarYear": "2015",
    "period": "FY",
    "revenue": 2042332000,
    "costOfRevenue": 842672000,
    "grossProfit": 1199660000,
    "grossProfitRatio": 0.5873971519,
    "researchAndDevelopmentExpenses": 118545000,
    "generalAndAdministrativeExpenses": 0,
    "sellingAndMarketingExpenses": 0,
    "sellingGeneralAndAdministrativeExpenses": 495747000,
    "otherExpenses": 17917000,
    "operatingExpenses": 632209000,
    "costAndExpenses": 1474881000,
    "interestIncome": 10711000,
    "interestExpense": 36243000,
    "depreciationAndAmortization": 89987000,
    "ebitda": 668149000,
    "ebitdaratio": 0.3271500422,
    "operatingIncome": 567451000,
    "operatingIncomeRatio": 0.2778446403,
    "totalOtherIncomeExpensesNet": -25532000,
    "incomeBeforeTax": 541919000,
    "incomeBeforeTaxRatio": 0.2653432449,
    "incomeTaxExpense": 72866000,
    "netIncome": 469053000,
    "netIncomeRatio": 0.2296654021,
    "eps": 5.7,
    "epsdiluted": 5.65,
    "weightedAverageShsOut": 82336000,
    "weightedAverageShsOutDil": 83087000,
    "link": "https://www.sec.gov/Archives/edgar/data/1000697/000119312516480594/0001193125-16-480594-index.htm",
    "finalLink": "https://www.sec.gov/Archives/edgar/data/1000697/000119312516480594/d108530d10k.htm"
  },
  {
    "date": "2014-12-31",
    "symbol": "WAT",
    "reportedCurrency": "USD",
    "cik": "0001000697",
    "fillingDate": "2015-02-27",
    "acceptedDate": "2015-02-27 10:39:30",
    "calendarYear": "2014",
    "period": "FY",
    "revenue": 1989344000,
    "costOfRevenue": 824913000,
    "grossProfit": 1164431000,
    "grossProfitRatio": 0.5853341604,
    "researchAndDevelopmentExpenses": 107726000,
    "generalAndAdministrativeExpenses": 0,
    "sellingAndMarketingExpenses": 0,
    "sellingGeneralAndAdministrativeExpenses": 512707000,
    "otherExpenses": 26090000,
    "operatingExpenses": 646523000,
    "costAndExpenses": 1471436000,
    "interestIncome": 7023000,
    "interestExpense": 34191000,
    "depreciationAndAmortization": 94231000,
    "ebitda": 619162000,
    "ebitdaratio": 0.3112392829,
    "operatingIncome": 517908000,
    "operatingIncomeRatio": 0.2603410974,
    "totalOtherIncomeExpensesNet": -27168000,
    "incomeBeforeTax": 490740000,
    "incomeBeforeTaxRatio": 0.2466843341,
    "incomeTaxExpense": 59120000,
    "netIncome": 431620000,
    "netIncomeRatio": 0.2169659948,
    "eps": 5.12,
    "epsdiluted": 5.07,
    "weightedAverageShsOut": 84358000,
    "weightedAverageShsOutDil": 85151000,
    "link": "https://www.sec.gov/Archives/edgar/data/1000697/000119312515067900/0001193125-15-067900-index.htm",
    "finalLink": "https://www.sec.gov/Archives/edgar/data/1000697/000119312515067900/d849246d10k.htm"
  },
  {
    "date": "2013-12-31",
    "symbol": "WAT",
    "reportedCurrency": "USD",
    "cik": "0001000697",
    "fillingDate": "2014-02-27",
    "acceptedDate": "2014-02-27 14:41:08",
    "calendarYear": "2013",
    "period": "FY",
    "revenue": 1904218000,
    "costOfRevenue": 783456000,
    "grossProfit": 1120762000,
    "grossProfitRatio": 0.5885681156,
    "researchAndDevelopmentExpenses": 100536000,
    "generalAndAdministrativeExpenses": 0,
    "sellingAndMarketingExpenses": 0,
    "sellingGeneralAndAdministrativeExpenses": 492965000,
    "otherExpenses": 9918000,
    "operatingExpenses": 603419000,
    "costAndExpenses": 1386875000,
    "interestIncome": 4387000,
    "interestExpense": 30050000,
    "depreciationAndAmortization": 79695000,
    "ebitda": 599850000,
    "ebitdaratio": 0.3150112014,
    "operatingIncome": 517343000,
    "operatingIncomeRatio": 0.271682654,
    "totalOtherIncomeExpensesNet": -27238000,
    "incomeBeforeTax": 490105000,
    "incomeBeforeTaxRatio": 0.2573786195,
    "incomeTaxExpense": 40102000,
    "netIncome": 450003000,
    "netIncomeRatio": 0.2363190559,
    "eps": 5.27,
    "epsdiluted": 5.2,
    "weightedAverageShsOut": 85426000,
    "weightedAverageShsOutDil": 86546000,
    "link": "https://www.sec.gov/Archives/edgar/data/1000697/000119312514072515/0001193125-14-072515-index.htm",
    "finalLink": "https://www.sec.gov/Archives/edgar/data/1000697/000119312514072515/d644127d10k.htm"
  },
  {
    "date": "2012-12-31",
    "symbol": "WAT",
    "reportedCurrency": "USD",
    "cik": "0001000697",
    "fillingDate": "2013-02-26",
    "acceptedDate": "2013-02-26 15:57:25",
    "calendarYear": "2012",
    "period": "FY",
    "revenue": 1843641000,
    "costOfRevenue": 737614000,
    "grossProfit": 1106027000,
    "grossProfitRatio": 0.599914517,
    "researchAndDevelopmentExpenses": 96004000,
    "generalAndAdministrativeExpenses": 0,
    "sellingAndMarketingExpenses": 0,
    "sellingGeneralAndAdministrativeExpenses": 477270000,
    "otherExpenses": 21263000,
    "operatingExpenses": 594537000,
    "costAndExpenses": 1332151000,
    "interestIncome": 4208000,
    "interestExpense": 28073000,
    "depreciationAndAmortization": 68831000,
    "ebitda": 584529000,
    "ebitdaratio": 0.3170514216,
    "operatingIncome": 511490000,
    "operatingIncomeRatio": 0.2774347066,
    "totalOtherIncomeExpensesNet": -23865000,
    "incomeBeforeTax": 487625000,
    "incomeBeforeTaxRatio": 0.2644902126,
    "incomeTaxExpense": 26182000,
    "netIncome": 461443000,
    "netIncomeRatio": 0.2502889662,
    "eps": 5.25,
    "epsdiluted": 5.19,
    "weightedAverageShsOut": 87841000,
    "weightedAverageShsOutDil": 88979000,
    "link": "https://www.sec.gov/Archives/edgar/data/1000697/000119312513076804/0001193125-13-076804-index.htm",
    "finalLink": "https://www.sec.gov/Archives/edgar/data/1000697/000119312513076804/d435715d10k.htm"
  },
  {
    "date": "2011-12-31",
    "symbol": "WAT",
    "reportedCurrency": "USD",
    "cik": "0001000697",
    "fillingDate": "2012-02-24",
    "acceptedDate": "2012-02-24 10:34:16",
    "calendarYear": "2011",
    "period": "FY",
    "revenue": 1851184000,
    "costOfRevenue": 730493000,
    "grossProfit": 1120691000,
    "grossProfitRatio": 0.6053914684,
    "researchAndDevelopmentExpenses": 92347000,
    "generalAndAdministrativeExpenses": 0,
    "sellingAndMarketingExpenses": 0,
    "sellingGeneralAndAdministrativeExpenses": 490011000,
    "otherExpenses": 9733000,
    "operatingExpenses": 592091000,
    "costAndExpenses": 1322584000,
    "interestIncome": 2623000,
    "interestExpense": 21971000,
    "depreciationAndAmortization": 66387000,
    "ebitda": 597610000,
    "ebitdaratio": 0.3228258239,
    "operatingIncome": 528600000,
    "operatingIncomeRatio": 0.2855469797,
    "totalOtherIncomeExpensesNet": -19348000,
    "incomeBeforeTax": 509252000,
    "incomeBeforeTaxRatio": 0.2750952904,
    "incomeTaxExpense": 76284000,
    "netIncome": 432968000,
    "netIncomeRatio": 0.233887069,
    "eps": 4.77,
    "epsdiluted": 4.69,
    "weightedAverageShsOut": 90833000,
    "weightedAverageShsOutDil": 92325000,
    "link": "https://www.sec.gov/Archives/edgar/data/1000697/000119312512077126/0001193125-12-077126-index.htm",
    "finalLink": "https://www.sec.gov/Archives/edgar/data/1000697/000119312512077126/d274872d10k.htm"
  },
  {
    "date": "2010-12-31",
    "symbol": "WAT",
    "reportedCurrency": "USD",
    "cik": "0001000697",
    "fillingDate": "2011-02-25",
    "acceptedDate": "2011-02-25 11:40:31",
    "calendarYear": "2010",
    "period": "FY",
    "revenue": 1643371000,
    "costOfRevenue": 653303000,
    "grossProfit": 990068000,
    "grossProfitRatio": 0.6024616474,
    "researchAndDevelopmentExpenses": 84274000,
    "generalAndAdministrativeExpenses": 0,
    "sellingAndMarketingExpenses": 0,
    "sellingGeneralAndAdministrativeExpenses": 445456000,
    "otherExpenses": 10406000,
    "operatingExpenses": 540136000,
    "costAndExpenses": 1193439000,
    "interestIncome": 1855000,
    "interestExpense": 13924000,
    "depreciationAndAmortization": 62558000,
    "ebitda": 514345000,
    "ebitdaratio": 0.31298167,
    "operatingIncome": 449932000,
    "operatingIncomeRatio": 0.2737860167,
    "totalOtherIncomeExpensesNet": -12069000,
    "incomeBeforeTax": 437863000,
    "incomeBeforeTaxRatio": 0.2664419659,
    "incomeTaxExpense": 56100000,
    "netIncome": 381763000,
    "netIncomeRatio": 0.2323048174,
    "eps": 4.13,
    "epsdiluted": 4.06,
    "weightedAverageShsOut": 92385000,
    "weightedAverageShsOutDil": 94057000,
    "link": "https://www.sec.gov/Archives/edgar/data/1000697/000095012311018381/0000950123-11-018381-index.htm",
    "finalLink": "https://www.sec.gov/Archives/edgar/data/1000697/000095012311018381/b83547e10vk.htm"
  },
  {
    "date": "2009-12-31",
    "symbol": "WAT",
    "reportedCurrency": "USD",
    "cik": "0001000697",
    "fillingDate": "2010-02-26",
    "acceptedDate": "2010-02-26 09:24:41",
    "calendarYear": "2009",
    "period": "FY",
    "revenue": 1498700000,
    "costOfRevenue": 594882000,
    "grossProfit": 903818000,
    "grossProfitRatio": 0.6030679923,
    "researchAndDevelopmentExpenses": 77154000,
    "generalAndAdministrativeExpenses": 0,
    "sellingAndMarketingExpenses": 0,
    "sellingGeneralAndAdministrativeExpenses": 421403000,
    "otherExpenses": 10659000,
    "operatingExpenses": 509216000,
    "costAndExpenses": 1104098000,
    "interestIncome": 3036000,
    "interestExpense": 10986000,
    "depreciationAndAmortization": 57272000,
    "ebitda": 454910000,
    "ebitdaratio": 0.3035363982,
    "operatingIncome": 394602000,
    "operatingIncomeRatio": 0.26329619,
    "totalOtherIncomeExpensesNet": -7950000,
    "incomeBeforeTax": 386652000,
    "incomeBeforeTaxRatio": 0.2579915927,
    "incomeTaxExpense": 63339000,
    "netIncome": 323313000,
    "netIncomeRatio": 0.2157289651,
    "eps": 3.37,
    "epsdiluted": 3.34,
    "weightedAverageShsOut": 95797000,
    "weightedAverageShsOutDil": 96862000,
    "link": "https://www.sec.gov/Archives/edgar/data/1000697/000095012310017583/0000950123-10-017583-index.htm",
    "finalLink": "https://www.sec.gov/Archives/edgar/data/1000697/000095012310017583/b78684e10vk.htm"
  },
  {
    "date": "2008-12-31",
    "symbol": "WAT",
    "reportedCurrency": "USD",
    "cik": "0001000697",
    "fillingDate": "2009-02-27",
    "acceptedDate": "2009-02-27 14:57:08",
    "calendarYear": "2008",
    "period": "FY",
    "revenue": 1575124000,
    "costOfRevenue": 661266000,
    "grossProfit": 913858000,
    "grossProfitRatio": 0.5801816238,
    "researchAndDevelopmentExpenses": 81588000,
    "generalAndAdministrativeExpenses": 0,
    "sellingAndMarketingExpenses": 0,
    "sellingGeneralAndAdministrativeExpenses": 433226000,
    "otherExpenses": 9290000,
    "operatingExpenses": 524104000,
    "costAndExpenses": 1185370000,
    "interestIncome": 20959000,
    "interestExpense": 38521000,
    "depreciationAndAmortization": 65271000,
    "ebitda": 475984000,
    "ebitdaratio": 0.3021882722,
    "operatingIncome": 389754000,
    "operatingIncomeRatio": 0.2474433759,
    "totalOtherIncomeExpensesNet": -17562000,
    "incomeBeforeTax": 372192000,
    "incomeBeforeTaxRatio": 0.2362937775,
    "incomeTaxExpense": 49713000,
    "netIncome": 322479000,
    "netIncomeRatio": 0.2047324528,
    "eps": 3.25,
    "epsdiluted": 3.21,
    "weightedAverageShsOut": 99199000,
    "weightedAverageShsOutDil": 100555000,
    "link": "https://www.sec.gov/Archives/edgar/data/1000697/000095013509001331/0000950135-09-001331-index.htm",
    "finalLink": "https://www.sec.gov/Archives/edgar/data/1000697/000095013509001331/b72903wce10vk.htm"
  },
  {
    "date": "2007-12-31",
    "symbol": "WAT",
    "reportedCurrency": "USD",
    "cik": "0001000697",
    "fillingDate": "2008-02-29",
    "acceptedDate": "2008-02-29 09:49:30",
    "calendarYear": "2007",
    "period": "FY",
    "revenue": 1473048000,
    "costOfRevenue": 631122000,
    "grossProfit": 841926000,
    "grossProfitRatio": 0.5715536765,
    "researchAndDevelopmentExpenses": 80649000,
    "generalAndAdministrativeExpenses": 0,
    "sellingAndMarketingExpenses": 0,
    "sellingGeneralAndAdministrativeExpenses": 403703000,
    "otherExpenses": 8695000,
    "operatingExpenses": 493047000,
    "costAndExpenses": 1124169000,
    "interestIncome": 0,
    "interestExpense": 0,
    "depreciationAndAmortization": 53317000,
    "ebitda": 402196000,
    "ebitdaratio": 0.2730365881,
    "operatingIncome": 348879000,
    "operatingIncomeRatio": 0.2368415693,
    "totalOtherIncomeExpensesNet": -25687000,
    "incomeBeforeTax": 323192000,
    "incomeBeforeTaxRatio": 0.2194035768,
    "incomeTaxExpense": 55120000,
    "netIncome": 268072000,
    "netIncomeRatio": 0.1819845653,
    "eps": 2.67,
    "epsdiluted": 2.62,
    "weightedAverageShsOut": 100500000,
    "weightedAverageShsOutDil": 102505000,
    "link": "https://www.sec.gov/Archives/edgar/data/1000697/000095013508001339/0000950135-08-001339-index.htm",
    "finalLink": "https://www.sec.gov/Archives/edgar/data/1000697/000095013508001339/b68112wce10vk.htm"
  },
  {
    "date": "2006-12-31",
    "symbol": "WAT",
    "reportedCurrency": "USD",
    "cik": "0001000697",
    "fillingDate": "2007-03-01",
    "acceptedDate": "2007-03-01 08:41:28",
    "calendarYear": "2006",
    "period": "FY",
    "revenue": 1280229000,
    "costOfRevenue": 536185000,
    "grossProfit": 744044000,
    "grossProfitRatio": 0.5811803982,
    "researchAndDevelopmentExpenses": 77306000,
    "generalAndAdministrativeExpenses": 0,
    "sellingAndMarketingExpenses": 0,
    "sellingGeneralAndAdministrativeExpenses": 357664000,
    "otherExpenses": 13923000,
    "operatingExpenses": 448893000,
    "costAndExpenses": 985078000,
    "interestIncome": 0,
    "interestExpense": 0,
    "depreciationAndAmortization": 46159000,
    "ebitda": 349794000,
    "ebitdaratio": 0.2732276804,
    "operatingIncome": 295151000,
    "operatingIncomeRatio": 0.2305454727,
    "totalOtherIncomeExpensesNet": -36776000,
    "incomeBeforeTax": 262959000,
    "incomeBeforeTaxRatio": 0.2053999714,
    "incomeTaxExpense": 40759000,
    "netIncome": 222200000,
    "netIncomeRatio": 0.1735626985,
    "eps": 2.16,
    "epsdiluted": 2.13,
    "weightedAverageShsOut": 102691000,
    "weightedAverageShsOutDil": 104240000,
    "link": "https://www.sec.gov/Archives/edgar/data/1000697/000095013507001300/0000950135-07-001300-index.htm",
    "finalLink": "https://www.sec.gov/Archives/edgar/data/1000697/000095013507001300/b63656wce10vk.htm"
  },
  {
    "date": "2005-12-31",
    "symbol": "WAT",
    "reportedCurrency": "USD",
    "cik": "0001000697",
    "fillingDate": "2006-03-06",
    "acceptedDate": "2006-03-06 16:22:37",
    "calendarYear": "2005",
    "period": "FY",
    "revenue": 1158236000,
    "costOfRevenue": 478355000,
    "grossProfit": 679881000,
    "grossProfitRatio": 0.5869969505,
    "researchAndDevelopmentExpenses": 66905000,
    "generalAndAdministrativeExpenses": 0,
    "sellingAndMarketingExpenses": 0,
    "sellingGeneralAndAdministrativeExpenses": 321694000,
    "otherExpenses": 8127000,
    "operatingExpenses": 396726000,
    "costAndExpenses": 875081000,
    "interestIncome": 0,
    "interestExpense": 0,
    "depreciationAndAmortization": 43685000,
    "ebitda": 326840000,
    "ebitdaratio": 0.2821877407,
    "operatingIncome": 283155000,
    "operatingIncomeRatio": 0.2444709023,
    "totalOtherIncomeExpensesNet": -8592000,
    "incomeBeforeTax": 274563000,
    "incomeBeforeTaxRatio": 0.237052725,
    "incomeTaxExpense": 72588000,
    "netIncome": 201975000,
    "netIncomeRatio": 0.1743815595,
    "eps": 1.77,
    "epsdiluted": 1.74,
    "weightedAverageShsOut": 114023000,
    "weightedAverageShsOutDil": 115945000,
    "link": "https://www.sec.gov/Archives/edgar/data/1000697/000095013506001427/0000950135-06-001427-index.htm",
    "finalLink": "https://www.sec.gov/Archives/edgar/data/1000697/000095013506001427/b58493wce10vk.htm"
  },
  {
    "date": "2004-12-31",
    "symbol": "WAT",
    "reportedCurrency": "USD",
    "cik": "0001000697",
    "fillingDate": "2005-03-15",
    "acceptedDate": "2005-03-15 11:57:57",
    "calendarYear": "2004",
    "period": "FY",
    "revenue": 1104536000,
    "costOfRevenue": 454807000,
    "grossProfit": 649729000,
    "grossProfitRatio": 0.5882370516,
    "researchAndDevelopmentExpenses": 65241000,
    "generalAndAdministrativeExpenses": 0,
    "sellingAndMarketingExpenses": 0,
    "sellingGeneralAndAdministrativeExpenses": 300150000,
    "otherExpenses": -520000,
    "operatingExpenses": 364871000,
    "costAndExpenses": 819678000,
    "interestIncome": 0,
    "interestExpense": 0,
    "depreciationAndAmortization": 41926000,
    "ebitda": 326730000,
    "ebitdaratio": 0.2958074703,
    "operatingIncome": 284858000,
    "operatingIncomeRatio": 0.2578983392,
    "totalOtherIncomeExpensesNet": 813000,
    "incomeBeforeTax": 285671000,
    "incomeBeforeTaxRatio": 0.2586343949,
    "incomeTaxExpense": 61618000,
    "netIncome": 224053000,
    "netIncomeRatio": 0.2028480738,
    "eps": 1.87,
    "epsdiluted": 1.82,
    "weightedAverageShsOut": 119640000,
    "weightedAverageShsOutDil": 123069000,
    "link": "https://www.sec.gov/Archives/edgar/data/1000697/000095013505001421/0000950135-05-001421-index.htm",
    "finalLink": "https://www.sec.gov/Archives/edgar/data/1000697/000095013505001421/b53305wce10vk.htm"
  },
  {
    "date": "2003-12-31",
    "symbol": "WAT",
    "reportedCurrency": "USD",
    "cik": "0001000697",
    "fillingDate": "2004-03-12",
    "acceptedDate": "2004-03-12 16:14:04",
    "calendarYear": "2003",
    "period": "FY",
    "revenue": 958205000,
    "costOfRevenue": 397848000,
    "grossProfit": 560357000,
    "grossProfitRatio": 0.58479866,
    "researchAndDevelopmentExpenses": 59242000,
    "generalAndAdministrativeExpenses": 0,
    "sellingAndMarketingExpenses": 0,
    "sellingGeneralAndAdministrativeExpenses": 264252000,
    "otherExpenses": 17691000,
    "operatingExpenses": 341185000,
    "costAndExpenses": 739033000,
    "interestIncome": 0,
    "interestExpense": 0,
    "depreciationAndAmortization": 33848000,
    "ebitda": 253938000,
    "ebitdaratio": 0.2650142715,
    "operatingIncome": 219172000,
    "operatingIncomeRatio": 0.2287318476,
    "totalOtherIncomeExpensesNet": 4514000,
    "incomeBeforeTax": 223686000,
    "incomeBeforeTaxRatio": 0.2334427393,
    "incomeTaxExpense": 52795000,
    "netIncome": 170891000,
    "netIncomeRatio": 0.1783449262,
    "eps": 1.39,
    "epsdiluted": 1.34,
    "weightedAverageShsOut": 123189000,
    "weightedAverageShsOutDil": 127579000,
    "link": "https://www.sec.gov/Archives/edgar/data/1000697/000095013504001254/0000950135-04-001254-index.htm",
    "finalLink": "https://www.sec.gov/Archives/edgar/data/1000697/000095013504001254/b48994wce10vk.htm"
  },
  {
    "date": "2002-12-31",
    "symbol": "WAT",
    "reportedCurrency": "USD",
    "cik": "0001000697",
    "fillingDate": "2003-03-21",
    "acceptedDate": "2003-03-21 12:00:02",
    "calendarYear": "2002",
    "period": "FY",
    "revenue": 889967000,
    "costOfRevenue": 373468000,
    "grossProfit": 516499000,
    "grossProfitRatio": 0.5803574739,
    "researchAndDevelopmentExpenses": 51923000,
    "generalAndAdministrativeExpenses": 0,
    "sellingAndMarketingExpenses": 0,
    "sellingGeneralAndAdministrativeExpenses": 246816000,
    "otherExpenses": 21349000,
    "operatingExpenses": 320088000,
    "costAndExpenses": 693556000,
    "interestIncome": 0,
    "interestExpense": 0,
    "depreciationAndAmortization": 37194000,
    "ebitda": 241009000,
    "ebitdaratio": 0.2708066704,
    "operatingIncome": 196411000,
    "operatingIncomeRatio": 0.2206946999,
    "totalOtherIncomeExpensesNet": -1000000,
    "incomeBeforeTax": 195411000,
    "incomeBeforeTaxRatio": 0.2195710627,
    "incomeTaxExpense": 43193000,
    "netIncome": 147712000,
    "netIncomeRatio": 0.1659746934,
    "eps": 1.13,
    "epsdiluted": 1.09,
    "weightedAverageShsOut": 130489000,
    "weightedAverageShsOutDil": 135762000,
    "link": "https://www.sec.gov/Archives/edgar/data/1000697/000092701603001234/0000927016-03-001234-index.htm",
    "finalLink": "https://www.sec.gov/Archives/edgar/data/1000697/000092701603001234/d10k.htm"
  },
  {
    "date": "2001-12-31",
    "symbol": "WAT",
    "reportedCurrency": "USD",
    "cik": "0001000697",
    "fillingDate": "2002-03-28",
    "acceptedDate": "2002-03-28 00:00:00",
    "calendarYear": "2001",
    "period": "FY",
    "revenue": 859208000,
    "costOfRevenue": 311232000,
    "grossProfit": 547976000,
    "grossProfitRatio": 0.6377687359,
    "researchAndDevelopmentExpenses": 46602000,
    "generalAndAdministrativeExpenses": 0,
    "sellingAndMarketingExpenses": 0,
    "sellingGeneralAndAdministrativeExpenses": 269706000,
    "otherExpenses": 82141000,
    "operatingExpenses": 398449000,
    "costAndExpenses": 709681000,
    "interestIncome": 0,
    "interestExpense": 0,
    "depreciationAndAmortization": 33951000,
    "ebitda": 183478000,
    "ebitdaratio": 0.21354317,
    "operatingIncome": 149527000,
    "operatingIncomeRatio": 0.1740288731,
    "totalOtherIncomeExpensesNet": -2101000,
    "incomeBeforeTax": 147426000,
    "incomeBeforeTaxRatio": 0.1715835979,
    "incomeTaxExpense": 32883000,
    "netIncome": 114543000,
    "netIncomeRatio": 0.1333123062,
    "eps": 0.88,
    "epsdiluted": 0.83,
    "weightedAverageShsOut": 130559000,
    "weightedAverageShsOutDil": 137509000,
    "link": "https://www.sec.gov/Archives/edgar/data/1000697/000092701602001727/0000927016-02-001727-index.htm",
    "finalLink": "https://www.sec.gov/Archives/edgar/data/1000697/000092701602001727/d10k405.txt"
  },
  {
    "date": "2000-12-31",
    "symbol": "WAT",
    "reportedCurrency": "USD",
    "cik": "0001000697",
    "fillingDate": "2001-03-27",
    "acceptedDate": "2001-03-27 00:00:00",
    "calendarYear": "2000",
    "period": "FY",
    "revenue": 795071000,
    "costOfRevenue": 265904000,
    "grossProfit": 529167000,
    "grossProfitRatio": 0.665559428,
    "researchAndDevelopmentExpenses": 42513000,
    "generalAndAdministrativeExpenses": 0,
    "sellingAndMarketingExpenses": 0,
    "sellingGeneralAndAdministrativeExpenses": 246390000,
    "otherExpenses": 29437000,
    "operatingExpenses": 318340000,
    "costAndExpenses": 584244000,
    "interestIncome": 0,
    "interestExpense": 0,
    "depreciationAndAmortization": 29437000,
    "ebitda": 240264000,
    "ebitdaratio": 0.3021918797,
    "operatingIncome": 210827000,
    "operatingIncomeRatio": 0.2651675133,
    "totalOtherIncomeExpensesNet": 135000,
    "incomeBeforeTax": 210962000,
    "incomeBeforeTaxRatio": 0.2653373095,
    "incomeTaxExpense": 54849000,
    "netIncome": 145342000,
    "netIncomeRatio": 0.1828037999,
    "eps": 1.14,
    "epsdiluted": 1.06,
    "weightedAverageShsOut": 127568000,
    "weightedAverageShsOutDil": 136743000,
    "link": "https://www.sec.gov/Archives/edgar/data/1000697/000092701601001505/0000927016-01-001505-index.htm",
    "finalLink": "https://www.sec.gov/Archives/edgar/data/1000697/000092701601001505/0000927016-01-001505-0001.txt"
  },
  {
    "date": "1999-12-31",
    "symbol": "WAT",
    "reportedCurrency": "USD",
    "cik": "0001000697",
    "fillingDate": "2000-03-30",
    "acceptedDate": "2000-03-30 00:00:00",
    "calendarYear": "1999",
    "period": "FY",
    "revenue": 704400000,
    "costOfRevenue": 235600000,
    "grossProfit": 468800000,
    "grossProfitRatio": 0.6655309483,
    "researchAndDevelopmentExpenses": 36100000,
    "generalAndAdministrativeExpenses": 0,
    "sellingAndMarketingExpenses": 0,
    "sellingGeneralAndAdministrativeExpenses": 226600000,
    "otherExpenses": 29600000,
    "operatingExpenses": 292300000,
    "costAndExpenses": 527900000,
    "interestIncome": 0,
    "interestExpense": 0,
    "depreciationAndAmortization": 29600000,
    "ebitda": 206100000,
    "ebitdaratio": 0.2925894378,
    "operatingIncome": 176500000,
    "operatingIncomeRatio": 0.2505678592,
    "totalOtherIncomeExpensesNet": -9000000,
    "incomeBeforeTax": 167500000,
    "incomeBeforeTaxRatio": 0.2377910278,
    "incomeTaxExpense": 45200000,
    "netIncome": 122300000,
    "netIncomeRatio": 0.1736229415,
    "eps": 0.99,
    "epsdiluted": 0.92,
    "weightedAverageShsOut": 123013000,
    "weightedAverageShsOutDil": 132632000,
    "link": "https://www.sec.gov/Archives/edgar/data/1000697/000091205700014883/0000912057-00-014883-index.html",
    "finalLink": "https://www.sec.gov/Archives/edgar/data/1000697/000091205700014883/"
  },
  {
    "date": "1998-12-31",
    "symbol": "WAT",
    "reportedCurrency": "USD",
    "cik": "0001000697",
    "fillingDate": "1999-03-31",
    "acceptedDate": "1999-03-31 00:00:00",
    "calendarYear": "1998",
    "period": "FY",
    "revenue": 618800000,
    "costOfRevenue": 213400000,
    "grossProfit": 405400000,
    "grossProfitRatio": 0.6551389787,
    "researchAndDevelopmentExpenses": 34400000,
    "generalAndAdministrativeExpenses": 0,
    "sellingAndMarketingExpenses": 0,
    "sellingGeneralAndAdministrativeExpenses": 206200000,
    "otherExpenses": 28400000,
    "operatingExpenses": 269000000,
    "costAndExpenses": 482400000,
    "interestIncome": 0,
    "interestExpense": 0,
    "depreciationAndAmortization": 28400000,
    "ebitda": 164800000,
    "ebitdaratio": 0.2663219134,
    "operatingIncome": 136400000,
    "operatingIncomeRatio": 0.2204266322,
    "totalOtherIncomeExpensesNet": -34900000,
    "incomeBeforeTax": 101500000,
    "incomeBeforeTaxRatio": 0.1640271493,
    "incomeTaxExpense": 27100000,
    "netIncome": 74400000,
    "netIncomeRatio": 0.1202327085,
    "eps": 0.61,
    "epsdiluted": 0.57,
    "weightedAverageShsOut": 119720000,
    "weightedAverageShsOutDil": 119720000,
    "link": "https://www.sec.gov/Archives/edgar/data/1000697/000104746999012709/0001047469-99-012709-index.html",
    "finalLink": "https://www.sec.gov/Archives/edgar/data/1000697/"
  },
  {
    "date": "1997-12-31",
    "symbol": "WAT",
    "reportedCurrency": "USD",
    "cik": "0001000697",
    "fillingDate": "1998-03-31",
    "acceptedDate": "1998-03-31 00:00:00",
    "calendarYear": "1997",
    "period": "FY",
    "revenue": 465500000,
    "costOfRevenue": 158700000,
    "grossProfit": 306800000,
    "grossProfitRatio": 0.6590762621,
    "researchAndDevelopmentExpenses": 80800000,
    "generalAndAdministrativeExpenses": 0,
    "sellingAndMarketingExpenses": 0,
    "sellingGeneralAndAdministrativeExpenses": 167300000,
    "otherExpenses": 21100000,
    "operatingExpenses": 269200000,
    "costAndExpenses": 427900000,
    "interestIncome": 0,
    "interestExpense": 0,
    "depreciationAndAmortization": 21100000,
    "ebitda": 58700000,
    "ebitdaratio": 0.1261009667,
    "operatingIncome": 37600000,
    "operatingIncomeRatio": 0.080773362,
    "totalOtherIncomeExpensesNet": -30100000,
    "incomeBeforeTax": 7500000,
    "incomeBeforeTaxRatio": 0.0161117078,
    "incomeTaxExpense": 15800000,
    "netIncome": -8300000,
    "netIncomeRatio": -0.01783029,
    "eps": -0.0712,
    "epsdiluted": -0.0712,
    "weightedAverageShsOut": 116508000,
    "weightedAverageShsOutDil": 116508000,
    "link": "https://www.sec.gov/Archives/edgar/data/1000697/000095013098001649/0000950130-98-001649-index.html",
    "finalLink": "https://www.sec.gov/Archives/edgar/data/1000697/"
  },
  {
    "date": "1996-12-31",
    "symbol": "WAT",
    "reportedCurrency": "USD",
    "cik": "0001000697",
    "fillingDate": "1997-03-31",
    "acceptedDate": "1997-03-31 00:00:00",
    "calendarYear": "1996",
    "period": "FY",
    "revenue": 391100000,
    "costOfRevenue": 133600000,
    "grossProfit": 257500000,
    "grossProfitRatio": 0.6583993863,
    "researchAndDevelopmentExpenses": 20900000,
    "generalAndAdministrativeExpenses": 0,
    "sellingAndMarketingExpenses": 0,
    "sellingGeneralAndAdministrativeExpenses": 148500000,
    "otherExpenses": 17800000,
    "operatingExpenses": 187200000,
    "costAndExpenses": 320800000,
    "interestIncome": 0,
    "interestExpense": 0,
    "depreciationAndAmortization": 17800000,
    "ebitda": 88100000,
    "ebitdaratio": 0.2252620813,
    "operatingIncome": 70300000,
    "operatingIncomeRatio": 0.1797494247,
    "totalOtherIncomeExpensesNet": -39200000,
    "incomeBeforeTax": 31100000,
    "incomeBeforeTaxRatio": 0.0795193045,
    "incomeTaxExpense": 11200000,
    "netIncome": -2400000,
    "netIncomeRatio": -0.006136538,
    "eps": -0.02,
    "epsdiluted": -0.02,
    "weightedAverageShsOut": 120000000,
    "weightedAverageShsOutDil": 120000000,
    "link": "https://www.sec.gov/Archives/edgar/data/1000697/000095013097001436/0000950130-97-001436-index.html",
    "finalLink": "https://www.sec.gov/Archives/edgar/data/1000697/"
  },
  {
    "date": "1995-12-31",
    "symbol": "WAT",
    "reportedCurrency": "USD",
    "cik": "0001000697",
    "fillingDate": "1995-12-31",
    "acceptedDate": "1995-12-31 00:00:00",
    "calendarYear": "1995",
    "period": "FY",
    "revenue": 333000000,
    "costOfRevenue": 109700000,
    "grossProfit": 223300000,
    "grossProfitRatio": 0.6705705706,
    "researchAndDevelopmentExpenses": 17700000,
    "generalAndAdministrativeExpenses": 0,
    "sellingAndMarketingExpenses": 0,
    "sellingGeneralAndAdministrativeExpenses": 132700000,
    "otherExpenses": 16500000,
    "operatingExpenses": 166900000,
    "costAndExpenses": 276600000,
    "interestIncome": 0,
    "interestExpense": 0,
    "depreciationAndAmortization": 16500000,
    "ebitda": 72900000,
    "ebitdaratio": 0.2189189189,
    "operatingIncome": 56400000,
    "operatingIncomeRatio": 0.1693693694,
    "totalOtherIncomeExpensesNet": -39200000,
    "incomeBeforeTax": 17200000,
    "incomeBeforeTaxRatio": 0.0516516517,
    "incomeTaxExpense": 3100000,
    "netIncome": 2000000,
    "netIncomeRatio": 0.006006006,
    "eps": 0.01,
    "epsdiluted": 0.01,
    "weightedAverageShsOut": 110000000,
    "weightedAverageShsOutDil": 110000000,
    "link": null,
    "finalLink": null
  }
]