[
  {
    "date": "2025-06-30",
    "symbol": "WBD",
    "reportedCurrency": "USD",
    "cik": "0001437107",
    "fillingDate": "2025-08-07",
    "acceptedDate": "2025-08-07 15:51:56",
    "calendarYear": "2025",
    "period": "Q2",
    "revenue": 9812000000,
    "costOfRevenue": 5967000000,
    "grossProfit": 3845000000,
    "grossProfitRatio": 0.3918671015,
    "researchAndDevelopmentExpenses": 0,
    "generalAndAdministrativeExpenses": 0,
    "sellingAndMarketingExpenses": 0,
    "sellingGeneralAndAdministrativeExpenses": 2477000000,
    "otherExpenses": 1553000000,
    "operatingExpenses": 4030000000,
    "costAndExpenses": 9997000000,
    "interestIncome": 59000000,
    "interestExpense": 463000000,
    "depreciationAndAmortization": 5090000000,
    "ebitda": 8007000000,
    "ebitdaratio": 0.8160415817,
    "operatingIncome": -185000000,
    "operatingIncomeRatio": -0.0188544639,
    "totalOtherIncomeExpensesNet": 2639000000,
    "incomeBeforeTax": 2454000000,
    "incomeBeforeTaxRatio": 0.250101916,
    "incomeTaxExpense": 866000000,
    "netIncome": 1580000000,
    "netIncomeRatio": 0.1610273135,
    "eps": 0.64,
    "epsdiluted": 0.63,
    "weightedAverageShsOut": 2477000000,
    "weightedAverageShsOutDil": 2499000000,
    "link": "https://www.sec.gov/Archives/edgar/data/1437107/000143710725000192/0001437107-25-000192-index.htm",
    "finalLink": "https://www.sec.gov/Archives/edgar/data/1437107/000143710725000192/wbd-20250630.htm"
  },
  {
    "date": "2025-03-31",
    "symbol": "WBD",
    "reportedCurrency": "USD",
    "cik": "0001437107",
    "fillingDate": "2025-05-08",
    "acceptedDate": "2025-05-08 14:33:51",
    "calendarYear": "2025",
    "period": "Q1",
    "revenue": 8979000000,
    "costOfRevenue": 5131000000,
    "grossProfit": 3848000000,
    "grossProfitRatio": 0.4285555184,
    "researchAndDevelopmentExpenses": 0,
    "generalAndAdministrativeExpenses": 0,
    "sellingAndMarketingExpenses": 0,
    "sellingGeneralAndAdministrativeExpenses": 2194000000,
    "otherExpenses": 1691000000,
    "operatingExpenses": 3885000000,
    "costAndExpenses": 9016000000,
    "interestIncome": 64000000,
    "interestExpense": 468000000,
    "depreciationAndAmortization": 4692000000,
    "ebitda": 4726000000,
    "ebitdaratio": 0.526339236,
    "operatingIncome": -37000000,
    "operatingIncomeRatio": -0.0041207261,
    "totalOtherIncomeExpensesNet": -397000000,
    "incomeBeforeTax": -434000000,
    "incomeBeforeTaxRatio": -0.0483350039,
    "incomeTaxExpense": 15000000,
    "netIncome": -453000000,
    "netIncomeRatio": -0.0504510525,
    "eps": -0.18,
    "epsdiluted": -0.18,
    "weightedAverageShsOut": 2462000000,
    "weightedAverageShsOutDil": 2462000000,
    "link": "https://www.sec.gov/Archives/edgar/data/1437107/000143710725000096/0001437107-25-000096-index.htm",
    "finalLink": "https://www.sec.gov/Archives/edgar/data/1437107/000143710725000096/disca-20250331.htm"
  },
  {
    "date": "2024-12-31",
    "symbol": "WBD",
    "reportedCurrency": "USD",
    "cik": "0001437107",
    "fillingDate": "2025-02-27",
    "acceptedDate": "2025-02-27 12:21:20",
    "calendarYear": "2024",
    "period": "Q4",
    "revenue": 10027000000,
    "costOfRevenue": 5527000000,
    "grossProfit": 4500000000,
    "grossProfitRatio": 0.4487882717,
    "researchAndDevelopmentExpenses": 0,
    "generalAndAdministrativeExpenses": 0,
    "sellingAndMarketingExpenses": 0,
    "sellingGeneralAndAdministrativeExpenses": 2218000000,
    "otherExpenses": 2120000000,
    "operatingExpenses": 4338000000,
    "costAndExpenses": 9865000000,
    "interestIncome": 38000000,
    "interestExpense": 490000000,
    "depreciationAndAmortization": 4710000000,
    "ebitda": 4844000000,
    "ebitdaratio": 0.4830956418,
    "operatingIncome": 162000000,
    "operatingIncomeRatio": 0.0161563778,
    "totalOtherIncomeExpensesNet": -518000000,
    "incomeBeforeTax": -356000000,
    "incomeBeforeTaxRatio": -0.0355041388,
    "incomeTaxExpense": 284000000,
    "netIncome": -494000000,
    "netIncomeRatio": -0.0492669792,
    "eps": -0.2,
    "epsdiluted": -0.2,
    "weightedAverageShsOut": 2454000000,
    "weightedAverageShsOutDil": 2454000000,
    "link": "https://www.sec.gov/Archives/edgar/data/1437107/000143710725000031/0001437107-25-000031-index.htm",
    "finalLink": "https://www.sec.gov/Archives/edgar/data/1437107/000143710725000031/wbd-20241231.htm"
  },
  {
    "date": "2024-09-30",
    "symbol": "WBD",
    "reportedCurrency": "USD",
    "cik": "0001437107",
    "fillingDate": "2024-11-07",
    "acceptedDate": "2024-11-07 09:47:17",
    "calendarYear": "2024",
    "period": "Q3",
    "revenue": 9623000000,
    "costOfRevenue": 5181000000,
    "grossProfit": 4442000000,
    "grossProfitRatio": 0.4616024109,
    "researchAndDevelopmentExpenses": 0,
    "generalAndAdministrativeExpenses": 0,
    "sellingAndMarketingExpenses": 0,
    "sellingGeneralAndAdministrativeExpenses": 2385000000,
    "otherExpenses": 1776000000,
    "operatingExpenses": 4161000000,
    "costAndExpenses": 9342000000,
    "interestIncome": 49000000,
    "interestExpense": 494000000,
    "depreciationAndAmortization": 5072000000,
    "ebitda": 5388000000,
    "ebitdaratio": 0.5599085524,
    "operatingIncome": 281000000,
    "operatingIncomeRatio": 0.0292008729,
    "totalOtherIncomeExpensesNet": -459000000,
    "incomeBeforeTax": -178000000,
    "incomeBeforeTaxRatio": -0.0184973501,
    "incomeTaxExpense": -319000000,
    "netIncome": 135000000,
    "netIncomeRatio": 0.0140288891,
    "eps": 0.06,
    "epsdiluted": 0.0547,
    "weightedAverageShsOut": 2453000000,
    "weightedAverageShsOutDil": 2470000000,
    "link": "https://www.sec.gov/Archives/edgar/data/1437107/000143710724000187/0001437107-24-000187-index.htm",
    "finalLink": "https://www.sec.gov/Archives/edgar/data/1437107/000143710724000187/disca-20240930.htm"
  },
  {
    "date": "2024-06-30",
    "symbol": "WBD",
    "reportedCurrency": "USD",
    "cik": "0001437107",
    "fillingDate": "2024-08-07",
    "acceptedDate": "2024-08-07 16:58:48",
    "calendarYear": "2024",
    "period": "Q2",
    "revenue": 9713000000,
    "costOfRevenue": 6204000000,
    "grossProfit": 3509000000,
    "grossProfitRatio": 0.3612684032,
    "researchAndDevelopmentExpenses": 0,
    "generalAndAdministrativeExpenses": 0,
    "sellingAndMarketingExpenses": 0,
    "sellingGeneralAndAdministrativeExpenses": 2461000000,
    "otherExpenses": 11256000000,
    "operatingExpenses": 13717000000,
    "costAndExpenses": 19921000000,
    "interestIncome": 63000000,
    "interestExpense": 518000000,
    "depreciationAndAmortization": 5486000000,
    "ebitda": -4031000000,
    "ebitdaratio": -0.4150108103,
    "operatingIncome": -10208000000,
    "operatingIncomeRatio": -1.0509626274,
    "totalOtherIncomeExpensesNet": 173000000,
    "incomeBeforeTax": -10035000000,
    "incomeBeforeTaxRatio": -1.0331514465,
    "incomeTaxExpense": -7000000,
    "netIncome": -9986000000,
    "netIncomeRatio": -1.0281066612,
    "eps": -4.07,
    "epsdiluted": -4.07,
    "weightedAverageShsOut": 2451000000,
    "weightedAverageShsOutDil": 2451000000,
    "link": "https://www.sec.gov/Archives/edgar/data/1437107/000143710724000165/0001437107-24-000165-index.htm",
    "finalLink": "https://www.sec.gov/Archives/edgar/data/1437107/000143710724000165/disca-20240630.htm"
  },
  {
    "date": "2024-03-31",
    "symbol": "WBD",
    "reportedCurrency": "USD",
    "cik": "0001437107",
    "fillingDate": "2024-05-09",
    "acceptedDate": "2024-05-09 12:37:42",
    "calendarYear": "2024",
    "period": "Q1",
    "revenue": 9958000000,
    "costOfRevenue": 6058000000,
    "grossProfit": 3900000000,
    "grossProfitRatio": 0.3916449086,
    "researchAndDevelopmentExpenses": 0,
    "generalAndAdministrativeExpenses": 0,
    "sellingAndMarketingExpenses": 0,
    "sellingGeneralAndAdministrativeExpenses": 2232000000,
    "otherExpenses": 1935000000,
    "operatingExpenses": 4167000000,
    "costAndExpenses": 10225000000,
    "interestIncome": 60000000,
    "interestExpense": 515000000,
    "depreciationAndAmortization": 5715000000,
    "ebitda": 5411000000,
    "ebitdaratio": 0.5433822053,
    "operatingIncome": -267000000,
    "operatingIncomeRatio": -0.026812613,
    "totalOtherIncomeExpensesNet": -552000000,
    "incomeBeforeTax": -819000000,
    "incomeBeforeTaxRatio": -0.0822454308,
    "incomeTaxExpense": 136000000,
    "netIncome": -966000000,
    "netIncomeRatio": -0.0970074312,
    "eps": -0.4,
    "epsdiluted": -0.4,
    "weightedAverageShsOut": 2443000000,
    "weightedAverageShsOutDil": 2443000000,
    "link": "https://www.sec.gov/Archives/edgar/data/1437107/000143710724000110/0001437107-24-000110-index.htm",
    "finalLink": "https://www.sec.gov/Archives/edgar/data/1437107/000143710724000110/disca-20240331.htm"
  },
  {
    "date": "2023-12-31",
    "symbol": "WBD",
    "reportedCurrency": "USD",
    "cik": "0001437107",
    "fillingDate": "2024-02-23",
    "acceptedDate": "2024-02-23 17:10:16",
    "calendarYear": "2023",
    "period": "Q4",
    "revenue": 10284000000,
    "costOfRevenue": 5896000000,
    "grossProfit": 4388000000,
    "grossProfitRatio": 0.4266822248,
    "researchAndDevelopmentExpenses": 0,
    "generalAndAdministrativeExpenses": 0,
    "sellingAndMarketingExpenses": 0,
    "sellingGeneralAndAdministrativeExpenses": 2455000000,
    "otherExpenses": 2115000000,
    "operatingExpenses": 4570000000,
    "costAndExpenses": 10466000000,
    "interestIncome": 51000000,
    "interestExpense": 502000000,
    "depreciationAndAmortization": 5501000000,
    "ebitda": 5390000000,
    "ebitdaratio": 0.5241151303,
    "operatingIncome": -182000000,
    "operatingIncomeRatio": -0.017697394,
    "totalOtherIncomeExpensesNet": -431000000,
    "incomeBeforeTax": -613000000,
    "incomeBeforeTaxRatio": -0.0596071567,
    "incomeTaxExpense": -221000000,
    "netIncome": -400000000,
    "netIncomeRatio": -0.0388953715,
    "eps": -0.16,
    "epsdiluted": -0.16,
    "weightedAverageShsOut": 2436000000,
    "weightedAverageShsOutDil": 2436000000,
    "link": "https://www.sec.gov/Archives/edgar/data/1437107/000143710724000017/0001437107-24-000017-index.htm",
    "finalLink": "https://www.sec.gov/Archives/edgar/data/1437107/000143710724000017/wbd-20231231.htm"
  },
  {
    "date": "2023-09-30",
    "symbol": "WBD",
    "reportedCurrency": "USD",
    "cik": "0001437107",
    "fillingDate": "2023-11-08",
    "acceptedDate": "2023-11-08 17:03:16",
    "calendarYear": "2023",
    "period": "Q3",
    "revenue": 9979000000,
    "costOfRevenue": 5309000000,
    "grossProfit": 4670000000,
    "grossProfitRatio": 0.4679827638,
    "researchAndDevelopmentExpenses": 0,
    "generalAndAdministrativeExpenses": 0,
    "sellingAndMarketingExpenses": 0,
    "sellingGeneralAndAdministrativeExpenses": 2291000000,
    "otherExpenses": 2282000000,
    "operatingExpenses": 4573000000,
    "costAndExpenses": 9882000000,
    "interestIncome": 43000000,
    "interestExpense": 574000000,
    "depreciationAndAmortization": 5175000000,
    "ebitda": 5217000000,
    "ebitdaratio": 0.5227978755,
    "operatingIncome": 97000000,
    "operatingIncomeRatio": 0.0097204129,
    "totalOtherIncomeExpensesNet": -629000000,
    "incomeBeforeTax": -532000000,
    "incomeBeforeTaxRatio": -0.0533119551,
    "incomeTaxExpense": -125000000,
    "netIncome": -417000000,
    "netIncomeRatio": -0.0417877543,
    "eps": -0.17,
    "epsdiluted": -0.17,
    "weightedAverageShsOut": 2438000000,
    "weightedAverageShsOutDil": 2438000000,
    "link": "https://www.sec.gov/Archives/edgar/data/1437107/000143710723000173/0001437107-23-000173-index.htm",
    "finalLink": "https://www.sec.gov/Archives/edgar/data/1437107/000143710723000173/disca-20230930.htm"
  },
  {
    "date": "2023-06-30",
    "symbol": "WBD",
    "reportedCurrency": "USD",
    "cik": "0001437107",
    "fillingDate": "2023-08-03",
    "acceptedDate": "2023-08-03 14:38:41",
    "calendarYear": "2023",
    "period": "Q2",
    "revenue": 10358000000,
    "costOfRevenue": 6636000000,
    "grossProfit": 3722000000,
    "grossProfitRatio": 0.3593357791,
    "researchAndDevelopmentExpenses": 0,
    "generalAndAdministrativeExpenses": 0,
    "sellingAndMarketingExpenses": 0,
    "sellingGeneralAndAdministrativeExpenses": 2562000000,
    "otherExpenses": 2066000000,
    "operatingExpenses": 4628000000,
    "costAndExpenses": 11264000000,
    "interestIncome": 40000000,
    "interestExpense": 574000000,
    "depreciationAndAmortization": 6552000000,
    "ebitda": 5646000000,
    "ebitdaratio": 0.5450859239,
    "operatingIncome": -906000000,
    "operatingIncomeRatio": -0.0874686233,
    "totalOtherIncomeExpensesNet": -574000000,
    "incomeBeforeTax": -1480000000,
    "incomeBeforeTaxRatio": -0.1428847268,
    "incomeTaxExpense": -260000000,
    "netIncome": -1240000000,
    "netIncomeRatio": -0.1197142305,
    "eps": -0.51,
    "epsdiluted": -0.51,
    "weightedAverageShsOut": 2437000000,
    "weightedAverageShsOutDil": 2437000000,
    "link": "https://www.sec.gov/Archives/edgar/data/1437107/000143710723000144/0001437107-23-000144-index.htm",
    "finalLink": "https://www.sec.gov/Archives/edgar/data/1437107/000143710723000144/disca-20230630.htm"
  },
  {
    "date": "2023-03-31",
    "symbol": "WBD",
    "reportedCurrency": "USD",
    "cik": "0001437107",
    "fillingDate": "2023-05-05",
    "acceptedDate": "2023-05-05 10:07:33",
    "calendarYear": "2023",
    "period": "Q1",
    "revenue": 10700000000,
    "costOfRevenue": 6685000000,
    "grossProfit": 4015000000,
    "grossProfitRatio": 0.3752336449,
    "researchAndDevelopmentExpenses": 0,
    "generalAndAdministrativeExpenses": 0,
    "sellingAndMarketingExpenses": 0,
    "sellingGeneralAndAdministrativeExpenses": 2388000000,
    "otherExpenses": 2184000000,
    "operatingExpenses": 4572000000,
    "costAndExpenses": 11257000000,
    "interestIncome": 45000000,
    "interestExpense": 571000000,
    "depreciationAndAmortization": 6781000000,
    "ebitda": 6114000000,
    "ebitdaratio": 0.5714018692,
    "operatingIncome": -557000000,
    "operatingIncomeRatio": -0.0520560748,
    "totalOtherIncomeExpensesNet": -681000000,
    "incomeBeforeTax": -1238000000,
    "incomeBeforeTaxRatio": -0.1157009346,
    "incomeTaxExpense": -178000000,
    "netIncome": -1069000000,
    "netIncomeRatio": -0.0999065421,
    "eps": -0.44,
    "epsdiluted": -0.44,
    "weightedAverageShsOut": 2432000000,
    "weightedAverageShsOutDil": 2432000000,
    "link": "https://www.sec.gov/Archives/edgar/data/1437107/000143710723000077/0001437107-23-000077-index.htm",
    "finalLink": "https://www.sec.gov/Archives/edgar/data/1437107/000143710723000077/disca-20230331.htm"
  },
  {
    "date": "2022-12-31",
    "symbol": "WBD",
    "reportedCurrency": "USD",
    "cik": "0001437107",
    "fillingDate": "2023-02-24",
    "acceptedDate": "2023-02-24 16:09:13",
    "calendarYear": "2022",
    "period": "Q4",
    "revenue": 11008000000,
    "costOfRevenue": 6954000000,
    "grossProfit": 4054000000,
    "grossProfitRatio": 0.3682776163,
    "researchAndDevelopmentExpenses": 0,
    "generalAndAdministrativeExpenses": 0,
    "sellingAndMarketingExpenses": 0,
    "sellingGeneralAndAdministrativeExpenses": 2511000000,
    "otherExpenses": 3437000000,
    "operatingExpenses": 5948000000,
    "costAndExpenses": 12902000000,
    "interestIncome": 0,
    "interestExpense": 558000000,
    "depreciationAndAmortization": 6304000000,
    "ebitda": 4321000000,
    "ebitdaratio": 0.3925327035,
    "operatingIncome": -1894000000,
    "operatingIncomeRatio": -0.172056686,
    "totalOtherIncomeExpensesNet": -647000000,
    "incomeBeforeTax": -2541000000,
    "incomeBeforeTaxRatio": -0.2308321221,
    "incomeTaxExpense": -462000000,
    "netIncome": -2101000000,
    "netIncomeRatio": -0.1908611919,
    "eps": 0,
    "epsdiluted": -0.86,
    "weightedAverageShsOut": 2429000000,
    "weightedAverageShsOutDil": 2429000000,
    "link": "https://www.sec.gov/Archives/edgar/data/1437107/000143710723000019/0001437107-23-000019-index.htm",
    "finalLink": "https://www.sec.gov/Archives/edgar/data/1437107/000143710723000019/disca-20221231.htm"
  },
  {
    "date": "2022-09-30",
    "symbol": "WBD",
    "reportedCurrency": "USD",
    "cik": "0001437107",
    "fillingDate": "2022-11-04",
    "acceptedDate": "2022-11-03 17:50:21",
    "calendarYear": "2022",
    "period": "Q3",
    "revenue": 9823000000,
    "costOfRevenue": 5627000000,
    "grossProfit": 4196000000,
    "grossProfitRatio": 0.4271607452,
    "researchAndDevelopmentExpenses": 0,
    "generalAndAdministrativeExpenses": 0,
    "sellingAndMarketingExpenses": 0,
    "sellingGeneralAndAdministrativeExpenses": 2589000000,
    "otherExpenses": 3797000000,
    "operatingExpenses": 6386000000,
    "costAndExpenses": 12013000000,
    "interestIncome": 20000000,
    "interestExpense": 555000000,
    "depreciationAndAmortization": 7083000000,
    "ebitda": 4787000000,
    "ebitdaratio": 0.4873256643,
    "operatingIncome": -2190000000,
    "operatingIncomeRatio": -0.2229461468,
    "totalOtherIncomeExpensesNet": -661000000,
    "incomeBeforeTax": -2851000000,
    "incomeBeforeTaxRatio": -0.2902371984,
    "incomeTaxExpense": -566000000,
    "netIncome": -2308000000,
    "netIncomeRatio": -0.2349587702,
    "eps": -0.95,
    "epsdiluted": -0.95,
    "weightedAverageShsOut": 2428000000,
    "weightedAverageShsOutDil": 2428000000,
    "link": "https://www.sec.gov/Archives/edgar/data/1437107/000143710722000231/0001437107-22-000231-index.htm",
    "finalLink": "https://www.sec.gov/Archives/edgar/data/1437107/000143710722000231/disca-20220930.htm"
  },
  {
    "date": "2022-06-30",
    "symbol": "WBD",
    "reportedCurrency": "USD",
    "cik": "0001437107",
    "fillingDate": "2022-08-05",
    "acceptedDate": "2022-08-04 22:01:59",
    "calendarYear": "2022",
    "period": "Q2",
    "revenue": 9827000000,
    "costOfRevenue": 6625000000,
    "grossProfit": 3202000000,
    "grossProfitRatio": 0.3258369797,
    "researchAndDevelopmentExpenses": 0,
    "generalAndAdministrativeExpenses": 0,
    "sellingAndMarketingExpenses": 0,
    "sellingGeneralAndAdministrativeExpenses": 3538000000,
    "otherExpenses": 3303000000,
    "operatingExpenses": 6841000000,
    "costAndExpenses": 13466000000,
    "interestIncome": 0,
    "interestExpense": 511000000,
    "depreciationAndAmortization": 7884000000,
    "ebitda": 4151000000,
    "ebitdaratio": 0.4224076524,
    "operatingIncome": -3639000000,
    "operatingIncomeRatio": -0.370306299,
    "totalOtherIncomeExpensesNet": -605000000,
    "incomeBeforeTax": -4244000000,
    "incomeBeforeTaxRatio": -0.4318713748,
    "incomeTaxExpense": -836000000,
    "netIncome": -3418000000,
    "netIncomeRatio": -0.3478172382,
    "eps": -1.5,
    "epsdiluted": -1.5,
    "weightedAverageShsOut": 2286000000,
    "weightedAverageShsOutDil": 2286000000,
    "link": "https://www.sec.gov/Archives/edgar/data/1437107/000143710722000209/0001437107-22-000209-index.htm",
    "finalLink": "https://www.sec.gov/Archives/edgar/data/1437107/000143710722000209/disca-20220630.htm"
  },
  {
    "date": "2022-03-31",
    "symbol": "WBD",
    "reportedCurrency": "USD",
    "cik": "0001437107",
    "fillingDate": "2022-04-26",
    "acceptedDate": "2022-04-26 15:32:19",
    "calendarYear": "2022",
    "period": "Q1",
    "revenue": 3159000000,
    "costOfRevenue": 1236000000,
    "grossProfit": 1923000000,
    "grossProfitRatio": 0.6087369421,
    "researchAndDevelopmentExpenses": 0,
    "generalAndAdministrativeExpenses": 0,
    "sellingAndMarketingExpenses": 0,
    "sellingGeneralAndAdministrativeExpenses": 1040000000,
    "otherExpenses": 530000000,
    "operatingExpenses": 1570000000,
    "costAndExpenses": 2806000000,
    "interestIncome": 2000000,
    "interestExpense": 153000000,
    "depreciationAndAmortization": 1498000000,
    "ebitda": 2327000000,
    "ebitdaratio": 0.7366255144,
    "operatingIncome": 353000000,
    "operatingIncomeRatio": 0.1117442229,
    "totalOtherIncomeExpensesNet": 323000000,
    "incomeBeforeTax": 676000000,
    "incomeBeforeTaxRatio": 0.2139917695,
    "incomeTaxExpense": 201000000,
    "netIncome": 456000000,
    "netIncomeRatio": 0.1443494777,
    "eps": 0.69,
    "epsdiluted": 0.69,
    "weightedAverageShsOut": 591000000,
    "weightedAverageShsOutDil": 665000000,
    "link": "https://www.sec.gov/Archives/edgar/data/1437107/000143710722000138/0001437107-22-000138-index.htm",
    "finalLink": "https://www.sec.gov/Archives/edgar/data/1437107/000143710722000138/disca-20220331.htm"
  },
  {
    "date": "2021-12-31",
    "symbol": "WBD",
    "reportedCurrency": "USD",
    "cik": "0001437107",
    "fillingDate": "2022-02-24",
    "acceptedDate": "2022-02-24 14:14:26",
    "calendarYear": "2021",
    "period": "Q4",
    "revenue": 3187000000,
    "costOfRevenue": 1067000000,
    "grossProfit": 2120000000,
    "grossProfitRatio": 0.6652023847,
    "researchAndDevelopmentExpenses": 0,
    "generalAndAdministrativeExpenses": 0,
    "sellingAndMarketingExpenses": 0,
    "sellingGeneralAndAdministrativeExpenses": 1069000000,
    "otherExpenses": 543000000,
    "operatingExpenses": 1612000000,
    "costAndExpenses": 2679000000,
    "interestIncome": 14000000,
    "interestExpense": 154000000,
    "depreciationAndAmortization": 1305000000,
    "ebitda": 1642000000,
    "ebitdaratio": 0.5152180734,
    "operatingIncome": 508000000,
    "operatingIncomeRatio": 0.1593975526,
    "totalOtherIncomeExpensesNet": -325000000,
    "incomeBeforeTax": 183000000,
    "incomeBeforeTaxRatio": 0.0574207719,
    "incomeTaxExpense": 92000000,
    "netIncome": 38000000,
    "netIncomeRatio": 0.011923439,
    "eps": 0.08,
    "epsdiluted": 0.081,
    "weightedAverageShsOut": 511000000,
    "weightedAverageShsOutDil": 667000000,
    "link": "https://www.sec.gov/Archives/edgar/data/1437107/000143710722000031/0001437107-22-000031-index.htm",
    "finalLink": "https://www.sec.gov/Archives/edgar/data/1437107/000143710722000031/disca-20211231.htm"
  },
  {
    "date": "2021-09-30",
    "symbol": "WBD",
    "reportedCurrency": "USD",
    "cik": "0001437107",
    "fillingDate": "2021-11-03",
    "acceptedDate": "2021-11-03 14:48:47",
    "calendarYear": "2021",
    "period": "Q3",
    "revenue": 3150000000,
    "costOfRevenue": 1529000000,
    "grossProfit": 1621000000,
    "grossProfitRatio": 0.5146031746,
    "researchAndDevelopmentExpenses": 0,
    "generalAndAdministrativeExpenses": 0,
    "sellingAndMarketingExpenses": 0,
    "sellingGeneralAndAdministrativeExpenses": 944000000,
    "otherExpenses": 348000000,
    "operatingExpenses": 1292000000,
    "costAndExpenses": 2821000000,
    "interestIncome": 0,
    "interestExpense": 159000000,
    "depreciationAndAmortization": 1557000000,
    "ebitda": 1949000000,
    "ebitdaratio": 0.6187301587,
    "operatingIncome": 329000000,
    "operatingIncomeRatio": 0.1044444444,
    "totalOtherIncomeExpensesNet": -96000000,
    "incomeBeforeTax": 233000000,
    "incomeBeforeTaxRatio": 0.073968254,
    "incomeTaxExpense": 36000000,
    "netIncome": 156000000,
    "netIncomeRatio": 0.0495238095,
    "eps": 0.24,
    "epsdiluted": 0.24,
    "weightedAverageShsOut": 589000000,
    "weightedAverageShsOutDil": 663000000,
    "link": "https://www.sec.gov/Archives/edgar/data/1437107/000143710721000183/0001437107-21-000183-index.htm",
    "finalLink": "https://www.sec.gov/Archives/edgar/data/1437107/000143710721000183/disca-20210930.htm"
  },
  {
    "date": "2021-06-30",
    "symbol": "WBD",
    "reportedCurrency": "USD",
    "cik": "0001437107",
    "fillingDate": "2021-08-03",
    "acceptedDate": "2021-08-03 14:03:23",
    "calendarYear": "2021",
    "period": "Q2",
    "revenue": 3062000000,
    "costOfRevenue": 1055000000,
    "grossProfit": 2007000000,
    "grossProfitRatio": 0.6554539517,
    "researchAndDevelopmentExpenses": 0,
    "generalAndAdministrativeExpenses": 0,
    "sellingAndMarketingExpenses": 0,
    "sellingGeneralAndAdministrativeExpenses": 952000000,
    "otherExpenses": 276000000,
    "operatingExpenses": 1228000000,
    "costAndExpenses": 2283000000,
    "interestIncome": 2000000,
    "interestExpense": 157000000,
    "depreciationAndAmortization": 1114000000,
    "ebitda": 1991000000,
    "ebitdaratio": 0.6502286088,
    "operatingIncome": 779000000,
    "operatingIncomeRatio": 0.2544088831,
    "totalOtherIncomeExpensesNet": -59000000,
    "incomeBeforeTax": 720000000,
    "incomeBeforeTaxRatio": 0.2351404311,
    "incomeTaxExpense": 2000000,
    "netIncome": 672000000,
    "netIncomeRatio": 0.2194644024,
    "eps": 1.02,
    "epsdiluted": 1.01,
    "weightedAverageShsOut": 589000000,
    "weightedAverageShsOutDil": 664000000,
    "link": "https://www.sec.gov/Archives/edgar/data/1437107/000143710721000166/0001437107-21-000166-index.htm",
    "finalLink": "https://www.sec.gov/Archives/edgar/data/1437107/000143710721000166/disca-20210630.htm"
  },
  {
    "date": "2021-03-31",
    "symbol": "WBD",
    "reportedCurrency": "USD",
    "cik": "0001437107",
    "fillingDate": "2021-04-29",
    "acceptedDate": "2021-04-29 15:33:54",
    "calendarYear": "2021",
    "period": "Q1",
    "revenue": 2792000000,
    "costOfRevenue": 969000000,
    "grossProfit": 1823000000,
    "grossProfitRatio": 0.6529369628,
    "researchAndDevelopmentExpenses": 0,
    "generalAndAdministrativeExpenses": 0,
    "sellingAndMarketingExpenses": 0,
    "sellingGeneralAndAdministrativeExpenses": 1051000000,
    "otherExpenses": 376000000,
    "operatingExpenses": 1427000000,
    "costAndExpenses": 2396000000,
    "interestIncome": 1000000,
    "interestExpense": 163000000,
    "depreciationAndAmortization": 1104000000,
    "ebitda": 1564000000,
    "ebitdaratio": 0.5601719198,
    "operatingIncome": 396000000,
    "operatingIncomeRatio": 0.1418338109,
    "totalOtherIncomeExpensesNet": -99000000,
    "incomeBeforeTax": 297000000,
    "incomeBeforeTaxRatio": 0.1063753582,
    "incomeTaxExpense": 106000000,
    "netIncome": 140000000,
    "netIncomeRatio": 0.0501432665,
    "eps": 0.21,
    "epsdiluted": 0.21,
    "weightedAverageShsOut": 585000000,
    "weightedAverageShsOutDil": 667000000,
    "link": "https://www.sec.gov/Archives/edgar/data/1437107/000143710721000088/0001437107-21-000088-index.htm",
    "finalLink": "https://www.sec.gov/Archives/edgar/data/1437107/000143710721000088/disca-20210331.htm"
  },
  {
    "date": "2020-12-31",
    "symbol": "WBD",
    "reportedCurrency": "USD",
    "cik": "0001437107",
    "fillingDate": "2021-02-22",
    "acceptedDate": "2021-02-22 15:46:53",
    "calendarYear": "2020",
    "period": "Q4",
    "revenue": 2886000000,
    "costOfRevenue": 1129000000,
    "grossProfit": 1757000000,
    "grossProfitRatio": 0.6088011088,
    "researchAndDevelopmentExpenses": 0,
    "generalAndAdministrativeExpenses": 0,
    "sellingAndMarketingExpenses": 0,
    "sellingGeneralAndAdministrativeExpenses": 809000000,
    "otherExpenses": 460000000,
    "operatingExpenses": 1269000000,
    "costAndExpenses": 2398000000,
    "interestIncome": 4000000,
    "interestExpense": 163000000,
    "depreciationAndAmortization": 1196000000,
    "ebitda": 1775000000,
    "ebitdaratio": 0.615038115,
    "operatingIncome": 488000000,
    "operatingIncomeRatio": 0.1690921691,
    "totalOtherIncomeExpensesNet": -72000000,
    "incomeBeforeTax": 416000000,
    "incomeBeforeTaxRatio": 0.1441441441,
    "incomeTaxExpense": 98000000,
    "netIncome": 271000000,
    "netIncomeRatio": 0.0939015939,
    "eps": 0.42,
    "epsdiluted": 0.42,
    "weightedAverageShsOut": 489000000,
    "weightedAverageShsOutDil": 657000000,
    "link": "https://www.sec.gov/Archives/edgar/data/1437107/000143710721000018/0001437107-21-000018-index.htm",
    "finalLink": "https://www.sec.gov/Archives/edgar/data/1437107/000143710721000018/disca-20201231.htm"
  },
  {
    "date": "2020-09-30",
    "symbol": "WBD",
    "reportedCurrency": "USD",
    "cik": "0001437107",
    "fillingDate": "2020-11-06",
    "acceptedDate": "2020-11-05 20:29:55",
    "calendarYear": "2020",
    "period": "Q3",
    "revenue": 2561000000,
    "costOfRevenue": 1003000000,
    "grossProfit": 1558000000,
    "grossProfitRatio": 0.6083561109,
    "researchAndDevelopmentExpenses": 0,
    "generalAndAdministrativeExpenses": 0,
    "sellingAndMarketingExpenses": 0,
    "sellingGeneralAndAdministrativeExpenses": 633000000,
    "otherExpenses": 394000000,
    "operatingExpenses": 1027000000,
    "costAndExpenses": 2030000000,
    "interestIncome": 1000000,
    "interestExpense": 161000000,
    "depreciationAndAmortization": 1104000000,
    "ebitda": 1584000000,
    "ebitdaratio": 0.6185083952,
    "operatingIncome": 531000000,
    "operatingIncomeRatio": 0.2073408825,
    "totalOtherIncomeExpensesNet": -212000000,
    "incomeBeforeTax": 319000000,
    "incomeBeforeTaxRatio": 0.1245607185,
    "incomeTaxExpense": -11000000,
    "netIncome": 300000000,
    "netIncomeRatio": 0.1171417415,
    "eps": 0.44,
    "epsdiluted": 0.44,
    "weightedAverageShsOut": 505000000,
    "weightedAverageShsOutDil": 672000000,
    "link": "https://www.sec.gov/Archives/edgar/data/1437107/000143710720000089/0001437107-20-000089-index.htm",
    "finalLink": "https://www.sec.gov/Archives/edgar/data/1437107/000143710720000089/disca-20200930.htm"
  },
  {
    "date": "2020-06-30",
    "symbol": "WBD",
    "reportedCurrency": "USD",
    "cik": "0001437107",
    "fillingDate": "2020-08-05",
    "acceptedDate": "2020-08-05 15:55:46",
    "calendarYear": "2020",
    "period": "Q2",
    "revenue": 2541000000,
    "costOfRevenue": 810000000,
    "grossProfit": 1731000000,
    "grossProfitRatio": 0.681227863,
    "researchAndDevelopmentExpenses": 0,
    "generalAndAdministrativeExpenses": 0,
    "sellingAndMarketingExpenses": 0,
    "sellingGeneralAndAdministrativeExpenses": 635000000,
    "otherExpenses": 379000000,
    "operatingExpenses": 1014000000,
    "costAndExpenses": 1824000000,
    "interestIncome": 1000000,
    "interestExpense": 161000000,
    "depreciationAndAmortization": 985000000,
    "ebitda": 1602000000,
    "ebitdaratio": 0.6304604486,
    "operatingIncome": 717000000,
    "operatingIncomeRatio": 0.2821723731,
    "totalOtherIncomeExpensesNet": -261000000,
    "incomeBeforeTax": 456000000,
    "incomeBeforeTaxRatio": 0.1794569067,
    "incomeTaxExpense": 156000000,
    "netIncome": 271000000,
    "netIncomeRatio": 0.1066509248,
    "eps": 0.4,
    "epsdiluted": 0.4,
    "weightedAverageShsOut": 508000000,
    "weightedAverageShsOutDil": 674000000,
    "link": "https://www.sec.gov/Archives/edgar/data/1437107/000143710720000069/0001437107-20-000069-index.htm",
    "finalLink": "https://www.sec.gov/Archives/edgar/data/1437107/000143710720000069/disca-20200630.htm"
  },
  {
    "date": "2020-03-31",
    "symbol": "WBD",
    "reportedCurrency": "USD",
    "cik": "0001437107",
    "fillingDate": "2020-05-06",
    "acceptedDate": "2020-05-06 15:16:44",
    "calendarYear": "2020",
    "period": "Q1",
    "revenue": 2683000000,
    "costOfRevenue": 918000000,
    "grossProfit": 1765000000,
    "grossProfitRatio": 0.6578456951,
    "researchAndDevelopmentExpenses": 0,
    "generalAndAdministrativeExpenses": 0,
    "sellingAndMarketingExpenses": 0,
    "sellingGeneralAndAdministrativeExpenses": 645000000,
    "otherExpenses": 341000000,
    "operatingExpenses": 986000000,
    "costAndExpenses": 1904000000,
    "interestIncome": 4000000,
    "interestExpense": 163000000,
    "depreciationAndAmortization": 1030000000,
    "ebitda": 1730000000,
    "ebitdaratio": 0.6448005963,
    "operatingIncome": 779000000,
    "operatingIncomeRatio": 0.2903466269,
    "totalOtherIncomeExpensesNet": -242000000,
    "incomeBeforeTax": 537000000,
    "incomeBeforeTaxRatio": 0.2001490868,
    "incomeTaxExpense": 130000000,
    "netIncome": 377000000,
    "netIncomeRatio": 0.1405143496,
    "eps": 0.55,
    "epsdiluted": 0.55,
    "weightedAverageShsOut": 517000000,
    "weightedAverageShsOutDil": 685000000,
    "link": "https://www.sec.gov/Archives/edgar/data/1437107/000143710720000026/0001437107-20-000026-index.htm",
    "finalLink": "https://www.sec.gov/Archives/edgar/data/1437107/000143710720000026/disca-20200331.htm"
  },
  {
    "date": "2019-12-31",
    "symbol": "WBD",
    "reportedCurrency": "USD",
    "cik": "0001437107",
    "fillingDate": "2020-02-27",
    "acceptedDate": "2020-02-27 15:21:02",
    "calendarYear": "2019",
    "period": "Q4",
    "revenue": 2874000000,
    "costOfRevenue": 1037000000,
    "grossProfit": 1837000000,
    "grossProfitRatio": 0.6391788448,
    "researchAndDevelopmentExpenses": 0,
    "generalAndAdministrativeExpenses": 0,
    "sellingAndMarketingExpenses": 0,
    "sellingGeneralAndAdministrativeExpenses": 793000000,
    "otherExpenses": 339000000,
    "operatingExpenses": 1132000000,
    "costAndExpenses": 2169000000,
    "interestIncome": 4000000,
    "interestExpense": 162000000,
    "depreciationAndAmortization": 1108000000,
    "ebitda": 1833000000,
    "ebitdaratio": 0.6377870564,
    "operatingIncome": 705000000,
    "operatingIncomeRatio": 0.245302714,
    "totalOtherIncomeExpensesNet": -142000000,
    "incomeBeforeTax": 563000000,
    "incomeBeforeTaxRatio": 0.1958942241,
    "incomeTaxExpense": 52000000,
    "netIncome": 476000000,
    "netIncomeRatio": 0.1656228253,
    "eps": 0.68,
    "epsdiluted": 0.67,
    "weightedAverageShsOut": 527000000,
    "weightedAverageShsOutDil": 702000000,
    "link": "https://www.sec.gov/Archives/edgar/data/1437107/000143710720000006/0001437107-20-000006-index.htm",
    "finalLink": "https://www.sec.gov/Archives/edgar/data/1437107/000143710720000006/disca-2019123110kq4.htm"
  },
  {
    "date": "2019-09-30",
    "symbol": "WBD",
    "reportedCurrency": "USD",
    "cik": "0001437107",
    "fillingDate": "2019-11-07",
    "acceptedDate": "2019-11-07 12:50:03",
    "calendarYear": "2019",
    "period": "Q3",
    "revenue": 2678000000,
    "costOfRevenue": 914000000,
    "grossProfit": 1764000000,
    "grossProfitRatio": 0.6587005228,
    "researchAndDevelopmentExpenses": 0,
    "generalAndAdministrativeExpenses": 0,
    "sellingAndMarketingExpenses": 0,
    "sellingGeneralAndAdministrativeExpenses": 660000000,
    "otherExpenses": 485000000,
    "operatingExpenses": 1145000000,
    "costAndExpenses": 2059000000,
    "interestIncome": 9000000,
    "interestExpense": 163000000,
    "depreciationAndAmortization": 1022000000,
    "ebitda": 1629000000,
    "ebitdaratio": 0.6082897685,
    "operatingIncome": 619000000,
    "operatingIncomeRatio": 0.2311426438,
    "totalOtherIncomeExpensesNet": -175000000,
    "incomeBeforeTax": 444000000,
    "incomeBeforeTaxRatio": 0.1657953697,
    "incomeTaxExpense": 147000000,
    "netIncome": 262000000,
    "netIncomeRatio": 0.0978342046,
    "eps": 0.35,
    "epsdiluted": 0.35,
    "weightedAverageShsOut": 535000000,
    "weightedAverageShsOutDil": 713000000,
    "link": "https://www.sec.gov/Archives/edgar/data/1437107/000143710719000050/0001437107-19-000050-index.htm",
    "finalLink": "https://www.sec.gov/Archives/edgar/data/1437107/000143710719000050/disca-201993010q.htm"
  },
  {
    "date": "2019-06-30",
    "symbol": "WBD",
    "reportedCurrency": "USD",
    "cik": "0001437107",
    "fillingDate": "2019-08-06",
    "acceptedDate": "2019-08-06 17:00:00",
    "calendarYear": "2019",
    "period": "Q2",
    "revenue": 2885000000,
    "costOfRevenue": 938000000,
    "grossProfit": 1947000000,
    "grossProfitRatio": 0.6748700173,
    "researchAndDevelopmentExpenses": 0,
    "generalAndAdministrativeExpenses": 0,
    "sellingAndMarketingExpenses": 0,
    "sellingGeneralAndAdministrativeExpenses": 709000000,
    "otherExpenses": 327000000,
    "operatingExpenses": 1036000000,
    "costAndExpenses": 1974000000,
    "interestIncome": 0,
    "interestExpense": 161000000,
    "depreciationAndAmortization": 1001000000,
    "ebitda": 1878000000,
    "ebitdaratio": 0.6509532062,
    "operatingIncome": 911000000,
    "operatingIncomeRatio": 0.3157712305,
    "totalOtherIncomeExpensesNet": -195000000,
    "incomeBeforeTax": 716000000,
    "incomeBeforeTaxRatio": 0.2481802426,
    "incomeTaxExpense": -271000000,
    "netIncome": 947000000,
    "netIncomeRatio": 0.3282495667,
    "eps": 1.33,
    "epsdiluted": 1.33,
    "weightedAverageShsOut": 528000000,
    "weightedAverageShsOutDil": 716000000,
    "link": "https://www.sec.gov/Archives/edgar/data/1437107/000143710719000039/0001437107-19-000039-index.htm",
    "finalLink": "https://www.sec.gov/Archives/edgar/data/1437107/000143710719000039/disca-201963010q.htm"
  },
  {
    "date": "2019-03-31",
    "symbol": "WBD",
    "reportedCurrency": "USD",
    "cik": "0001437107",
    "fillingDate": "2019-05-02",
    "acceptedDate": "2019-05-02 16:58:22",
    "calendarYear": "2019",
    "period": "Q1",
    "revenue": 2707000000,
    "costOfRevenue": 930000000,
    "grossProfit": 1777000000,
    "grossProfitRatio": 0.6564462505,
    "researchAndDevelopmentExpenses": 0,
    "generalAndAdministrativeExpenses": 0,
    "sellingAndMarketingExpenses": 0,
    "sellingGeneralAndAdministrativeExpenses": 626000000,
    "otherExpenses": 377000000,
    "operatingExpenses": 1003000000,
    "costAndExpenses": 1933000000,
    "interestIncome": 0,
    "interestExpense": 182000000,
    "depreciationAndAmortization": 1069000000,
    "ebitda": 1822000000,
    "ebitdaratio": 0.673069819,
    "operatingIncome": 774000000,
    "operatingIncomeRatio": 0.2859253786,
    "totalOtherIncomeExpensesNet": -203000000,
    "incomeBeforeTax": 571000000,
    "incomeBeforeTaxRatio": 0.210934614,
    "incomeTaxExpense": 153000000,
    "netIncome": 384000000,
    "netIncomeRatio": 0.1418544514,
    "eps": 0.53,
    "epsdiluted": 0.53,
    "weightedAverageShsOut": 524000000,
    "weightedAverageShsOutDil": 714000000,
    "link": "https://www.sec.gov/Archives/edgar/data/1437107/000143710719000026/0001437107-19-000026-index.htm",
    "finalLink": "https://www.sec.gov/Archives/edgar/data/1437107/000143710719000026/disca-201933110q.htm"
  },
  {
    "date": "2018-12-31",
    "symbol": "WBD",
    "reportedCurrency": "USD",
    "cik": "0001437107",
    "fillingDate": "2019-03-01",
    "acceptedDate": "2019-03-01 12:46:38",
    "calendarYear": "2018",
    "period": "Q4",
    "revenue": 2809000000,
    "costOfRevenue": 946000000,
    "grossProfit": 1863000000,
    "grossProfitRatio": 0.6632253471,
    "researchAndDevelopmentExpenses": 0,
    "generalAndAdministrativeExpenses": 0,
    "sellingAndMarketingExpenses": 0,
    "sellingGeneralAndAdministrativeExpenses": 657000000,
    "otherExpenses": 495000000,
    "operatingExpenses": 1152000000,
    "costAndExpenses": 2098000000,
    "interestIncome": 0,
    "interestExpense": 171000000,
    "depreciationAndAmortization": 1162000000,
    "ebitda": 1827000000,
    "ebitdaratio": 0.6504093984,
    "operatingIncome": 711000000,
    "operatingIncomeRatio": 0.2531149875,
    "totalOtherIncomeExpensesNet": -217000000,
    "incomeBeforeTax": 494000000,
    "incomeBeforeTaxRatio": 0.1758632965,
    "incomeTaxExpense": 195000000,
    "netIncome": 269000000,
    "netIncomeRatio": 0.0957636169,
    "eps": 0.38,
    "epsdiluted": 0.38,
    "weightedAverageShsOut": 524000000,
    "weightedAverageShsOutDil": 715000000,
    "link": "https://www.sec.gov/Archives/edgar/data/1437107/000143710719000013/0001437107-19-000013-index.htm",
    "finalLink": "https://www.sec.gov/Archives/edgar/data/1437107/000143710719000013/disca-2018123110k.htm"
  },
  {
    "date": "2018-09-30",
    "symbol": "WBD",
    "reportedCurrency": "USD",
    "cik": "0001437107",
    "fillingDate": "2018-11-09",
    "acceptedDate": "2018-11-09 14:24:11",
    "calendarYear": "2018",
    "period": "Q3",
    "revenue": 2592000000,
    "costOfRevenue": 934000000,
    "grossProfit": 1658000000,
    "grossProfitRatio": 0.6396604938,
    "researchAndDevelopmentExpenses": 0,
    "generalAndAdministrativeExpenses": 0,
    "sellingAndMarketingExpenses": 0,
    "sellingGeneralAndAdministrativeExpenses": 667000000,
    "otherExpenses": 622000000,
    "operatingExpenses": 1289000000,
    "costAndExpenses": 2223000000,
    "interestIncome": 0,
    "interestExpense": 185000000,
    "depreciationAndAmortization": 1261000000,
    "ebitda": 1624000000,
    "ebitdaratio": 0.6265432099,
    "operatingIncome": 369000000,
    "operatingIncomeRatio": 0.1423611111,
    "totalOtherIncomeExpensesNet": -191000000,
    "incomeBeforeTax": 178000000,
    "incomeBeforeTaxRatio": 0.0686728395,
    "incomeTaxExpense": 43000000,
    "netIncome": 117000000,
    "netIncomeRatio": 0.0451388889,
    "eps": 0.16,
    "epsdiluted": 0.16,
    "weightedAverageShsOut": 523000000,
    "weightedAverageShsOutDil": 713000000,
    "link": "https://www.sec.gov/Archives/edgar/data/1437107/000143710718000091/0001437107-18-000091-index.htm",
    "finalLink": "https://www.sec.gov/Archives/edgar/data/1437107/000143710718000091/disca-2018093010q.htm"
  },
  {
    "date": "2018-06-30",
    "symbol": "WBD",
    "reportedCurrency": "USD",
    "cik": "0001437107",
    "fillingDate": "2018-08-08",
    "acceptedDate": "2018-08-07 18:27:19",
    "calendarYear": "2018",
    "period": "Q2",
    "revenue": 2845000000,
    "costOfRevenue": 995000000,
    "grossProfit": 1850000000,
    "grossProfitRatio": 0.6502636204,
    "researchAndDevelopmentExpenses": 0,
    "generalAndAdministrativeExpenses": 0,
    "sellingAndMarketingExpenses": 0,
    "sellingGeneralAndAdministrativeExpenses": 687000000,
    "otherExpenses": 513000000,
    "operatingExpenses": 1200000000,
    "costAndExpenses": 2195000000,
    "interestIncome": 0,
    "interestExpense": 196000000,
    "depreciationAndAmortization": 1319000000,
    "ebitda": 1882000000,
    "ebitdaratio": 0.6615114236,
    "operatingIncome": 650000000,
    "operatingIncomeRatio": 0.2284710018,
    "totalOtherIncomeExpensesNet": -283000000,
    "incomeBeforeTax": 367000000,
    "incomeBeforeTaxRatio": 0.1289982425,
    "incomeTaxExpense": 123000000,
    "netIncome": 216000000,
    "netIncomeRatio": 0.0759226714,
    "eps": 0.3,
    "epsdiluted": 0.3,
    "weightedAverageShsOut": 523000000,
    "weightedAverageShsOutDil": 712000000,
    "link": "https://www.sec.gov/Archives/edgar/data/1437107/000143710718000076/0001437107-18-000076-index.htm",
    "finalLink": "https://www.sec.gov/Archives/edgar/data/1437107/000143710718000076/disca-2018063010q.htm"
  },
  {
    "date": "2018-03-31",
    "symbol": "WBD",
    "reportedCurrency": "USD",
    "cik": "0001437107",
    "fillingDate": "2018-05-10",
    "acceptedDate": "2018-05-10 14:06:05",
    "calendarYear": "2018",
    "period": "Q1",
    "revenue": 2307000000,
    "costOfRevenue": 1060000000,
    "grossProfit": 1247000000,
    "grossProfitRatio": 0.5405288253,
    "researchAndDevelopmentExpenses": 0,
    "generalAndAdministrativeExpenses": 0,
    "sellingAndMarketingExpenses": 0,
    "sellingGeneralAndAdministrativeExpenses": 609000000,
    "otherExpenses": 434000000,
    "operatingExpenses": 1043000000,
    "costAndExpenses": 2103000000,
    "interestIncome": 15000000,
    "interestExpense": 177000000,
    "depreciationAndAmortization": 944000000,
    "ebitda": 1104000000,
    "ebitdaratio": 0.4785435631,
    "operatingIncome": 204000000,
    "operatingIncomeRatio": 0.088426528,
    "totalOtherIncomeExpensesNet": -221000000,
    "incomeBeforeTax": -17000000,
    "incomeBeforeTaxRatio": -0.0073688773,
    "incomeTaxExpense": -20000000,
    "netIncome": -8000000,
    "netIncomeRatio": -0.003467707,
    "eps": -0.01,
    "epsdiluted": -0.0131,
    "weightedAverageShsOut": 422000000,
    "weightedAverageShsOutDil": 609000000,
    "link": "https://www.sec.gov/Archives/edgar/data/1437107/000143710718000059/0001437107-18-000059-index.htm",
    "finalLink": "https://www.sec.gov/Archives/edgar/data/1437107/000143710718000059/disca-2018033110q.htm"
  },
  {
    "date": "2017-12-31",
    "symbol": "WBD",
    "reportedCurrency": "USD",
    "cik": "0001437107",
    "fillingDate": "2018-02-28",
    "acceptedDate": "2018-02-28 15:11:15",
    "calendarYear": "2017",
    "period": "Q4",
    "revenue": 1864000000,
    "costOfRevenue": 745000000,
    "grossProfit": 1119000000,
    "grossProfitRatio": 0.6003218884,
    "researchAndDevelopmentExpenses": 0,
    "generalAndAdministrativeExpenses": 0,
    "sellingAndMarketingExpenses": 0,
    "sellingGeneralAndAdministrativeExpenses": 507000000,
    "otherExpenses": 1449000000,
    "operatingExpenses": 1956000000,
    "costAndExpenses": 2701000000,
    "interestIncome": 21000000,
    "interestExpense": 157000000,
    "depreciationAndAmortization": 603000000,
    "ebitda": -290000000,
    "ebitdaratio": -0.1555793991,
    "operatingIncome": -837000000,
    "operatingIncomeRatio": -0.4490343348,
    "totalOtherIncomeExpensesNet": -213000000,
    "incomeBeforeTax": -1050000000,
    "incomeBeforeTaxRatio": -0.563304721,
    "incomeTaxExpense": 87000000,
    "netIncome": -1144000000,
    "netIncomeRatio": -0.6137339056,
    "eps": -1.99,
    "epsdiluted": -1.93,
    "weightedAverageShsOut": 381000000,
    "weightedAverageShsOutDil": 568000000,
    "link": "https://www.sec.gov/Archives/edgar/data/1437107/000143710718000028/0001437107-18-000028-index.htm",
    "finalLink": "https://www.sec.gov/Archives/edgar/data/1437107/000143710718000028/disca-2017123110k.htm"
  },
  {
    "date": "2017-09-30",
    "symbol": "WBD",
    "reportedCurrency": "USD",
    "cik": "0001437107",
    "fillingDate": "2017-11-02",
    "acceptedDate": "2017-11-02 12:51:53",
    "calendarYear": "2017",
    "period": "Q3",
    "revenue": 1651000000,
    "costOfRevenue": 670000000,
    "grossProfit": 981000000,
    "grossProfitRatio": 0.5941853422,
    "researchAndDevelopmentExpenses": 0,
    "generalAndAdministrativeExpenses": 0,
    "sellingAndMarketingExpenses": 0,
    "sellingGeneralAndAdministrativeExpenses": 457000000,
    "otherExpenses": 91000000,
    "operatingExpenses": 548000000,
    "costAndExpenses": 1218000000,
    "interestIncome": 0,
    "interestExpense": 136000000,
    "depreciationAndAmortization": 1477000000,
    "ebitda": 1777000000,
    "ebitdaratio": 1.0763173834,
    "operatingIncome": 433000000,
    "operatingIncomeRatio": 0.2622652938,
    "totalOtherIncomeExpensesNet": -269000000,
    "incomeBeforeTax": 164000000,
    "incomeBeforeTaxRatio": 0.0993337371,
    "incomeTaxExpense": -59000000,
    "netIncome": 218000000,
    "netIncomeRatio": 0.1320411872,
    "eps": 0.38,
    "epsdiluted": 0.38,
    "weightedAverageShsOut": 381000000,
    "weightedAverageShsOutDil": 571000000,
    "link": "https://www.sec.gov/Archives/edgar/data/1437107/000143710717000063/0001437107-17-000063-index.htm",
    "finalLink": "https://www.sec.gov/Archives/edgar/data/1437107/000143710717000063/disca-2017093010q.htm"
  },
  {
    "date": "2017-06-30",
    "symbol": "WBD",
    "reportedCurrency": "USD",
    "cik": "0001437107",
    "fillingDate": "2017-08-04",
    "acceptedDate": "2017-08-04 12:13:23",
    "calendarYear": "2017",
    "period": "Q2",
    "revenue": 1745000000,
    "costOfRevenue": 634000000,
    "grossProfit": 1111000000,
    "grossProfitRatio": 0.6366762178,
    "researchAndDevelopmentExpenses": 0,
    "generalAndAdministrativeExpenses": 0,
    "sellingAndMarketingExpenses": 0,
    "sellingGeneralAndAdministrativeExpenses": 389000000,
    "otherExpenses": 92000000,
    "operatingExpenses": 481000000,
    "costAndExpenses": 1115000000,
    "interestIncome": 0,
    "interestExpense": 91000000,
    "depreciationAndAmortization": 80000000,
    "ebitda": 644000000,
    "ebitdaratio": 0.3690544413,
    "operatingIncome": 630000000,
    "operatingIncomeRatio": 0.3610315186,
    "totalOtherIncomeExpensesNet": -157000000,
    "incomeBeforeTax": 473000000,
    "incomeBeforeTaxRatio": 0.2710601719,
    "incomeTaxExpense": 93000000,
    "netIncome": 374000000,
    "netIncomeRatio": 0.2143266476,
    "eps": 0.65,
    "epsdiluted": 0.64,
    "weightedAverageShsOut": 384000000,
    "weightedAverageShsOutDil": 578000000,
    "link": "https://www.sec.gov/Archives/edgar/data/1437107/000143710717000030/0001437107-17-000030-index.htm",
    "finalLink": "https://www.sec.gov/Archives/edgar/data/1437107/000143710717000030/disca-2017063010q.htm"
  },
  {
    "date": "2017-03-31",
    "symbol": "WBD",
    "reportedCurrency": "USD",
    "cik": "0001437107",
    "fillingDate": "2017-05-09",
    "acceptedDate": "2017-05-09 13:13:54",
    "calendarYear": "2017",
    "period": "Q1",
    "revenue": 1613000000,
    "costOfRevenue": 607000000,
    "grossProfit": 1006000000,
    "grossProfitRatio": 0.623682579,
    "researchAndDevelopmentExpenses": 0,
    "generalAndAdministrativeExpenses": 0,
    "sellingAndMarketingExpenses": 0,
    "sellingGeneralAndAdministrativeExpenses": 415000000,
    "otherExpenses": 104000000,
    "operatingExpenses": 519000000,
    "costAndExpenses": 1126000000,
    "interestIncome": 0,
    "interestExpense": 91000000,
    "depreciationAndAmortization": 80000000,
    "ebitda": 447000000,
    "ebitdaratio": 0.2771233726,
    "operatingIncome": 487000000,
    "operatingIncomeRatio": 0.3019218847,
    "totalOtherIncomeExpensesNet": -211000000,
    "incomeBeforeTax": 276000000,
    "incomeBeforeTaxRatio": 0.1711097334,
    "incomeTaxExpense": 55000000,
    "netIncome": 215000000,
    "netIncomeRatio": 0.1332920025,
    "eps": 0.37,
    "epsdiluted": 0.37,
    "weightedAverageShsOut": 389000000,
    "weightedAverageShsOutDil": 588000000,
    "link": "https://www.sec.gov/Archives/edgar/data/1437107/000143710717000017/0001437107-17-000017-index.htm",
    "finalLink": "https://www.sec.gov/Archives/edgar/data/1437107/000143710717000017/disca-2017033110q.htm"
  },
  {
    "date": "2016-12-31",
    "symbol": "WBD",
    "reportedCurrency": "USD",
    "cik": "0001437107",
    "fillingDate": "2017-02-14",
    "acceptedDate": "2017-02-14 15:02:00",
    "calendarYear": "2016",
    "period": "Q4",
    "revenue": 1672000000,
    "costOfRevenue": 645000000,
    "grossProfit": 1027000000,
    "grossProfitRatio": 0.6142344498,
    "researchAndDevelopmentExpenses": 0,
    "generalAndAdministrativeExpenses": 0,
    "sellingAndMarketingExpenses": 0,
    "sellingGeneralAndAdministrativeExpenses": 463000000,
    "otherExpenses": 39000000,
    "operatingExpenses": 502000000,
    "costAndExpenses": 1147000000,
    "interestIncome": 0,
    "interestExpense": 86000000,
    "depreciationAndAmortization": 563000000,
    "ebitda": 1109000000,
    "ebitdaratio": 0.663277512,
    "operatingIncome": 525000000,
    "operatingIncomeRatio": 0.3139952153,
    "totalOtherIncomeExpensesNet": -65000000,
    "incomeBeforeTax": 460000000,
    "incomeBeforeTaxRatio": 0.2751196172,
    "incomeTaxExpense": 151000000,
    "netIncome": 304000000,
    "netIncomeRatio": 0.1818181818,
    "eps": 0.52,
    "epsdiluted": 0.52,
    "weightedAverageShsOut": 393000000,
    "weightedAverageShsOutDil": 595000000,
    "link": "https://www.sec.gov/Archives/edgar/data/1437107/000143710717000007/0001437107-17-000007-index.htm",
    "finalLink": "https://www.sec.gov/Archives/edgar/data/1437107/000143710717000007/disca-2016123110k.htm"
  },
  {
    "date": "2016-09-30",
    "symbol": "WBD",
    "reportedCurrency": "USD",
    "cik": "0001437107",
    "fillingDate": "2016-11-01",
    "acceptedDate": "2016-11-01 12:35:43",
    "calendarYear": "2016",
    "period": "Q3",
    "revenue": 1556000000,
    "costOfRevenue": 592000000,
    "grossProfit": 964000000,
    "grossProfitRatio": 0.6195372751,
    "researchAndDevelopmentExpenses": 0,
    "generalAndAdministrativeExpenses": 0,
    "sellingAndMarketingExpenses": 0,
    "sellingGeneralAndAdministrativeExpenses": 419000000,
    "otherExpenses": 87000000,
    "operatingExpenses": 506000000,
    "costAndExpenses": 1098000000,
    "interestIncome": 0,
    "interestExpense": 91000000,
    "depreciationAndAmortization": 509000000,
    "ebitda": 921000000,
    "ebitdaratio": 0.5919023136,
    "operatingIncome": 458000000,
    "operatingIncomeRatio": 0.294344473,
    "totalOtherIncomeExpensesNet": -137000000,
    "incomeBeforeTax": 321000000,
    "incomeBeforeTaxRatio": 0.2062982005,
    "incomeTaxExpense": 96000000,
    "netIncome": 219000000,
    "netIncomeRatio": 0.1407455013,
    "eps": 0.37,
    "epsdiluted": 0.36,
    "weightedAverageShsOut": 395000000,
    "weightedAverageShsOutDil": 602000000,
    "link": "https://www.sec.gov/Archives/edgar/data/1437107/000143710716000106/0001437107-16-000106-index.htm",
    "finalLink": "https://www.sec.gov/Archives/edgar/data/1437107/000143710716000106/disca-2016093010q.htm"
  },
  {
    "date": "2016-06-30",
    "symbol": "WBD",
    "reportedCurrency": "USD",
    "cik": "0001437107",
    "fillingDate": "2016-08-02",
    "acceptedDate": "2016-08-02 13:19:33",
    "calendarYear": "2016",
    "period": "Q2",
    "revenue": 1708000000,
    "costOfRevenue": 603000000,
    "grossProfit": 1105000000,
    "grossProfitRatio": 0.6469555035,
    "researchAndDevelopmentExpenses": 0,
    "generalAndAdministrativeExpenses": 0,
    "sellingAndMarketingExpenses": 0,
    "sellingGeneralAndAdministrativeExpenses": 400000000,
    "otherExpenses": 119000000,
    "operatingExpenses": 519000000,
    "costAndExpenses": 1122000000,
    "interestIncome": 0,
    "interestExpense": 91000000,
    "depreciationAndAmortization": 503000000,
    "ebitda": 1104000000,
    "ebitdaratio": 0.6463700234,
    "operatingIncome": 586000000,
    "operatingIncomeRatio": 0.3430913349,
    "totalOtherIncomeExpensesNet": -76000000,
    "incomeBeforeTax": 510000000,
    "incomeBeforeTaxRatio": 0.2985948478,
    "incomeTaxExpense": 95000000,
    "netIncome": 408000000,
    "netIncomeRatio": 0.2388758782,
    "eps": 0.66,
    "epsdiluted": 0.66,
    "weightedAverageShsOut": 404000000,
    "weightedAverageShsOutDil": 616000000,
    "link": "https://www.sec.gov/Archives/edgar/data/1437107/000143710716000084/0001437107-16-000084-index.htm",
    "finalLink": "https://www.sec.gov/Archives/edgar/data/1437107/000143710716000084/disca-2016063010q.htm"
  },
  {
    "date": "2016-03-31",
    "symbol": "WBD",
    "reportedCurrency": "USD",
    "cik": "0001437107",
    "fillingDate": "2016-05-05",
    "acceptedDate": "2016-05-05 11:14:56",
    "calendarYear": "2016",
    "period": "Q1",
    "revenue": 1561000000,
    "costOfRevenue": 592000000,
    "grossProfit": 969000000,
    "grossProfitRatio": 0.6207559257,
    "researchAndDevelopmentExpenses": 0,
    "generalAndAdministrativeExpenses": 0,
    "sellingAndMarketingExpenses": 0,
    "sellingGeneralAndAdministrativeExpenses": 408000000,
    "otherExpenses": 72000000,
    "operatingExpenses": 480000000,
    "costAndExpenses": 1072000000,
    "interestIncome": 0,
    "interestExpense": 85000000,
    "depreciationAndAmortization": 520000000,
    "ebitda": 985000000,
    "ebitdaratio": 0.6310057655,
    "operatingIncome": 489000000,
    "operatingIncomeRatio": 0.3132607303,
    "totalOtherIncomeExpensesNet": -109000000,
    "incomeBeforeTax": 380000000,
    "incomeBeforeTaxRatio": 0.2434336963,
    "incomeTaxExpense": 111000000,
    "netIncome": 263000000,
    "netIncomeRatio": 0.1684817425,
    "eps": 0.42,
    "epsdiluted": 0.42,
    "weightedAverageShsOut": 413000000,
    "weightedAverageShsOutDil": 630000000,
    "link": "https://www.sec.gov/Archives/edgar/data/1437107/000143710716000072/0001437107-16-000072-index.htm",
    "finalLink": "https://www.sec.gov/Archives/edgar/data/1437107/000143710716000072/disca-2016033110q.htm"
  },
  {
    "date": "2015-12-31",
    "symbol": "WBD",
    "reportedCurrency": "USD",
    "cik": "0001437107",
    "fillingDate": "2016-02-18",
    "acceptedDate": "2016-02-18 14:14:17",
    "calendarYear": "2015",
    "period": "Q4",
    "revenue": 1646000000,
    "costOfRevenue": 640000000,
    "grossProfit": 1006000000,
    "grossProfitRatio": 0.6111786148,
    "researchAndDevelopmentExpenses": 0,
    "generalAndAdministrativeExpenses": 0,
    "sellingAndMarketingExpenses": 0,
    "sellingGeneralAndAdministrativeExpenses": 445000000,
    "otherExpenses": 120000000,
    "operatingExpenses": 565000000,
    "costAndExpenses": 1205000000,
    "interestIncome": 0,
    "interestExpense": 82000000,
    "depreciationAndAmortization": 553000000,
    "ebitda": 978000000,
    "ebitdaratio": 0.5941676792,
    "operatingIncome": 441000000,
    "operatingIncomeRatio": 0.2679222357,
    "totalOtherIncomeExpensesNet": -98000000,
    "incomeBeforeTax": 343000000,
    "incomeBeforeTaxRatio": 0.2083839611,
    "incomeTaxExpense": 117000000,
    "netIncome": 219000000,
    "netIncomeRatio": 0.1330498177,
    "eps": 0.34,
    "epsdiluted": 0.34,
    "weightedAverageShsOut": 428000000,
    "weightedAverageShsOutDil": 648000000,
    "link": "https://www.sec.gov/Archives/edgar/data/1437107/000143710716000059/0001437107-16-000059-index.htm",
    "finalLink": "https://www.sec.gov/Archives/edgar/data/1437107/000143710716000059/disca-2015123110k.htm"
  },
  {
    "date": "2015-09-30",
    "symbol": "WBD",
    "reportedCurrency": "USD",
    "cik": "0001437107",
    "fillingDate": "2015-11-03",
    "acceptedDate": "2015-11-03 12:51:26",
    "calendarYear": "2015",
    "period": "Q3",
    "revenue": 1557000000,
    "costOfRevenue": 574000000,
    "grossProfit": 983000000,
    "grossProfitRatio": 0.631342325,
    "researchAndDevelopmentExpenses": 0,
    "generalAndAdministrativeExpenses": 0,
    "sellingAndMarketingExpenses": 0,
    "sellingGeneralAndAdministrativeExpenses": 394000000,
    "otherExpenses": 84000000,
    "operatingExpenses": 478000000,
    "costAndExpenses": 1052000000,
    "interestIncome": 0,
    "interestExpense": 82000000,
    "depreciationAndAmortization": 497000000,
    "ebitda": 992000000,
    "ebitdaratio": 0.6371226718,
    "operatingIncome": 505000000,
    "operatingIncomeRatio": 0.3243416827,
    "totalOtherIncomeExpensesNet": -92000000,
    "incomeBeforeTax": 413000000,
    "incomeBeforeTaxRatio": 0.265253693,
    "incomeTaxExpense": 130000000,
    "netIncome": 279000000,
    "netIncomeRatio": 0.1791907514,
    "eps": 0.43,
    "epsdiluted": 0.43,
    "weightedAverageShsOut": 432000000,
    "weightedAverageShsOutDil": 653000000,
    "link": "https://www.sec.gov/Archives/edgar/data/1437107/000143710715000052/0001437107-15-000052-index.htm",
    "finalLink": "https://www.sec.gov/Archives/edgar/data/1437107/000143710715000052/disca-2015093010q.htm"
  },
  {
    "date": "2015-06-30",
    "symbol": "WBD",
    "reportedCurrency": "USD",
    "cik": "0001437107",
    "fillingDate": "2015-08-05",
    "acceptedDate": "2015-08-05 13:53:35",
    "calendarYear": "2015",
    "period": "Q2",
    "revenue": 1654000000,
    "costOfRevenue": 564000000,
    "grossProfit": 1090000000,
    "grossProfitRatio": 0.6590084643,
    "researchAndDevelopmentExpenses": 0,
    "generalAndAdministrativeExpenses": 0,
    "sellingAndMarketingExpenses": 0,
    "sellingGeneralAndAdministrativeExpenses": 430000000,
    "otherExpenses": 103000000,
    "operatingExpenses": 533000000,
    "costAndExpenses": 1097000000,
    "interestIncome": 0,
    "interestExpense": 77000000,
    "depreciationAndAmortization": 501000000,
    "ebitda": 1006000000,
    "ebitdaratio": 0.6082224909,
    "operatingIncome": 557000000,
    "operatingIncomeRatio": 0.3367593712,
    "totalOtherIncomeExpensesNet": -129000000,
    "incomeBeforeTax": 428000000,
    "incomeBeforeTaxRatio": 0.2587666264,
    "incomeTaxExpense": 139000000,
    "netIncome": 286000000,
    "netIncomeRatio": 0.1729141475,
    "eps": 0.44,
    "epsdiluted": 0.44,
    "weightedAverageShsOut": 432000000,
    "weightedAverageShsOutDil": 655000000,
    "link": "https://www.sec.gov/Archives/edgar/data/1437107/000143710715000034/0001437107-15-000034-index.htm",
    "finalLink": "https://www.sec.gov/Archives/edgar/data/1437107/000143710715000034/disca-2015063010q.htm"
  },
  {
    "date": "2015-03-31",
    "symbol": "WBD",
    "reportedCurrency": "USD",
    "cik": "0001437107",
    "fillingDate": "2015-05-05",
    "acceptedDate": "2015-05-05 12:56:58",
    "calendarYear": "2015",
    "period": "Q1",
    "revenue": 1537000000,
    "costOfRevenue": 565000000,
    "grossProfit": 972000000,
    "grossProfitRatio": 0.6324007807,
    "researchAndDevelopmentExpenses": 0,
    "generalAndAdministrativeExpenses": 0,
    "sellingAndMarketingExpenses": 0,
    "sellingGeneralAndAdministrativeExpenses": 400000000,
    "otherExpenses": 90000000,
    "operatingExpenses": 490000000,
    "costAndExpenses": 1055000000,
    "interestIncome": 0,
    "interestExpense": 89000000,
    "depreciationAndAmortization": 488000000,
    "ebitda": 952000000,
    "ebitdaratio": 0.619388419,
    "operatingIncome": 482000000,
    "operatingIncomeRatio": 0.313597918,
    "totalOtherIncomeExpensesNet": -107000000,
    "incomeBeforeTax": 375000000,
    "incomeBeforeTaxRatio": 0.2439817827,
    "incomeTaxExpense": 125000000,
    "netIncome": 250000000,
    "netIncomeRatio": 0.1626545218,
    "eps": 0.38,
    "epsdiluted": 0.37,
    "weightedAverageShsOut": 439000000,
    "weightedAverageShsOutDil": 667000000,
    "link": "https://www.sec.gov/Archives/edgar/data/1437107/000143710715000013/0001437107-15-000013-index.htm",
    "finalLink": "https://www.sec.gov/Archives/edgar/data/1437107/000143710715000013/disca-2015033110q.htm"
  },
  {
    "date": "2014-12-31",
    "symbol": "WBD",
    "reportedCurrency": "USD",
    "cik": "0001437107",
    "fillingDate": "2015-02-19",
    "acceptedDate": "2015-02-19 14:02:39",
    "calendarYear": "2014",
    "period": "Q4",
    "revenue": 1676000000,
    "costOfRevenue": 598000000,
    "grossProfit": 1078000000,
    "grossProfitRatio": 0.6431980907,
    "researchAndDevelopmentExpenses": 0,
    "generalAndAdministrativeExpenses": 0,
    "sellingAndMarketingExpenses": 0,
    "sellingGeneralAndAdministrativeExpenses": 445000000,
    "otherExpenses": 157000000,
    "operatingExpenses": 602000000,
    "costAndExpenses": 1200000000,
    "interestIncome": 0,
    "interestExpense": 81000000,
    "depreciationAndAmortization": 560000000,
    "ebitda": 1005000000,
    "ebitdaratio": 0.5996420048,
    "operatingIncome": 476000000,
    "operatingIncomeRatio": 0.2840095465,
    "totalOtherIncomeExpensesNet": -112000000,
    "incomeBeforeTax": 364000000,
    "incomeBeforeTaxRatio": 0.2171837709,
    "incomeTaxExpense": 129000000,
    "netIncome": 250000000,
    "netIncomeRatio": 0.1491646778,
    "eps": 0.38,
    "epsdiluted": 0.38,
    "weightedAverageShsOut": 442000000,
    "weightedAverageShsOutDil": 666000000,
    "link": "https://www.sec.gov/Archives/edgar/data/1437107/000143710715000004/0001437107-15-000004-index.htm",
    "finalLink": "https://www.sec.gov/Archives/edgar/data/1437107/000143710715000004/disca-2014123110k.htm"
  },
  {
    "date": "2014-09-30",
    "symbol": "WBD",
    "reportedCurrency": "USD",
    "cik": "0001437107",
    "fillingDate": "2014-11-04",
    "acceptedDate": "2014-11-04 16:51:22",
    "calendarYear": "2014",
    "period": "Q3",
    "revenue": 1568000000,
    "costOfRevenue": 529000000,
    "grossProfit": 1039000000,
    "grossProfitRatio": 0.662627551,
    "researchAndDevelopmentExpenses": 0,
    "generalAndAdministrativeExpenses": 0,
    "sellingAndMarketingExpenses": 0,
    "sellingGeneralAndAdministrativeExpenses": 432000000,
    "otherExpenses": 96000000,
    "operatingExpenses": 528000000,
    "costAndExpenses": 1057000000,
    "interestIncome": 0,
    "interestExpense": 83000000,
    "depreciationAndAmortization": 463000000,
    "ebitda": 988000000,
    "ebitdaratio": 0.6301020408,
    "operatingIncome": 511000000,
    "operatingIncomeRatio": 0.3258928571,
    "totalOtherIncomeExpensesNet": -69000000,
    "incomeBeforeTax": 442000000,
    "incomeBeforeTaxRatio": 0.2818877551,
    "incomeTaxExpense": 155000000,
    "netIncome": 280000000,
    "netIncomeRatio": 0.1785714286,
    "eps": 0.41,
    "epsdiluted": 0.41,
    "weightedAverageShsOut": 449000000,
    "weightedAverageShsOutDil": 682000000,
    "link": "https://www.sec.gov/Archives/edgar/data/1437107/000143710714000072/0001437107-14-000072-index.htm",
    "finalLink": "https://www.sec.gov/Archives/edgar/data/1437107/000143710714000072/disca-201493010q.htm"
  },
  {
    "date": "2014-06-30",
    "symbol": "WBD",
    "reportedCurrency": "USD",
    "cik": "0001437107",
    "fillingDate": "2014-07-31",
    "acceptedDate": "2014-07-31 12:04:00",
    "calendarYear": "2014",
    "period": "Q2",
    "revenue": 1610000000,
    "costOfRevenue": 515000000,
    "grossProfit": 1095000000,
    "grossProfitRatio": 0.6801242236,
    "researchAndDevelopmentExpenses": 0,
    "generalAndAdministrativeExpenses": 0,
    "sellingAndMarketingExpenses": 0,
    "sellingGeneralAndAdministrativeExpenses": 406000000,
    "otherExpenses": 49000000,
    "operatingExpenses": 455000000,
    "costAndExpenses": 970000000,
    "interestIncome": 0,
    "interestExpense": 83000000,
    "depreciationAndAmortization": 430000000,
    "ebitda": 1105000000,
    "ebitdaratio": 0.6863354037,
    "operatingIncome": 640000000,
    "operatingIncomeRatio": 0.397515528,
    "totalOtherIncomeExpensesNet": -48000000,
    "incomeBeforeTax": 592000000,
    "incomeBeforeTaxRatio": 0.3677018634,
    "incomeTaxExpense": 208000000,
    "netIncome": 379000000,
    "netIncomeRatio": 0.2354037267,
    "eps": 0.55,
    "epsdiluted": 0.54,
    "weightedAverageShsOut": 457000000,
    "weightedAverageShsOutDil": 692000000,
    "link": "https://www.sec.gov/Archives/edgar/data/1437107/000143710714000048/0001437107-14-000048-index.htm",
    "finalLink": "https://www.sec.gov/Archives/edgar/data/1437107/000143710714000048/disca-201463010q.htm"
  },
  {
    "date": "2014-03-31",
    "symbol": "WBD",
    "reportedCurrency": "USD",
    "cik": "0001437107",
    "fillingDate": "2014-05-06",
    "acceptedDate": "2014-05-06 15:24:10",
    "calendarYear": "2014",
    "period": "Q1",
    "revenue": 1411000000,
    "costOfRevenue": 482000000,
    "grossProfit": 929000000,
    "grossProfitRatio": 0.6583982991,
    "researchAndDevelopmentExpenses": 0,
    "generalAndAdministrativeExpenses": 0,
    "sellingAndMarketingExpenses": 0,
    "sellingGeneralAndAdministrativeExpenses": 409000000,
    "otherExpenses": 86000000,
    "operatingExpenses": 495000000,
    "costAndExpenses": 977000000,
    "interestIncome": 0,
    "interestExpense": 81000000,
    "depreciationAndAmortization": 433000000,
    "ebitda": 863000000,
    "ebitdaratio": 0.6116229624,
    "operatingIncome": 434000000,
    "operatingIncomeRatio": 0.3075832743,
    "totalOtherIncomeExpensesNet": -85000000,
    "incomeBeforeTax": 349000000,
    "incomeBeforeTaxRatio": 0.2473423104,
    "incomeTaxExpense": 118000000,
    "netIncome": 230000000,
    "netIncomeRatio": 0.163004961,
    "eps": 0.33,
    "epsdiluted": 0.33,
    "weightedAverageShsOut": 468000000,
    "weightedAverageShsOutDil": 704000000,
    "link": "https://www.sec.gov/Archives/edgar/data/1437107/000143710714000029/0001437107-14-000029-index.htm",
    "finalLink": "https://www.sec.gov/Archives/edgar/data/1437107/000143710714000029/disca-201433110q.htm"
  },
  {
    "date": "2013-12-31",
    "symbol": "WBD",
    "reportedCurrency": "USD",
    "cik": "0001437107",
    "fillingDate": "2014-02-20",
    "acceptedDate": "2014-02-20 16:18:34",
    "calendarYear": "2013",
    "period": "Q4",
    "revenue": 1537000000,
    "costOfRevenue": 475000000,
    "grossProfit": 1062000000,
    "grossProfitRatio": 0.6909564086,
    "researchAndDevelopmentExpenses": 0,
    "generalAndAdministrativeExpenses": 0,
    "sellingAndMarketingExpenses": 0,
    "sellingGeneralAndAdministrativeExpenses": 450000000,
    "otherExpenses": 91000000,
    "operatingExpenses": 541000000,
    "costAndExpenses": 1016000000,
    "interestIncome": 0,
    "interestExpense": 78000000,
    "depreciationAndAmortization": 426000000,
    "ebitda": 963000000,
    "ebitdaratio": 0.626545218,
    "operatingIncome": 521000000,
    "operatingIncomeRatio": 0.3389720234,
    "totalOtherIncomeExpensesNet": -62000000,
    "incomeBeforeTax": 459000000,
    "incomeBeforeTaxRatio": 0.298633702,
    "incomeTaxExpense": 169000000,
    "netIncome": 289000000,
    "netIncomeRatio": 0.1880286272,
    "eps": 0.21,
    "epsdiluted": 0.41,
    "weightedAverageShsOut": 320000000,
    "weightedAverageShsOutDil": 708000000,
    "link": "https://www.sec.gov/Archives/edgar/data/1437107/000143710714000016/0001437107-14-000016-index.htm",
    "finalLink": "https://www.sec.gov/Archives/edgar/data/1437107/000143710714000016/disca-2013123110k.htm"
  },
  {
    "date": "2013-09-30",
    "symbol": "WBD",
    "reportedCurrency": "USD",
    "cik": "0001437107",
    "fillingDate": "2013-10-31",
    "acceptedDate": "2013-10-31 15:46:16",
    "calendarYear": "2013",
    "period": "Q3",
    "revenue": 1375000000,
    "costOfRevenue": 435000000,
    "grossProfit": 940000000,
    "grossProfitRatio": 0.6836363636,
    "researchAndDevelopmentExpenses": 0,
    "generalAndAdministrativeExpenses": 0,
    "sellingAndMarketingExpenses": 0,
    "sellingGeneralAndAdministrativeExpenses": 390000000,
    "otherExpenses": 62000000,
    "operatingExpenses": 452000000,
    "costAndExpenses": 887000000,
    "interestIncome": 0,
    "interestExpense": 80000000,
    "depreciationAndAmortization": 388000000,
    "ebitda": 887000000,
    "ebitdaratio": 0.6450909091,
    "operatingIncome": 488000000,
    "operatingIncomeRatio": 0.3549090909,
    "totalOtherIncomeExpensesNet": -69000000,
    "incomeBeforeTax": 419000000,
    "incomeBeforeTaxRatio": 0.3047272727,
    "incomeTaxExpense": 163000000,
    "netIncome": 255000000,
    "netIncomeRatio": 0.1854545455,
    "eps": 0.36,
    "epsdiluted": 0.36,
    "weightedAverageShsOut": 328400000,
    "weightedAverageShsOutDil": 718000000,
    "link": "https://www.sec.gov/Archives/edgar/data/1437107/000143710713000042/0001437107-13-000042-index.htm",
    "finalLink": "https://www.sec.gov/Archives/edgar/data/1437107/000143710713000042/disca-201393010q.htm"
  },
  {
    "date": "2013-06-30",
    "symbol": "WBD",
    "reportedCurrency": "USD",
    "cik": "0001437107",
    "fillingDate": "2013-07-30",
    "acceptedDate": "2013-07-30 12:29:38",
    "calendarYear": "2013",
    "period": "Q2",
    "revenue": 1467000000,
    "costOfRevenue": 437000000,
    "grossProfit": 1030000000,
    "grossProfitRatio": 0.7021131561,
    "researchAndDevelopmentExpenses": 0,
    "generalAndAdministrativeExpenses": 0,
    "sellingAndMarketingExpenses": 0,
    "sellingGeneralAndAdministrativeExpenses": 394000000,
    "otherExpenses": 87000000,
    "operatingExpenses": 481000000,
    "costAndExpenses": 918000000,
    "interestIncome": 0,
    "interestExpense": 80000000,
    "depreciationAndAmortization": 389000000,
    "ebitda": 950000000,
    "ebitdaratio": 0.6475800954,
    "operatingIncome": 549000000,
    "operatingIncomeRatio": 0.3742331288,
    "totalOtherIncomeExpensesNet": -68000000,
    "incomeBeforeTax": 481000000,
    "incomeBeforeTaxRatio": 0.3278800273,
    "incomeTaxExpense": 181000000,
    "netIncome": 300000000,
    "netIncomeRatio": 0.2044989775,
    "eps": 0.42,
    "epsdiluted": 0.41,
    "weightedAverageShsOut": 336300000,
    "weightedAverageShsOutDil": 726000000,
    "link": "https://www.sec.gov/Archives/edgar/data/1437107/000143710713000031/0001437107-13-000031-index.htm",
    "finalLink": "https://www.sec.gov/Archives/edgar/data/1437107/000143710713000031/disca-201363010q.htm"
  },
  {
    "date": "2013-03-31",
    "symbol": "WBD",
    "reportedCurrency": "USD",
    "cik": "0001437107",
    "fillingDate": "2013-05-07",
    "acceptedDate": "2013-05-07 15:47:18",
    "calendarYear": "2013",
    "period": "Q1",
    "revenue": 1156000000,
    "costOfRevenue": 342000000,
    "grossProfit": 814000000,
    "grossProfitRatio": 0.7041522491,
    "researchAndDevelopmentExpenses": 0,
    "generalAndAdministrativeExpenses": 0,
    "sellingAndMarketingExpenses": 0,
    "sellingGeneralAndAdministrativeExpenses": 365000000,
    "otherExpenses": 33000000,
    "operatingExpenses": 398000000,
    "costAndExpenses": 740000000,
    "interestIncome": 0,
    "interestExpense": 68000000,
    "depreciationAndAmortization": 263000000,
    "ebitda": 708000000,
    "ebitdaratio": 0.6124567474,
    "operatingIncome": 416000000,
    "operatingIncomeRatio": 0.3598615917,
    "totalOtherIncomeExpensesNet": -39000000,
    "incomeBeforeTax": 377000000,
    "incomeBeforeTaxRatio": 0.3261245675,
    "incomeTaxExpense": 146000000,
    "netIncome": 231000000,
    "netIncomeRatio": 0.1998269896,
    "eps": 0.32,
    "epsdiluted": 0.32,
    "weightedAverageShsOut": 339100000,
    "weightedAverageShsOutDil": 734000000,
    "link": "https://www.sec.gov/Archives/edgar/data/1437107/000143710713000021/0001437107-13-000021-index.htm",
    "finalLink": "https://www.sec.gov/Archives/edgar/data/1437107/000143710713000021/disca-201333110q.htm"
  },
  {
    "date": "2012-12-31",
    "symbol": "WBD",
    "reportedCurrency": "USD",
    "cik": "0001437107",
    "fillingDate": "2013-02-14",
    "acceptedDate": "2013-02-14 15:41:21",
    "calendarYear": "2012",
    "period": "Q4",
    "revenue": 1200000000,
    "costOfRevenue": 328000000,
    "grossProfit": 872000000,
    "grossProfitRatio": 0.7266666667,
    "researchAndDevelopmentExpenses": 0,
    "generalAndAdministrativeExpenses": 0,
    "sellingAndMarketingExpenses": 0,
    "sellingGeneralAndAdministrativeExpenses": 359000000,
    "otherExpenses": 32000000,
    "operatingExpenses": 391000000,
    "costAndExpenses": 719000000,
    "interestIncome": 0,
    "interestExpense": 64000000,
    "depreciationAndAmortization": 895000000,
    "ebitda": 1364000000,
    "ebitdaratio": 1.1366666667,
    "operatingIncome": 481000000,
    "operatingIncomeRatio": 0.4008333333,
    "totalOtherIncomeExpensesNet": -76000000,
    "incomeBeforeTax": 405000000,
    "incomeBeforeTaxRatio": 0.3375,
    "incomeTaxExpense": 181000000,
    "netIncome": 224000000,
    "netIncomeRatio": 0.1866666667,
    "eps": 0,
    "epsdiluted": 0.3,
    "weightedAverageShsOut": 339100000,
    "weightedAverageShsOutDil": 734000000,
    "link": "https://www.sec.gov/Archives/edgar/data/1437107/000143710713000006/0001437107-13-000006-index.htm",
    "finalLink": "https://www.sec.gov/Archives/edgar/data/1437107/000143710713000006/disca-2012123110k.htm"
  },
  {
    "date": "2012-09-30",
    "symbol": "WBD",
    "reportedCurrency": "USD",
    "cik": "0001437107",
    "fillingDate": "2012-11-06",
    "acceptedDate": "2012-11-06 12:40:47",
    "calendarYear": "2012",
    "period": "Q3",
    "revenue": 1076000000,
    "costOfRevenue": 296000000,
    "grossProfit": 780000000,
    "grossProfitRatio": 0.7249070632,
    "researchAndDevelopmentExpenses": 0,
    "generalAndAdministrativeExpenses": 0,
    "sellingAndMarketingExpenses": 0,
    "sellingGeneralAndAdministrativeExpenses": 314000000,
    "otherExpenses": 28000000,
    "operatingExpenses": 342000000,
    "costAndExpenses": 638000000,
    "interestIncome": 0,
    "interestExpense": 68000000,
    "depreciationAndAmortization": 243000000,
    "ebitda": 660000000,
    "ebitdaratio": 0.6133828996,
    "operatingIncome": 438000000,
    "operatingIncomeRatio": 0.407063197,
    "totalOtherIncomeExpensesNet": -89000000,
    "incomeBeforeTax": 349000000,
    "incomeBeforeTaxRatio": 0.3243494424,
    "incomeTaxExpense": 134000000,
    "netIncome": 205000000,
    "netIncomeRatio": 0.1905204461,
    "eps": 0.28,
    "epsdiluted": 0.28,
    "weightedAverageShsOut": 338450000,
    "weightedAverageShsOutDil": 750000000,
    "link": "https://www.sec.gov/Archives/edgar/data/1437107/000143710712000015/0001437107-12-000015-index.htm",
    "finalLink": "https://www.sec.gov/Archives/edgar/data/1437107/000143710712000015/disca-201293010q.htm"
  },
  {
    "date": "2012-06-30",
    "symbol": "WBD",
    "reportedCurrency": "USD",
    "cik": "0001437107",
    "fillingDate": "2012-07-31",
    "acceptedDate": "2012-07-31 16:04:05",
    "calendarYear": "2012",
    "period": "Q2",
    "revenue": 1126000000,
    "costOfRevenue": 298000000,
    "grossProfit": 828000000,
    "grossProfitRatio": 0.7353463588,
    "researchAndDevelopmentExpenses": 0,
    "generalAndAdministrativeExpenses": 0,
    "sellingAndMarketingExpenses": 0,
    "sellingGeneralAndAdministrativeExpenses": 307000000,
    "otherExpenses": 33000000,
    "operatingExpenses": 340000000,
    "costAndExpenses": 638000000,
    "interestIncome": 0,
    "interestExpense": 61000000,
    "depreciationAndAmortization": 245000000,
    "ebitda": 727000000,
    "ebitdaratio": 0.6456483126,
    "operatingIncome": 488000000,
    "operatingIncomeRatio": 0.43339254,
    "totalOtherIncomeExpensesNet": -66000000,
    "incomeBeforeTax": 420000000,
    "incomeBeforeTaxRatio": 0.3730017762,
    "incomeTaxExpense": 127000000,
    "netIncome": 293000000,
    "netIncomeRatio": 0.2602131439,
    "eps": 0.39,
    "epsdiluted": 0.38,
    "weightedAverageShsOut": 354650000,
    "weightedAverageShsOutDil": 768000000,
    "link": "https://www.sec.gov/Archives/edgar/data/1437107/000143710712000006/0001437107-12-000006-index.htm",
    "finalLink": "https://www.sec.gov/Archives/edgar/data/1437107/000143710712000006/disca-201263010q.htm"
  },
  {
    "date": "2012-03-31",
    "symbol": "WBD",
    "reportedCurrency": "USD",
    "cik": "0001437107",
    "fillingDate": "2012-05-08",
    "acceptedDate": "2012-05-08 16:48:17",
    "calendarYear": "2012",
    "period": "Q1",
    "revenue": 1085000000,
    "costOfRevenue": 296000000,
    "grossProfit": 789000000,
    "grossProfitRatio": 0.7271889401,
    "researchAndDevelopmentExpenses": 0,
    "generalAndAdministrativeExpenses": 0,
    "sellingAndMarketingExpenses": 0,
    "sellingGeneralAndAdministrativeExpenses": 311000000,
    "otherExpenses": 30000000,
    "operatingExpenses": 341000000,
    "costAndExpenses": 637000000,
    "interestIncome": 0,
    "interestExpense": 55000000,
    "depreciationAndAmortization": 237000000,
    "ebitda": 635000000,
    "ebitdaratio": 0.5852534562,
    "operatingIncome": 448000000,
    "operatingIncomeRatio": 0.4129032258,
    "totalOtherIncomeExpensesNet": -107000000,
    "incomeBeforeTax": 341000000,
    "incomeBeforeTaxRatio": 0.3142857143,
    "incomeTaxExpense": 119000000,
    "netIncome": 221000000,
    "netIncomeRatio": 0.2036866359,
    "eps": 0.29,
    "epsdiluted": 0.28,
    "weightedAverageShsOut": 368000000,
    "weightedAverageShsOutDil": 780000000,
    "link": "https://www.sec.gov/Archives/edgar/data/1437107/000119312512218697/0001193125-12-218697-index.htm",
    "finalLink": "https://www.sec.gov/Archives/edgar/data/1437107/000119312512218697/d311611d10q.htm"
  },
  {
    "date": "2011-12-31",
    "symbol": "WBD",
    "reportedCurrency": "USD",
    "cik": "0001437107",
    "fillingDate": "2012-02-17",
    "acceptedDate": "2012-02-17 07:44:19",
    "calendarYear": "2011",
    "period": "Q4",
    "revenue": 1122000000,
    "costOfRevenue": 330000000,
    "grossProfit": 792000000,
    "grossProfitRatio": 0.7058823529,
    "researchAndDevelopmentExpenses": 0,
    "generalAndAdministrativeExpenses": 0,
    "sellingAndMarketingExpenses": 0,
    "sellingGeneralAndAdministrativeExpenses": 319000000,
    "otherExpenses": 52000000,
    "operatingExpenses": 371000000,
    "costAndExpenses": 701000000,
    "interestIncome": 0,
    "interestExpense": 54000000,
    "depreciationAndAmortization": 875000000,
    "ebitda": 1274000000,
    "ebitdaratio": 1.1354723708,
    "operatingIncome": 421000000,
    "operatingIncomeRatio": 0.3752228164,
    "totalOtherIncomeExpensesNet": -76000000,
    "incomeBeforeTax": 345000000,
    "incomeBeforeTaxRatio": 0.307486631,
    "incomeTaxExpense": 8000000,
    "netIncome": 336000000,
    "netIncomeRatio": 0.2994652406,
    "eps": 0,
    "epsdiluted": 0.43,
    "weightedAverageShsOut": 368000000,
    "weightedAverageShsOutDil": 780000000,
    "link": "https://www.sec.gov/Archives/edgar/data/1437107/000119312512066285/0001193125-12-066285-index.htm",
    "finalLink": "https://www.sec.gov/Archives/edgar/data/1437107/000119312512066285/d226513d10k.htm"
  },
  {
    "date": "2011-09-30",
    "symbol": "WBD",
    "reportedCurrency": "USD",
    "cik": "0001437107",
    "fillingDate": "2011-11-02",
    "acceptedDate": "2011-11-02 06:38:14",
    "calendarYear": "2011",
    "period": "Q3",
    "revenue": 1080000000,
    "costOfRevenue": 328000000,
    "grossProfit": 752000000,
    "grossProfitRatio": 0.6962962963,
    "researchAndDevelopmentExpenses": 0,
    "generalAndAdministrativeExpenses": 0,
    "sellingAndMarketingExpenses": 0,
    "sellingGeneralAndAdministrativeExpenses": 293000000,
    "otherExpenses": 31000000,
    "operatingExpenses": 324000000,
    "costAndExpenses": 652000000,
    "interestIncome": 0,
    "interestExpense": 56000000,
    "depreciationAndAmortization": 30000000,
    "ebitda": 453000000,
    "ebitdaratio": 0.4194444444,
    "operatingIncome": 428000000,
    "operatingIncomeRatio": 0.3962962963,
    "totalOtherIncomeExpensesNet": -61000000,
    "incomeBeforeTax": 365000000,
    "incomeBeforeTaxRatio": 0.337962963,
    "incomeTaxExpense": 127000000,
    "netIncome": 237000000,
    "netIncomeRatio": 0.2194444444,
    "eps": 0.3,
    "epsdiluted": 0.3,
    "weightedAverageShsOut": 543000000,
    "weightedAverageShsOutDil": 802000000,
    "link": "https://www.sec.gov/Archives/edgar/data/1437107/000119312511291701/0001193125-11-291701-index.htm",
    "finalLink": "https://www.sec.gov/Archives/edgar/data/1437107/000119312511291701/d220255d10q.htm"
  },
  {
    "date": "2011-06-30",
    "symbol": "WBD",
    "reportedCurrency": "USD",
    "cik": "0001437107",
    "fillingDate": "2011-08-04",
    "acceptedDate": "2011-08-04 12:20:04",
    "calendarYear": "2011",
    "period": "Q2",
    "revenue": 1067000000,
    "costOfRevenue": 288000000,
    "grossProfit": 779000000,
    "grossProfitRatio": 0.7300843486,
    "researchAndDevelopmentExpenses": 0,
    "generalAndAdministrativeExpenses": 0,
    "sellingAndMarketingExpenses": 0,
    "sellingGeneralAndAdministrativeExpenses": 300000000,
    "otherExpenses": 34000000,
    "operatingExpenses": 334000000,
    "costAndExpenses": 622000000,
    "interestIncome": 0,
    "interestExpense": 49000000,
    "depreciationAndAmortization": 30000000,
    "ebitda": 477000000,
    "ebitdaratio": 0.4470477976,
    "operatingIncome": 445000000,
    "operatingIncomeRatio": 0.4170571696,
    "totalOtherIncomeExpensesNet": -47000000,
    "incomeBeforeTax": 398000000,
    "incomeBeforeTaxRatio": 0.3730084349,
    "incomeTaxExpense": 144000000,
    "netIncome": 254000000,
    "netIncomeRatio": 0.2380506092,
    "eps": 0.32,
    "epsdiluted": 0.31,
    "weightedAverageShsOut": 556000000,
    "weightedAverageShsOutDil": 820000000,
    "link": "https://www.sec.gov/Archives/edgar/data/1437107/000119312511209774/0001193125-11-209774-index.htm",
    "finalLink": "https://www.sec.gov/Archives/edgar/data/1437107/000119312511209774/d10q.htm"
  },
  {
    "date": "2011-03-31",
    "symbol": "WBD",
    "reportedCurrency": "USD",
    "cik": "0001437107",
    "fillingDate": "2011-04-29",
    "acceptedDate": "2011-04-29 09:05:14",
    "calendarYear": "2011",
    "period": "Q1",
    "revenue": 951000000,
    "costOfRevenue": 273000000,
    "grossProfit": 678000000,
    "grossProfitRatio": 0.7129337539,
    "researchAndDevelopmentExpenses": 0,
    "generalAndAdministrativeExpenses": 0,
    "sellingAndMarketingExpenses": 0,
    "sellingGeneralAndAdministrativeExpenses": 269000000,
    "otherExpenses": -98000000,
    "operatingExpenses": 171000000,
    "costAndExpenses": 444000000,
    "interestIncome": 0,
    "interestExpense": 49000000,
    "depreciationAndAmortization": 30000000,
    "ebitda": 530000000,
    "ebitdaratio": 0.5573080967,
    "operatingIncome": 507000000,
    "operatingIncomeRatio": 0.5331230284,
    "totalOtherIncomeExpensesNet": -56000000,
    "incomeBeforeTax": 451000000,
    "incomeBeforeTaxRatio": 0.4742376446,
    "incomeTaxExpense": 146000000,
    "netIncome": 305000000,
    "netIncomeRatio": 0.3207150368,
    "eps": 0.38,
    "epsdiluted": 0.37,
    "weightedAverageShsOut": 564000000,
    "weightedAverageShsOutDil": 828000000,
    "link": "https://www.sec.gov/Archives/edgar/data/1437107/000119312511117097/0001193125-11-117097-index.htm",
    "finalLink": "https://www.sec.gov/Archives/edgar/data/1437107/000119312511117097/d10q.htm"
  },
  {
    "date": "2010-12-31",
    "symbol": "WBD",
    "reportedCurrency": "USD",
    "cik": "0001437107",
    "fillingDate": "2011-02-18",
    "acceptedDate": "2011-02-18 16:53:49",
    "calendarYear": "2010",
    "period": "Q4",
    "revenue": 1015000000,
    "costOfRevenue": 291000000,
    "grossProfit": 724000000,
    "grossProfitRatio": 0.7133004926,
    "researchAndDevelopmentExpenses": 0,
    "generalAndAdministrativeExpenses": 0,
    "sellingAndMarketingExpenses": 0,
    "sellingGeneralAndAdministrativeExpenses": 291000000,
    "otherExpenses": 39000000,
    "operatingExpenses": 330000000,
    "costAndExpenses": 621000000,
    "interestIncome": 0,
    "interestExpense": 0,
    "depreciationAndAmortization": 32000000,
    "ebitda": 186000000,
    "ebitdaratio": 0.1832512315,
    "operatingIncome": 394000000,
    "operatingIncomeRatio": 0.3881773399,
    "totalOtherIncomeExpensesNet": -77000000,
    "incomeBeforeTax": 317000000,
    "incomeBeforeTaxRatio": 0.3123152709,
    "incomeTaxExpense": 117000000,
    "netIncome": 191000000,
    "netIncomeRatio": 0.1881773399,
    "eps": 0,
    "epsdiluted": 0.23,
    "weightedAverageShsOut": 564000000,
    "weightedAverageShsOutDil": 828000000,
    "link": "https://www.sec.gov/Archives/edgar/data/1437107/000119312511040418/0001193125-11-040418-index.htm",
    "finalLink": "https://www.sec.gov/Archives/edgar/data/1437107/000119312511040418/d10k.htm"
  },
  {
    "date": "2010-09-30",
    "symbol": "WBD",
    "reportedCurrency": "USD",
    "cik": "0001437107",
    "fillingDate": "2010-11-02",
    "acceptedDate": "2010-11-02 17:21:10",
    "calendarYear": "2010",
    "period": "Q3",
    "revenue": 926000000,
    "costOfRevenue": 261000000,
    "grossProfit": 665000000,
    "grossProfitRatio": 0.7181425486,
    "researchAndDevelopmentExpenses": 0,
    "generalAndAdministrativeExpenses": 0,
    "sellingAndMarketingExpenses": 0,
    "sellingGeneralAndAdministrativeExpenses": 306000000,
    "otherExpenses": 47000000,
    "operatingExpenses": 353000000,
    "costAndExpenses": 614000000,
    "interestIncome": 0,
    "interestExpense": 49000000,
    "depreciationAndAmortization": 33000000,
    "ebitda": 329000000,
    "ebitdaratio": 0.3552915767,
    "operatingIncome": 312000000,
    "operatingIncomeRatio": 0.3369330454,
    "totalOtherIncomeExpensesNet": -65000000,
    "incomeBeforeTax": 247000000,
    "incomeBeforeTaxRatio": 0.2667386609,
    "incomeTaxExpense": 83000000,
    "netIncome": 186000000,
    "netIncomeRatio": 0.2008639309,
    "eps": 0.22,
    "epsdiluted": 0.22,
    "weightedAverageShsOut": 569880000,
    "weightedAverageShsOutDil": 862000000,
    "link": "https://www.sec.gov/Archives/edgar/data/1437107/000119312510244545/0001193125-10-244545-index.htm",
    "finalLink": "https://www.sec.gov/Archives/edgar/data/1437107/000119312510244545/d10q.htm"
  },
  {
    "date": "2010-06-30",
    "symbol": "WBD",
    "reportedCurrency": "USD",
    "cik": "0001437107",
    "fillingDate": "2010-08-03",
    "acceptedDate": "2010-08-03 17:31:24",
    "calendarYear": "2010",
    "period": "Q2",
    "revenue": 963000000,
    "costOfRevenue": 254000000,
    "grossProfit": 709000000,
    "grossProfitRatio": 0.7362409138,
    "researchAndDevelopmentExpenses": 0,
    "generalAndAdministrativeExpenses": 0,
    "sellingAndMarketingExpenses": 0,
    "sellingGeneralAndAdministrativeExpenses": 304000000,
    "otherExpenses": 33000000,
    "operatingExpenses": 337000000,
    "costAndExpenses": 591000000,
    "interestIncome": 0,
    "interestExpense": 48000000,
    "depreciationAndAmortization": 33000000,
    "ebitda": 232000000,
    "ebitdaratio": 0.240913811,
    "operatingIncome": 372000000,
    "operatingIncomeRatio": 0.3862928349,
    "totalOtherIncomeExpensesNet": -221000000,
    "incomeBeforeTax": 151000000,
    "incomeBeforeTaxRatio": 0.1568016615,
    "incomeTaxExpense": 41000000,
    "netIncome": 107000000,
    "netIncomeRatio": 0.1111111111,
    "eps": 0.13,
    "epsdiluted": 0.13,
    "weightedAverageShsOut": 570000000,
    "weightedAverageShsOutDil": 862000000,
    "link": "https://www.sec.gov/Archives/edgar/data/1437107/000119312510175470/0001193125-10-175470-index.htm",
    "finalLink": "https://www.sec.gov/Archives/edgar/data/1437107/000119312510175470/d10q.htm"
  },
  {
    "date": "2010-03-31",
    "symbol": "WBD",
    "reportedCurrency": "USD",
    "cik": "0001437107",
    "fillingDate": "2010-04-30",
    "acceptedDate": "2010-04-30 09:31:42",
    "calendarYear": "2010",
    "period": "Q1",
    "revenue": 869000000,
    "costOfRevenue": 267000000,
    "grossProfit": 602000000,
    "grossProfitRatio": 0.6927502877,
    "researchAndDevelopmentExpenses": 0,
    "generalAndAdministrativeExpenses": 0,
    "sellingAndMarketingExpenses": 0,
    "sellingGeneralAndAdministrativeExpenses": 284000000,
    "otherExpenses": 36000000,
    "operatingExpenses": 320000000,
    "costAndExpenses": 587000000,
    "interestIncome": 0,
    "interestExpense": 58000000,
    "depreciationAndAmortization": 34000000,
    "ebitda": 312000000,
    "ebitdaratio": 0.3590333717,
    "operatingIncome": 282000000,
    "operatingIncomeRatio": 0.3245109321,
    "totalOtherIncomeExpensesNet": -63000000,
    "incomeBeforeTax": 220000000,
    "incomeBeforeTaxRatio": 0.253164557,
    "incomeTaxExpense": 47000000,
    "netIncome": 169000000,
    "netIncomeRatio": 0.1944764097,
    "eps": 0.2,
    "epsdiluted": 0.2,
    "weightedAverageShsOut": 569000000,
    "weightedAverageShsOutDil": 858000000,
    "link": "https://www.sec.gov/Archives/edgar/data/1437107/000119312510100744/0001193125-10-100744-index.htm",
    "finalLink": "https://www.sec.gov/Archives/edgar/data/1437107/000119312510100744/d10q.htm"
  },
  {
    "date": "2009-12-31",
    "symbol": "WBD",
    "reportedCurrency": "USD",
    "cik": "0001437107",
    "fillingDate": "2010-02-22",
    "acceptedDate": "2010-02-22 09:30:17",
    "calendarYear": "2009",
    "period": "Q4",
    "revenue": 964000000,
    "costOfRevenue": 298000000,
    "grossProfit": 666000000,
    "grossProfitRatio": 0.6908713693,
    "researchAndDevelopmentExpenses": 0,
    "generalAndAdministrativeExpenses": 0,
    "sellingAndMarketingExpenses": 0,
    "sellingGeneralAndAdministrativeExpenses": 318000000,
    "otherExpenses": 56000000,
    "operatingExpenses": 374000000,
    "costAndExpenses": 672000000,
    "interestIncome": 0,
    "interestExpense": 0,
    "depreciationAndAmortization": 37000000,
    "ebitda": 600000000,
    "ebitdaratio": 0.622406639,
    "operatingIncome": 292000000,
    "operatingIncomeRatio": 0.3029045643,
    "totalOtherIncomeExpensesNet": -55000000,
    "incomeBeforeTax": 237000000,
    "incomeBeforeTaxRatio": 0.2458506224,
    "incomeTaxExpense": 81000000,
    "netIncome": 155000000,
    "netIncomeRatio": 0.1607883817,
    "eps": 0,
    "epsdiluted": 0.18,
    "weightedAverageShsOut": 569000000,
    "weightedAverageShsOutDil": 858000000,
    "link": "https://www.sec.gov/Archives/edgar/data/1437107/000119312510035850/0001193125-10-035850-index.htm",
    "finalLink": "https://www.sec.gov/Archives/edgar/data/1437107/000119312510035850/d10k.htm"
  },
  {
    "date": "2009-09-30",
    "symbol": "WBD",
    "reportedCurrency": "USD",
    "cik": "0001437107",
    "fillingDate": "2009-11-03",
    "acceptedDate": "2009-11-03 17:02:59",
    "calendarYear": "2009",
    "period": "Q3",
    "revenue": 837000000,
    "costOfRevenue": 251000000,
    "grossProfit": 586000000,
    "grossProfitRatio": 0.7001194743,
    "researchAndDevelopmentExpenses": 0,
    "generalAndAdministrativeExpenses": 0,
    "sellingAndMarketingExpenses": 0,
    "sellingGeneralAndAdministrativeExpenses": 324000000,
    "otherExpenses": 41000000,
    "operatingExpenses": 365000000,
    "costAndExpenses": 616000000,
    "interestIncome": 0,
    "interestExpense": 0,
    "depreciationAndAmortization": -298000000,
    "ebitda": 262000000,
    "ebitdaratio": 0.3130227001,
    "operatingIncome": 221000000,
    "operatingIncomeRatio": 0.2640382318,
    "totalOtherIncomeExpensesNet": -66000000,
    "incomeBeforeTax": 155000000,
    "incomeBeforeTaxRatio": 0.1851851852,
    "incomeTaxExpense": 54000000,
    "netIncome": 100000000,
    "netIncomeRatio": 0.119474313,
    "eps": 0.11,
    "epsdiluted": 0.11,
    "weightedAverageShsOut": 566000000,
    "weightedAverageShsOutDil": 854000000,
    "link": "https://www.sec.gov/Archives/edgar/data/1437107/000095012309056946/0000950123-09-056946-index.htm",
    "finalLink": "https://www.sec.gov/Archives/edgar/data/1437107/000095012309056946/w75884e10vq.htm"
  },
  {
    "date": "2009-06-30",
    "symbol": "WBD",
    "reportedCurrency": "USD",
    "cik": "0001437107",
    "fillingDate": "2009-08-04",
    "acceptedDate": "2009-08-04 16:41:30",
    "calendarYear": "2009",
    "period": "Q2",
    "revenue": 865000000,
    "costOfRevenue": 251000000,
    "grossProfit": 614000000,
    "grossProfitRatio": 0.7098265896,
    "researchAndDevelopmentExpenses": 0,
    "generalAndAdministrativeExpenses": 0,
    "sellingAndMarketingExpenses": 0,
    "sellingGeneralAndAdministrativeExpenses": 295000000,
    "otherExpenses": -178000000,
    "operatingExpenses": 117000000,
    "costAndExpenses": 368000000,
    "interestIncome": 0,
    "interestExpense": 60000000,
    "depreciationAndAmortization": 212000000,
    "ebitda": 744000000,
    "ebitdaratio": 0.8601156069,
    "operatingIncome": 497000000,
    "operatingIncomeRatio": 0.574566474,
    "totalOtherIncomeExpensesNet": -41000000,
    "incomeBeforeTax": 446000000,
    "incomeBeforeTaxRatio": 0.5156069364,
    "incomeTaxExpense": 267000000,
    "netIncome": 179000000,
    "netIncomeRatio": 0.2069364162,
    "eps": 0.22,
    "epsdiluted": 0.22,
    "weightedAverageShsOut": 563260975,
    "weightedAverageShsOutDil": 848000000,
    "link": "https://www.sec.gov/Archives/edgar/data/1437107/000095012309029613/0000950123-09-029613-index.htm",
    "finalLink": "https://www.sec.gov/Archives/edgar/data/1437107/000095012309029613/w74957e10vq.htm"
  },
  {
    "date": "2009-03-31",
    "symbol": "WBD",
    "reportedCurrency": "USD",
    "cik": "0001437107",
    "fillingDate": "2009-05-04",
    "acceptedDate": "2009-05-04 17:10:59",
    "calendarYear": "2009",
    "period": "Q1",
    "revenue": 815000000,
    "costOfRevenue": 252000000,
    "grossProfit": 563000000,
    "grossProfitRatio": 0.690797546,
    "researchAndDevelopmentExpenses": 0,
    "generalAndAdministrativeExpenses": 0,
    "sellingAndMarketingExpenses": 0,
    "sellingGeneralAndAdministrativeExpenses": 274000000,
    "otherExpenses": 41000000,
    "operatingExpenses": 315000000,
    "costAndExpenses": 567000000,
    "interestIncome": 0,
    "interestExpense": 57000000,
    "depreciationAndAmortization": 204000000,
    "ebitda": 454000000,
    "ebitdaratio": 0.5570552147,
    "operatingIncome": 248000000,
    "operatingIncomeRatio": 0.3042944785,
    "totalOtherIncomeExpensesNet": -49000000,
    "incomeBeforeTax": 193000000,
    "incomeBeforeTaxRatio": 0.236809816,
    "incomeTaxExpense": 70000000,
    "netIncome": 119000000,
    "netIncomeRatio": 0.1460122699,
    "eps": 0.14,
    "epsdiluted": 0.14,
    "weightedAverageShsOut": 562521952,
    "weightedAverageShsOutDil": 844000000,
    "link": "https://www.sec.gov/Archives/edgar/data/1437107/000095013309001418/0000950133-09-001418-index.htm",
    "finalLink": "https://www.sec.gov/Archives/edgar/data/1437107/000095013309001418/w73864e10vq.htm"
  },
  {
    "date": "2008-12-31",
    "symbol": "WBD",
    "reportedCurrency": "USD",
    "cik": "0001437107",
    "fillingDate": "2009-02-26",
    "acceptedDate": "2009-02-25 17:48:58",
    "calendarYear": "2008",
    "period": "Q4",
    "revenue": 904000000,
    "costOfRevenue": 266000000,
    "grossProfit": 638000000,
    "grossProfitRatio": 0.7057522124,
    "researchAndDevelopmentExpenses": 0,
    "generalAndAdministrativeExpenses": 0,
    "sellingAndMarketingExpenses": 0,
    "sellingGeneralAndAdministrativeExpenses": 270000000,
    "otherExpenses": 84000000,
    "operatingExpenses": 354000000,
    "costAndExpenses": 620000000,
    "interestIncome": 0,
    "interestExpense": 0,
    "depreciationAndAmortization": -16000000,
    "ebitda": 338000000,
    "ebitdaratio": 0.3738938053,
    "operatingIncome": 284000000,
    "operatingIncomeRatio": 0.314159292,
    "totalOtherIncomeExpensesNet": -103000000,
    "incomeBeforeTax": 181000000,
    "incomeBeforeTaxRatio": 0.2002212389,
    "incomeTaxExpense": 67000000,
    "netIncome": 106000000,
    "netIncomeRatio": 0.1172566372,
    "eps": 0,
    "epsdiluted": 0.13,
    "weightedAverageShsOut": 562521952,
    "weightedAverageShsOutDil": 844000000,
    "link": "https://www.sec.gov/Archives/edgar/data/1437107/000095013309000442/0000950133-09-000442-index.htm",
    "finalLink": "https://www.sec.gov/Archives/edgar/data/1437107/000095013309000442/w72867e10vk.htm"
  },
  {
    "date": "2008-09-30",
    "symbol": "WBD",
    "reportedCurrency": "USD",
    "cik": "0001437107",
    "fillingDate": "2008-11-07",
    "acceptedDate": "2008-11-07 13:45:02",
    "calendarYear": "2008",
    "period": "Q3",
    "revenue": 845000000,
    "costOfRevenue": 262000000,
    "grossProfit": 583000000,
    "grossProfitRatio": 0.6899408284,
    "researchAndDevelopmentExpenses": 0,
    "generalAndAdministrativeExpenses": 0,
    "sellingAndMarketingExpenses": 0,
    "sellingGeneralAndAdministrativeExpenses": 224000000,
    "otherExpenses": 63000000,
    "operatingExpenses": 287000000,
    "costAndExpenses": 549000000,
    "interestIncome": 0,
    "interestExpense": 0,
    "depreciationAndAmortization": 68000000,
    "ebitda": 377000000,
    "ebitdaratio": 0.4461538462,
    "operatingIncome": 296000000,
    "operatingIncomeRatio": 0.350295858,
    "totalOtherIncomeExpensesNet": -69000000,
    "incomeBeforeTax": 227000000,
    "incomeBeforeTaxRatio": 0.2686390533,
    "incomeTaxExpense": 93000000,
    "netIncome": 134000000,
    "netIncomeRatio": 0.1585798817,
    "eps": 0.22,
    "epsdiluted": 0.22,
    "weightedAverageShsOut": 562521276,
    "weightedAverageShsOutDil": 604000000,
    "link": "https://www.sec.gov/Archives/edgar/data/1437107/000095013308003644/0000950133-08-003644-index.htm",
    "finalLink": "https://www.sec.gov/Archives/edgar/data/1437107/000095013308003644/w71467e10vq.htm"
  },
  {
    "date": "2008-06-30",
    "symbol": "WBD",
    "reportedCurrency": "USD",
    "cik": "0001437107",
    "fillingDate": "2008-06-30",
    "acceptedDate": "2008-06-29 20:00:00",
    "calendarYear": "2008",
    "period": "Q2",
    "revenue": 885000000,
    "costOfRevenue": 254000000,
    "grossProfit": 631000000,
    "grossProfitRatio": 0.7129943503,
    "researchAndDevelopmentExpenses": 0,
    "generalAndAdministrativeExpenses": 0,
    "sellingAndMarketingExpenses": 0,
    "sellingGeneralAndAdministrativeExpenses": 370000000,
    "otherExpenses": 53000000,
    "operatingExpenses": 423000000,
    "costAndExpenses": 677000000,
    "interestIncome": 0,
    "interestExpense": 66000000,
    "depreciationAndAmortization": 64000000,
    "ebitda": 294000000,
    "ebitdaratio": 0.3322033898,
    "operatingIncome": 208000000,
    "operatingIncomeRatio": 0.2350282486,
    "totalOtherIncomeExpensesNet": -44000000,
    "incomeBeforeTax": 76106000,
    "incomeBeforeTaxRatio": 0.0859954802,
    "incomeTaxExpense": 30227000,
    "netIncome": 43000000,
    "netIncomeRatio": 0.0485875706,
    "eps": 0.08,
    "epsdiluted": 0.08,
    "weightedAverageShsOut": 562490791,
    "weightedAverageShsOutDil": 564000000,
    "link": "",
    "finalLink": ""
  },
  {
    "date": "2008-03-31",
    "symbol": "WBD",
    "reportedCurrency": "USD",
    "cik": "0001437107",
    "fillingDate": "2008-03-31",
    "acceptedDate": "2008-03-30 20:00:00",
    "calendarYear": "2008",
    "period": "Q1",
    "revenue": 809000000,
    "costOfRevenue": 242000000,
    "grossProfit": 567000000,
    "grossProfitRatio": 0.7008652658,
    "researchAndDevelopmentExpenses": 0,
    "generalAndAdministrativeExpenses": 0,
    "sellingAndMarketingExpenses": 0,
    "sellingGeneralAndAdministrativeExpenses": 251000000,
    "otherExpenses": 47000000,
    "operatingExpenses": 298000000,
    "costAndExpenses": 540000000,
    "interestIncome": 0,
    "interestExpense": 69000000,
    "depreciationAndAmortization": 63000000,
    "ebitda": 316000000,
    "ebitdaratio": 0.390605686,
    "operatingIncome": 269000000,
    "operatingIncomeRatio": 0.3325092707,
    "totalOtherIncomeExpensesNet": -85000000,
    "incomeBeforeTax": 60457000,
    "incomeBeforeTaxRatio": 0.0747305315,
    "incomeTaxExpense": 26466000,
    "netIncome": 34000000,
    "netIncomeRatio": 0.0420271941,
    "eps": 0.06,
    "epsdiluted": 0.06,
    "weightedAverageShsOut": 562258942,
    "weightedAverageShsOutDil": 564000000,
    "link": "",
    "finalLink": ""
  },
  {
    "date": "2007-12-31",
    "symbol": "WBD",
    "reportedCurrency": "USD",
    "cik": "0001437107",
    "fillingDate": "2007-12-31",
    "acceptedDate": "2007-12-30 19:00:00",
    "calendarYear": "2007",
    "period": "Q4",
    "revenue": 178199000,
    "costOfRevenue": 128860000,
    "grossProfit": 49339000,
    "grossProfitRatio": 0.2768758523,
    "researchAndDevelopmentExpenses": 0,
    "generalAndAdministrativeExpenses": 0,
    "sellingAndMarketingExpenses": 0,
    "sellingGeneralAndAdministrativeExpenses": 28190000,
    "otherExpenses": 183109000,
    "operatingExpenses": 211299000,
    "costAndExpenses": 340159000,
    "interestIncome": 0,
    "interestExpense": 0,
    "depreciationAndAmortization": 17570000,
    "ebitda": -143821000,
    "ebitdaratio": -0.8070808478,
    "operatingIncome": -161960000,
    "operatingIncomeRatio": -0.9088715425,
    "totalOtherIncomeExpensesNet": -13707000,
    "incomeBeforeTax": -175667000,
    "incomeBeforeTaxRatio": -0.9857911661,
    "incomeTaxExpense": -5087000,
    "netIncome": -170580000,
    "netIncomeRatio": -0.957244429,
    "eps": 0,
    "epsdiluted": -0.3,
    "weightedAverageShsOut": 560439880,
    "weightedAverageShsOutDil": 560439880,
    "link": "",
    "finalLink": ""
  },
  {
    "date": "2007-09-30",
    "symbol": "WBD",
    "reportedCurrency": "USD",
    "cik": "0001437107",
    "fillingDate": "2007-09-30",
    "acceptedDate": "2007-09-29 20:00:00",
    "calendarYear": "2007",
    "period": "Q3",
    "revenue": 15000000,
    "costOfRevenue": 11000000,
    "grossProfit": 4000000,
    "grossProfitRatio": 0.2666666667,
    "researchAndDevelopmentExpenses": 0,
    "generalAndAdministrativeExpenses": 0,
    "sellingAndMarketingExpenses": 0,
    "sellingGeneralAndAdministrativeExpenses": 7000000,
    "otherExpenses": 1000000,
    "operatingExpenses": 8000000,
    "costAndExpenses": 19000000,
    "interestIncome": 0,
    "interestExpense": 0,
    "depreciationAndAmortization": 17014000,
    "ebitda": 13014000,
    "ebitdaratio": 0.8676,
    "operatingIncome": -4000000,
    "operatingIncomeRatio": -0.2666666667,
    "totalOtherIncomeExpensesNet": 10000000,
    "incomeBeforeTax": 11593000,
    "incomeBeforeTaxRatio": 0.7728666667,
    "incomeTaxExpense": 4086000,
    "netIncome": 7000000,
    "netIncomeRatio": 0.4666666667,
    "eps": 0.015,
    "epsdiluted": 0.015,
    "weightedAverageShsOut": 560000000,
    "weightedAverageShsOutDil": 561490507,
    "link": "",
    "finalLink": ""
  },
  {
    "date": "2007-06-30",
    "symbol": "WBD",
    "reportedCurrency": "USD",
    "cik": "0001437107",
    "fillingDate": "2007-06-30",
    "acceptedDate": "2007-06-29 20:00:00",
    "calendarYear": "2007",
    "period": "Q2",
    "revenue": 177220000,
    "costOfRevenue": 121609000,
    "grossProfit": 55611000,
    "grossProfitRatio": 0.3137964112,
    "researchAndDevelopmentExpenses": 0,
    "generalAndAdministrativeExpenses": 0,
    "sellingAndMarketingExpenses": 0,
    "sellingGeneralAndAdministrativeExpenses": 41333000,
    "otherExpenses": 17207000,
    "operatingExpenses": 58540000,
    "costAndExpenses": 180149000,
    "interestIncome": 0,
    "interestExpense": 0,
    "depreciationAndAmortization": 17415000,
    "ebitda": 14486000,
    "ebitdaratio": 0.0817402099,
    "operatingIncome": -2929000,
    "operatingIncomeRatio": -0.01652748,
    "totalOtherIncomeExpensesNet": 128115000,
    "incomeBeforeTax": 125186000,
    "incomeBeforeTaxRatio": 0.7063875409,
    "incomeTaxExpense": 50969000,
    "netIncome": 74217000,
    "netIncomeRatio": 0.4187845616,
    "eps": 0.13,
    "epsdiluted": 0.13,
    "weightedAverageShsOut": 560439880,
    "weightedAverageShsOutDil": 560732419,
    "link": "",
    "finalLink": ""
  },
  {
    "date": "2007-03-31",
    "symbol": "WBD",
    "reportedCurrency": "USD",
    "cik": "0001437107",
    "fillingDate": "2007-03-31",
    "acceptedDate": "2007-03-30 20:00:00",
    "calendarYear": "2007",
    "period": "Q1",
    "revenue": 173882000,
    "costOfRevenue": 118026000,
    "grossProfit": 55856000,
    "grossProfitRatio": 0.3212293394,
    "researchAndDevelopmentExpenses": 0,
    "generalAndAdministrativeExpenses": 0,
    "sellingAndMarketingExpenses": 0,
    "sellingGeneralAndAdministrativeExpenses": 41520000,
    "otherExpenses": 15537000,
    "operatingExpenses": 57057000,
    "costAndExpenses": 175083000,
    "interestIncome": 0,
    "interestExpense": 0,
    "depreciationAndAmortization": 15571000,
    "ebitda": 14370000,
    "ebitdaratio": 0.0826422516,
    "operatingIncome": -1201000,
    "operatingIncomeRatio": -0.0069069829,
    "totalOtherIncomeExpensesNet": 30854000,
    "incomeBeforeTax": 29653000,
    "incomeBeforeTaxRatio": 0.1705351905,
    "incomeTaxExpense": 9189000,
    "netIncome": 20464000,
    "netIncomeRatio": 0.1176890075,
    "eps": 0.035,
    "epsdiluted": 0.035,
    "weightedAverageShsOut": 560439880,
    "weightedAverageShsOutDil": 560491000,
    "link": "",
    "finalLink": ""
  },
  {
    "date": "2006-12-31",
    "symbol": "WBD",
    "reportedCurrency": "USD",
    "cik": "0001437107",
    "fillingDate": "2006-12-31",
    "acceptedDate": "2006-12-30 19:00:00",
    "calendarYear": "2006",
    "period": "Q4",
    "revenue": 198854000,
    "costOfRevenue": 135757000,
    "grossProfit": 63097000,
    "grossProfitRatio": 0.317303147,
    "researchAndDevelopmentExpenses": 0,
    "generalAndAdministrativeExpenses": 0,
    "sellingAndMarketingExpenses": 0,
    "sellingGeneralAndAdministrativeExpenses": 45759000,
    "otherExpenses": 26016000,
    "operatingExpenses": 71775000,
    "costAndExpenses": 207532000,
    "interestIncome": 0,
    "interestExpense": 0,
    "depreciationAndAmortization": 19934000,
    "ebitda": 19385000,
    "ebitdaratio": 0.0974835809,
    "operatingIncome": -8678000,
    "operatingIncomeRatio": -0.0436400575,
    "totalOtherIncomeExpensesNet": 22446000,
    "incomeBeforeTax": 13768000,
    "incomeBeforeTaxRatio": 0.0692367264,
    "incomeTaxExpense": 8494000,
    "netIncome": 5274000,
    "netIncomeRatio": 0.0265219709,
    "eps": 0,
    "epsdiluted": 0.0094,
    "weightedAverageShsOut": 560420487,
    "weightedAverageShsOutDil": 560439880,
    "link": "",
    "finalLink": ""
  },
  {
    "date": "2006-09-30",
    "symbol": "WBD",
    "reportedCurrency": "USD",
    "cik": "0001437107",
    "fillingDate": "2006-09-30",
    "acceptedDate": "2006-09-29 20:00:00",
    "calendarYear": "2006",
    "period": "Q3",
    "revenue": 169876000,
    "costOfRevenue": 111503000,
    "grossProfit": 58373000,
    "grossProfitRatio": 0.3436212296,
    "researchAndDevelopmentExpenses": 0,
    "generalAndAdministrativeExpenses": 0,
    "sellingAndMarketingExpenses": 0,
    "sellingGeneralAndAdministrativeExpenses": 42652000,
    "otherExpenses": 113071000,
    "operatingExpenses": 155723000,
    "costAndExpenses": 267226000,
    "interestIncome": 0,
    "interestExpense": 0,
    "depreciationAndAmortization": 16036000,
    "ebitda": -77681000,
    "ebitdaratio": -0.4572806047,
    "operatingIncome": -97350000,
    "operatingIncomeRatio": -0.5730650592,
    "totalOtherIncomeExpensesNet": 34632000,
    "incomeBeforeTax": -62718000,
    "incomeBeforeTaxRatio": -0.3691987096,
    "incomeTaxExpense": 13915000,
    "netIncome": -76633000,
    "netIncomeRatio": -0.4511113989,
    "eps": -0.13,
    "epsdiluted": -0.13,
    "weightedAverageShsOut": 560401395,
    "weightedAverageShsOutDil": 560439880,
    "link": "",
    "finalLink": ""
  },
  {
    "date": "2006-06-30",
    "symbol": "WBD",
    "reportedCurrency": "USD",
    "cik": "0001437107",
    "fillingDate": "2006-06-30",
    "acceptedDate": "2006-06-29 20:00:00",
    "calendarYear": "2006",
    "period": "Q2",
    "revenue": 165789000,
    "costOfRevenue": 109623000,
    "grossProfit": 56166000,
    "grossProfitRatio": 0.3387800156,
    "researchAndDevelopmentExpenses": 0,
    "generalAndAdministrativeExpenses": 0,
    "sellingAndMarketingExpenses": 0,
    "sellingGeneralAndAdministrativeExpenses": 46114000,
    "otherExpenses": 16267000,
    "operatingExpenses": 62381000,
    "costAndExpenses": 172004000,
    "interestIncome": 0,
    "interestExpense": 0,
    "depreciationAndAmortization": 16304000,
    "ebitda": 10089000,
    "ebitdaratio": 0.0608544596,
    "operatingIncome": -6215000,
    "operatingIncomeRatio": -0.0374874087,
    "totalOtherIncomeExpensesNet": 32831000,
    "incomeBeforeTax": 26616000,
    "incomeBeforeTaxRatio": 0.1605414111,
    "incomeTaxExpense": 12882000,
    "netIncome": 13734000,
    "netIncomeRatio": 0.0828402367,
    "eps": 0.025,
    "epsdiluted": 0.025,
    "weightedAverageShsOut": 560401924,
    "weightedAverageShsOutDil": 560439880,
    "link": "",
    "finalLink": ""
  },
  {
    "date": "2006-03-31",
    "symbol": "WBD",
    "reportedCurrency": "USD",
    "cik": "0001437107",
    "fillingDate": "2006-03-31",
    "acceptedDate": "2006-03-30 19:00:00",
    "calendarYear": "2006",
    "period": "Q1",
    "revenue": 153568000,
    "costOfRevenue": 97599000,
    "grossProfit": 55969000,
    "grossProfitRatio": 0.364457439,
    "researchAndDevelopmentExpenses": 0,
    "generalAndAdministrativeExpenses": 0,
    "sellingAndMarketingExpenses": 0,
    "sellingGeneralAndAdministrativeExpenses": 43171000,
    "otherExpenses": 15655000,
    "operatingExpenses": 58826000,
    "costAndExpenses": 156425000,
    "interestIncome": 0,
    "interestExpense": 0,
    "depreciationAndAmortization": 15655000,
    "ebitda": 12798000,
    "ebitdaratio": 0.0833376745,
    "operatingIncome": -2857000,
    "operatingIncomeRatio": -0.0186041363,
    "totalOtherIncomeExpensesNet": 23123000,
    "incomeBeforeTax": 20266000,
    "incomeBeforeTaxRatio": 0.1319675974,
    "incomeTaxExpense": 8651000,
    "netIncome": 11615000,
    "netIncomeRatio": 0.0756342467,
    "eps": 0.02,
    "epsdiluted": 0.02,
    "weightedAverageShsOut": 560404497,
    "weightedAverageShsOutDil": 560439880,
    "link": "",
    "finalLink": ""
  },
  {
    "date": "2005-12-31",
    "symbol": "WBD",
    "reportedCurrency": "USD",
    "cik": "0001437107",
    "fillingDate": "2005-12-31",
    "acceptedDate": "2005-12-30 19:00:00",
    "calendarYear": "2005",
    "period": "Q4",
    "revenue": 174266000,
    "costOfRevenue": 110072000,
    "grossProfit": 64194000,
    "grossProfitRatio": 0.3683678974,
    "researchAndDevelopmentExpenses": 0,
    "generalAndAdministrativeExpenses": 0,
    "sellingAndMarketingExpenses": 0,
    "sellingGeneralAndAdministrativeExpenses": 36949000,
    "otherExpenses": 25139000,
    "operatingExpenses": 62088000,
    "costAndExpenses": 172160000,
    "interestIncome": 0,
    "interestExpense": 0,
    "depreciationAndAmortization": 21489000,
    "ebitda": 27707000,
    "ebitdaratio": 0.1589925746,
    "operatingIncome": 2106000,
    "operatingIncomeRatio": 0.0120849735,
    "totalOtherIncomeExpensesNet": 10374000,
    "incomeBeforeTax": 12480000,
    "incomeBeforeTaxRatio": 0.0716146581,
    "incomeTaxExpense": 1245000,
    "netIncome": 11235000,
    "netIncomeRatio": 0.0644704073,
    "eps": 0,
    "epsdiluted": 0.02,
    "weightedAverageShsOut": 560403020,
    "weightedAverageShsOutDil": 560439880,
    "link": "",
    "finalLink": ""
  },
  {
    "date": "2005-09-30",
    "symbol": "WBD",
    "reportedCurrency": "USD",
    "cik": "0001437107",
    "fillingDate": "2005-09-30",
    "acceptedDate": "2005-09-29 20:00:00",
    "calendarYear": "2005",
    "period": "Q3",
    "revenue": 167934000,
    "costOfRevenue": 109323000,
    "grossProfit": 58611000,
    "grossProfitRatio": 0.3490121119,
    "researchAndDevelopmentExpenses": 0,
    "generalAndAdministrativeExpenses": 0,
    "sellingAndMarketingExpenses": 0,
    "sellingGeneralAndAdministrativeExpenses": 42130000,
    "otherExpenses": 17884000,
    "operatingExpenses": 60014000,
    "costAndExpenses": 169337000,
    "interestIncome": 0,
    "interestExpense": 0,
    "depreciationAndAmortization": 17884000,
    "ebitda": 16481000,
    "ebitdaratio": 0.0981397454,
    "operatingIncome": -1403000,
    "operatingIncomeRatio": -0.0083544726,
    "totalOtherIncomeExpensesNet": 34913000,
    "incomeBeforeTax": 33510000,
    "incomeBeforeTaxRatio": 0.1995426775,
    "incomeTaxExpense": 32321000,
    "netIncome": 1189000,
    "netIncomeRatio": 0.0070801624,
    "eps": 0.0011,
    "epsdiluted": 0.0011,
    "weightedAverageShsOut": 560398000,
    "weightedAverageShsOutDil": 560439880,
    "link": "",
    "finalLink": ""
  },
  {
    "date": "2005-06-30",
    "symbol": "WBD",
    "reportedCurrency": "USD",
    "cik": "0001437107",
    "fillingDate": "2005-06-30",
    "acceptedDate": "2005-06-29 20:00:00",
    "calendarYear": "2005",
    "period": "Q2",
    "revenue": 178019000,
    "costOfRevenue": 115590000,
    "grossProfit": 62429000,
    "grossProfitRatio": 0.3506872862,
    "researchAndDevelopmentExpenses": 0,
    "generalAndAdministrativeExpenses": 0,
    "sellingAndMarketingExpenses": 0,
    "sellingGeneralAndAdministrativeExpenses": 47168000,
    "otherExpenses": 20243000,
    "operatingExpenses": 67411000,
    "costAndExpenses": 183001000,
    "interestIncome": 0,
    "interestExpense": 0,
    "depreciationAndAmortization": 20243000,
    "ebitda": 15261000,
    "ebitdaratio": 0.0857268044,
    "operatingIncome": -4982000,
    "operatingIncomeRatio": -0.0279857768,
    "totalOtherIncomeExpensesNet": 15091000,
    "incomeBeforeTax": 10109000,
    "incomeBeforeTaxRatio": 0.0567860734,
    "incomeTaxExpense": 6082000,
    "netIncome": 4027000,
    "netIncomeRatio": 0.0226211809,
    "eps": 0.005,
    "epsdiluted": 0.0089,
    "weightedAverageShsOut": 560398000,
    "weightedAverageShsOutDil": 560480790,
    "link": "",
    "finalLink": ""
  },
  {
    "date": "2005-03-31",
    "symbol": "WBD",
    "reportedCurrency": "USD",
    "cik": "0001437107",
    "fillingDate": "2005-03-31",
    "acceptedDate": "2005-03-30 19:00:00",
    "calendarYear": "2005",
    "period": "Q1",
    "revenue": 174290000,
    "costOfRevenue": 110854000,
    "grossProfit": 63436000,
    "grossProfitRatio": 0.3639680991,
    "researchAndDevelopmentExpenses": 0,
    "generalAndAdministrativeExpenses": 0,
    "sellingAndMarketingExpenses": 0,
    "sellingGeneralAndAdministrativeExpenses": 43798000,
    "otherExpenses": 16761000,
    "operatingExpenses": 60559000,
    "costAndExpenses": 171413000,
    "interestIncome": 0,
    "interestExpense": 0,
    "depreciationAndAmortization": 16761000,
    "ebitda": 19638000,
    "ebitdaratio": 0.1126742785,
    "operatingIncome": 2877000,
    "operatingIncomeRatio": 0.0165069711,
    "totalOtherIncomeExpensesNet": -17508000,
    "incomeBeforeTax": 79258000,
    "incomeBeforeTaxRatio": 0.4547478341,
    "incomeTaxExpense": 33629000,
    "netIncome": 16825000,
    "netIncomeRatio": 0.0965345114,
    "eps": 0.03,
    "epsdiluted": 0.03,
    "weightedAverageShsOut": 560480790,
    "weightedAverageShsOutDil": 560480790,
    "link": "",
    "finalLink": ""
  },
  {
    "date": "2004-12-31",
    "symbol": "WBD",
    "reportedCurrency": "USD",
    "cik": "0001437107",
    "fillingDate": "2004-12-31",
    "acceptedDate": "2004-12-30 19:00:00",
    "calendarYear": "2004",
    "period": "Q4",
    "revenue": 172871000,
    "costOfRevenue": 105209000,
    "grossProfit": 67662000,
    "grossProfitRatio": 0.391401681,
    "researchAndDevelopmentExpenses": 0,
    "generalAndAdministrativeExpenses": 0,
    "sellingAndMarketingExpenses": 0,
    "sellingGeneralAndAdministrativeExpenses": 40480000,
    "otherExpenses": 25288000,
    "operatingExpenses": 65768000,
    "costAndExpenses": 170977000,
    "interestIncome": 0,
    "interestExpense": 0,
    "depreciationAndAmortization": 24075000,
    "ebitda": 25969000,
    "ebitdaratio": 0.1502218417,
    "operatingIncome": 1894000,
    "operatingIncomeRatio": 0.0109561465,
    "totalOtherIncomeExpensesNet": 25810000,
    "incomeBeforeTax": 27704000,
    "incomeBeforeTaxRatio": 0.1602582272,
    "incomeTaxExpense": 11959000,
    "netIncome": 15745000,
    "netIncomeRatio": 0.0910794754,
    "eps": 0,
    "epsdiluted": 0.028,
    "weightedAverageShsOut": 560480790,
    "weightedAverageShsOutDil": 560480790,
    "link": "",
    "finalLink": ""
  },
  {
    "date": "2004-09-30",
    "symbol": "WBD",
    "reportedCurrency": "USD",
    "cik": "0001437107",
    "fillingDate": "2004-09-30",
    "acceptedDate": "2004-09-29 20:00:00",
    "calendarYear": "2004",
    "period": "Q3",
    "revenue": 151924000,
    "costOfRevenue": 91268000,
    "grossProfit": 60656000,
    "grossProfitRatio": 0.3992522577,
    "researchAndDevelopmentExpenses": 0,
    "generalAndAdministrativeExpenses": 0,
    "sellingAndMarketingExpenses": 0,
    "sellingGeneralAndAdministrativeExpenses": 38343000,
    "otherExpenses": 18849000,
    "operatingExpenses": 57192000,
    "costAndExpenses": 148460000,
    "interestIncome": 0,
    "interestExpense": 0,
    "depreciationAndAmortization": 18304000,
    "ebitda": 21768000,
    "ebitdaratio": 0.1432821674,
    "operatingIncome": 3464000,
    "operatingIncomeRatio": 0.0228008741,
    "totalOtherIncomeExpensesNet": 20075000,
    "incomeBeforeTax": 23539000,
    "incomeBeforeTaxRatio": 0.1549393118,
    "incomeTaxExpense": 7353000,
    "netIncome": 16186000,
    "netIncomeRatio": 0.1065401122,
    "eps": 0,
    "epsdiluted": 0.029,
    "weightedAverageShsOut": 560480790,
    "weightedAverageShsOutDil": 560480790,
    "link": "",
    "finalLink": ""
  },
  {
    "date": "2004-06-30",
    "symbol": "WBD",
    "reportedCurrency": "USD",
    "cik": "0001437107",
    "fillingDate": "2004-06-30",
    "acceptedDate": "2004-06-29 20:00:00",
    "calendarYear": "2004",
    "period": "Q2",
    "revenue": 160477000,
    "costOfRevenue": 96063000,
    "grossProfit": 64414000,
    "grossProfitRatio": 0.4013908535,
    "researchAndDevelopmentExpenses": 0,
    "generalAndAdministrativeExpenses": 0,
    "sellingAndMarketingExpenses": 0,
    "sellingGeneralAndAdministrativeExpenses": 39031000,
    "otherExpenses": 19720000,
    "operatingExpenses": 58751000,
    "costAndExpenses": 154814000,
    "interestIncome": 0,
    "interestExpense": 0,
    "depreciationAndAmortization": 19174000,
    "ebitda": 24837000,
    "ebitdaratio": 0.1547698424,
    "operatingIncome": 5663000,
    "operatingIncomeRatio": 0.035288546,
    "totalOtherIncomeExpensesNet": 27920000,
    "incomeBeforeTax": 33583000,
    "incomeBeforeTaxRatio": 0.2092698642,
    "incomeTaxExpense": 11326000,
    "netIncome": 22257000,
    "netIncomeRatio": 0.1386927722,
    "eps": 0,
    "epsdiluted": 0.04,
    "weightedAverageShsOut": 560480790,
    "weightedAverageShsOutDil": 560480790,
    "link": "",
    "finalLink": ""
  },
  {
    "date": "2004-03-31",
    "symbol": "WBD",
    "reportedCurrency": "USD",
    "cik": "0001437107",
    "fillingDate": "2004-03-31",
    "acceptedDate": "2004-03-30 19:00:00",
    "calendarYear": "2004",
    "period": "Q1",
    "revenue": 527362000,
    "costOfRevenue": 181737000,
    "grossProfit": 345625000,
    "grossProfitRatio": 0.6553847262,
    "researchAndDevelopmentExpenses": 0,
    "generalAndAdministrativeExpenses": 0,
    "sellingAndMarketingExpenses": 0,
    "sellingGeneralAndAdministrativeExpenses": 208208000,
    "otherExpenses": 59613000,
    "operatingExpenses": 267821000,
    "costAndExpenses": 449558000,
    "interestIncome": 0,
    "interestExpense": 0,
    "depreciationAndAmortization": 16052000,
    "ebitda": 108637000,
    "ebitdaratio": 0.2060008116,
    "operatingIncome": 77804000,
    "operatingIncomeRatio": 0.1475343313,
    "totalOtherIncomeExpensesNet": -41618000,
    "incomeBeforeTax": 36186000,
    "incomeBeforeTaxRatio": 0.0686170031,
    "incomeTaxExpense": 15335000,
    "netIncome": 20851000,
    "netIncomeRatio": 0.0395383058,
    "eps": 0,
    "epsdiluted": 0.037,
    "weightedAverageShsOut": 560480790,
    "weightedAverageShsOutDil": 560480790,
    "link": "",
    "finalLink": ""
  }
]