[
  {
    "date": "2024-12-31",
    "symbol": "WBD",
    "reportedCurrency": "USD",
    "cik": "0001437107",
    "fillingDate": "2025-02-27",
    "acceptedDate": "2025-02-27 12:21:20",
    "calendarYear": "2024",
    "period": "FY",
    "revenue": 39321000000,
    "costOfRevenue": 22970000000,
    "grossProfit": 16351000000,
    "grossProfitRatio": 0.4158337784,
    "researchAndDevelopmentExpenses": 0,
    "generalAndAdministrativeExpenses": 0,
    "sellingAndMarketingExpenses": 0,
    "sellingGeneralAndAdministrativeExpenses": 9296000000,
    "otherExpenses": 17087000000,
    "operatingExpenses": 26383000000,
    "costAndExpenses": 49353000000,
    "interestIncome": 210000000,
    "interestExpense": 2017000000,
    "depreciationAndAmortization": 20983000000,
    "ebitda": 11612000000,
    "ebitdaratio": 0.2953129371,
    "operatingIncome": -10032000000,
    "operatingIncomeRatio": -0.2551308461,
    "totalOtherIncomeExpensesNet": -1356000000,
    "incomeBeforeTax": -11388000000,
    "incomeBeforeTaxRatio": -0.2896162356,
    "incomeTaxExpense": 94000000,
    "netIncome": -11311000000,
    "netIncomeRatio": -0.2876579945,
    "eps": -4.62,
    "epsdiluted": -4.62,
    "weightedAverageShsOut": 2450000000,
    "weightedAverageShsOutDil": 2450000000,
    "link": "https://www.sec.gov/Archives/edgar/data/1437107/000143710725000031/0001437107-25-000031-index.htm",
    "finalLink": "https://www.sec.gov/Archives/edgar/data/1437107/000143710725000031/wbd-20241231.htm"
  },
  {
    "date": "2023-12-31",
    "symbol": "WBD",
    "reportedCurrency": "USD",
    "cik": "0001437107",
    "fillingDate": "2024-02-23",
    "acceptedDate": "2024-02-23 17:10:16",
    "calendarYear": "2023",
    "period": "FY",
    "revenue": 41321000000,
    "costOfRevenue": 24526000000,
    "grossProfit": 16795000000,
    "grossProfitRatio": 0.4064519252,
    "researchAndDevelopmentExpenses": 0,
    "generalAndAdministrativeExpenses": 0,
    "sellingAndMarketingExpenses": 0,
    "sellingGeneralAndAdministrativeExpenses": 9696000000,
    "otherExpenses": 8647000000,
    "operatingExpenses": 18343000000,
    "costAndExpenses": 42869000000,
    "interestIncome": 179000000,
    "interestExpense": 2221000000,
    "depreciationAndAmortization": 24009000000,
    "ebitda": 22367000000,
    "ebitdaratio": 0.5412986133,
    "operatingIncome": -1548000000,
    "operatingIncomeRatio": -0.0374627913,
    "totalOtherIncomeExpensesNet": -2315000000,
    "incomeBeforeTax": -3863000000,
    "incomeBeforeTaxRatio": -0.0934875729,
    "incomeTaxExpense": -784000000,
    "netIncome": -3126000000,
    "netIncomeRatio": -0.0756516057,
    "eps": -1.28,
    "epsdiluted": -1.28,
    "weightedAverageShsOut": 2436000000,
    "weightedAverageShsOutDil": 2436000000,
    "link": "https://www.sec.gov/Archives/edgar/data/1437107/000143710724000017/0001437107-24-000017-index.htm",
    "finalLink": "https://www.sec.gov/Archives/edgar/data/1437107/000143710724000017/wbd-20231231.htm"
  },
  {
    "date": "2022-12-31",
    "symbol": "WBD",
    "reportedCurrency": "USD",
    "cik": "0001437107",
    "fillingDate": "2023-02-24",
    "acceptedDate": "2023-02-24 16:09:13",
    "calendarYear": "2022",
    "period": "FY",
    "revenue": 33817000000,
    "costOfRevenue": 20442000000,
    "grossProfit": 13375000000,
    "grossProfitRatio": 0.3955111335,
    "researchAndDevelopmentExpenses": 0,
    "generalAndAdministrativeExpenses": 0,
    "sellingAndMarketingExpenses": 0,
    "sellingGeneralAndAdministrativeExpenses": 9678000000,
    "otherExpenses": 11067000000,
    "operatingExpenses": 20745000000,
    "costAndExpenses": 41187000000,
    "interestIncome": 67000000,
    "interestExpense": 1777000000,
    "depreciationAndAmortization": 21354000000,
    "ebitda": 14171000000,
    "ebitdaratio": 0.4190495904,
    "operatingIncome": -7370000000,
    "operatingIncomeRatio": -0.2179377236,
    "totalOtherIncomeExpensesNet": -1590000000,
    "incomeBeforeTax": -8960000000,
    "incomeBeforeTaxRatio": -0.2649554958,
    "incomeTaxExpense": -1663000000,
    "netIncome": -7371000000,
    "netIncomeRatio": -0.2179672946,
    "eps": -3.82,
    "epsdiluted": -3.82,
    "weightedAverageShsOut": 1940000000,
    "weightedAverageShsOutDil": 1940000000,
    "link": "https://www.sec.gov/Archives/edgar/data/1437107/000143710723000019/0001437107-23-000019-index.htm",
    "finalLink": "https://www.sec.gov/Archives/edgar/data/1437107/000143710723000019/disca-20221231.htm"
  },
  {
    "date": "2021-12-31",
    "symbol": "WBD",
    "reportedCurrency": "USD",
    "cik": "0001437107",
    "fillingDate": "2022-02-24",
    "acceptedDate": "2022-02-24 14:14:26",
    "calendarYear": "2021",
    "period": "FY",
    "revenue": 12191000000,
    "costOfRevenue": 4620000000,
    "grossProfit": 7571000000,
    "grossProfitRatio": 0.6210319088,
    "researchAndDevelopmentExpenses": 0,
    "generalAndAdministrativeExpenses": 0,
    "sellingAndMarketingExpenses": 0,
    "sellingGeneralAndAdministrativeExpenses": 4016000000,
    "otherExpenses": 1543000000,
    "operatingExpenses": 5559000000,
    "costAndExpenses": 10179000000,
    "interestIncome": 18000000,
    "interestExpense": 633000000,
    "depreciationAndAmortization": 5083000000,
    "ebitda": 7149000000,
    "ebitdaratio": 0.5864162087,
    "operatingIncome": 2012000000,
    "operatingIncomeRatio": 0.1650397834,
    "totalOtherIncomeExpensesNet": -579000000,
    "incomeBeforeTax": 1433000000,
    "incomeBeforeTaxRatio": 0.1175457305,
    "incomeTaxExpense": 236000000,
    "netIncome": 1006000000,
    "netIncomeRatio": 0.0825198917,
    "eps": 1.55,
    "epsdiluted": 1.54,
    "weightedAverageShsOut": 507000000,
    "weightedAverageShsOutDil": 668000000,
    "link": "https://www.sec.gov/Archives/edgar/data/1437107/000143710722000031/0001437107-22-000031-index.htm",
    "finalLink": "https://www.sec.gov/Archives/edgar/data/1437107/000143710722000031/disca-20211231.htm"
  },
  {
    "date": "2020-12-31",
    "symbol": "WBD",
    "reportedCurrency": "USD",
    "cik": "0001437107",
    "fillingDate": "2021-02-22",
    "acceptedDate": "2021-02-22 15:46:53",
    "calendarYear": "2020",
    "period": "FY",
    "revenue": 10671000000,
    "costOfRevenue": 3860000000,
    "grossProfit": 6811000000,
    "grossProfitRatio": 0.638271952,
    "researchAndDevelopmentExpenses": 0,
    "generalAndAdministrativeExpenses": 0,
    "sellingAndMarketingExpenses": 0,
    "sellingGeneralAndAdministrativeExpenses": 2722000000,
    "otherExpenses": 1574000000,
    "operatingExpenses": 4296000000,
    "costAndExpenses": 8156000000,
    "interestIncome": 10000000,
    "interestExpense": 692000000,
    "depreciationAndAmortization": 4315000000,
    "ebitda": 6691000000,
    "ebitdaratio": 0.6270265205,
    "operatingIncome": 2515000000,
    "operatingIncomeRatio": 0.2356855028,
    "totalOtherIncomeExpensesNet": -787000000,
    "incomeBeforeTax": 1728000000,
    "incomeBeforeTaxRatio": 0.1619342142,
    "incomeTaxExpense": 373000000,
    "netIncome": 1219000000,
    "netIncomeRatio": 0.1142348421,
    "eps": 1.82,
    "epsdiluted": 1.81,
    "weightedAverageShsOut": 510000000,
    "weightedAverageShsOutDil": 677000000,
    "link": "https://www.sec.gov/Archives/edgar/data/1437107/000143710721000018/0001437107-21-000018-index.htm",
    "finalLink": "https://www.sec.gov/Archives/edgar/data/1437107/000143710721000018/disca-20201231.htm"
  },
  {
    "date": "2019-12-31",
    "symbol": "WBD",
    "reportedCurrency": "USD",
    "cik": "0001437107",
    "fillingDate": "2020-02-27",
    "acceptedDate": "2020-02-27 15:21:02",
    "calendarYear": "2019",
    "period": "FY",
    "revenue": 11144000000,
    "costOfRevenue": 3819000000,
    "grossProfit": 7325000000,
    "grossProfitRatio": 0.657304379,
    "researchAndDevelopmentExpenses": 0,
    "generalAndAdministrativeExpenses": 0,
    "sellingAndMarketingExpenses": 0,
    "sellingGeneralAndAdministrativeExpenses": 2788000000,
    "otherExpenses": 1528000000,
    "operatingExpenses": 4316000000,
    "costAndExpenses": 8135000000,
    "interestIncome": 22000000,
    "interestExpense": 677000000,
    "depreciationAndAmortization": 4200000000,
    "ebitda": 7171000000,
    "ebitdaratio": 0.6434852836,
    "operatingIncome": 3009000000,
    "operatingIncomeRatio": 0.2700107681,
    "totalOtherIncomeExpensesNet": -715000000,
    "incomeBeforeTax": 2294000000,
    "incomeBeforeTaxRatio": 0.205850682,
    "incomeTaxExpense": 81000000,
    "netIncome": 2069000000,
    "netIncomeRatio": 0.1856604451,
    "eps": 2.9,
    "epsdiluted": 2.86,
    "weightedAverageShsOut": 535000000,
    "weightedAverageShsOutDil": 717000000,
    "link": "https://www.sec.gov/Archives/edgar/data/1437107/000143710720000006/0001437107-20-000006-index.htm",
    "finalLink": "https://www.sec.gov/Archives/edgar/data/1437107/000143710720000006/disca-2019123110kq4.htm"
  },
  {
    "date": "2018-12-31",
    "symbol": "WBD",
    "reportedCurrency": "USD",
    "cik": "0001437107",
    "fillingDate": "2019-03-01",
    "acceptedDate": "2019-03-01 12:46:38",
    "calendarYear": "2018",
    "period": "FY",
    "revenue": 10553000000,
    "costOfRevenue": 3935000000,
    "grossProfit": 6618000000,
    "grossProfitRatio": 0.6271202502,
    "researchAndDevelopmentExpenses": 0,
    "generalAndAdministrativeExpenses": 0,
    "sellingAndMarketingExpenses": 0,
    "sellingGeneralAndAdministrativeExpenses": 2620000000,
    "otherExpenses": 2064000000,
    "operatingExpenses": 4684000000,
    "costAndExpenses": 8619000000,
    "interestIncome": 15000000,
    "interestExpense": 729000000,
    "depreciationAndAmortization": 4686000000,
    "ebitda": 6437000000,
    "ebitdaratio": 0.6099687293,
    "operatingIncome": 1934000000,
    "operatingIncomeRatio": 0.1832654222,
    "totalOtherIncomeExpensesNet": -912000000,
    "incomeBeforeTax": 1022000000,
    "incomeBeforeTaxRatio": 0.0968444992,
    "incomeTaxExpense": 341000000,
    "netIncome": 594000000,
    "netIncomeRatio": 0.0562873117,
    "eps": 0.86,
    "epsdiluted": 0.86,
    "weightedAverageShsOut": 688000000,
    "weightedAverageShsOutDil": 688000000,
    "link": "https://www.sec.gov/Archives/edgar/data/1437107/000143710719000013/0001437107-19-000013-index.htm",
    "finalLink": "https://www.sec.gov/Archives/edgar/data/1437107/000143710719000013/disca-2018123110k.htm"
  },
  {
    "date": "2017-12-31",
    "symbol": "WBD",
    "reportedCurrency": "USD",
    "cik": "0001437107",
    "fillingDate": "2018-02-28",
    "acceptedDate": "2018-02-28 15:11:15",
    "calendarYear": "2017",
    "period": "FY",
    "revenue": 6873000000,
    "costOfRevenue": 2656000000,
    "grossProfit": 4217000000,
    "grossProfitRatio": 0.6135603085,
    "researchAndDevelopmentExpenses": 0,
    "generalAndAdministrativeExpenses": 0,
    "sellingAndMarketingExpenses": 0,
    "sellingGeneralAndAdministrativeExpenses": 1768000000,
    "otherExpenses": 1736000000,
    "operatingExpenses": 3504000000,
    "costAndExpenses": 6160000000,
    "interestIncome": 21000000,
    "interestExpense": 475000000,
    "depreciationAndAmortization": 2240000000,
    "ebitda": 2578000000,
    "ebitdaratio": 0.3750909355,
    "operatingIncome": 713000000,
    "operatingIncomeRatio": 0.1037392696,
    "totalOtherIncomeExpensesNet": -850000000,
    "incomeBeforeTax": -137000000,
    "incomeBeforeTaxRatio": -0.0199330714,
    "incomeTaxExpense": 176000000,
    "netIncome": -337000000,
    "netIncomeRatio": -0.0490324458,
    "eps": -0.59,
    "epsdiluted": -0.59,
    "weightedAverageShsOut": 384000000,
    "weightedAverageShsOutDil": 576000000,
    "link": "https://www.sec.gov/Archives/edgar/data/1437107/000143710718000028/0001437107-18-000028-index.htm",
    "finalLink": "https://www.sec.gov/Archives/edgar/data/1437107/000143710718000028/disca-2017123110k.htm"
  },
  {
    "date": "2016-12-31",
    "symbol": "WBD",
    "reportedCurrency": "USD",
    "cik": "0001437107",
    "fillingDate": "2017-02-14",
    "acceptedDate": "2017-02-14 15:02:00",
    "calendarYear": "2016",
    "period": "FY",
    "revenue": 6497000000,
    "costOfRevenue": 2432000000,
    "grossProfit": 4065000000,
    "grossProfitRatio": 0.6256733877,
    "researchAndDevelopmentExpenses": 0,
    "generalAndAdministrativeExpenses": 0,
    "sellingAndMarketingExpenses": 0,
    "sellingGeneralAndAdministrativeExpenses": 1690000000,
    "otherExpenses": 317000000,
    "operatingExpenses": 2007000000,
    "costAndExpenses": 4439000000,
    "interestIncome": 0,
    "interestExpense": 353000000,
    "depreciationAndAmortization": 2095000000,
    "ebitda": 4119000000,
    "ebitdaratio": 0.6339849161,
    "operatingIncome": 2058000000,
    "operatingIncomeRatio": 0.3167615823,
    "totalOtherIncomeExpensesNet": -387000000,
    "incomeBeforeTax": 1671000000,
    "incomeBeforeTaxRatio": 0.2571956288,
    "incomeTaxExpense": 453000000,
    "netIncome": 1194000000,
    "netIncomeRatio": 0.1837771279,
    "eps": 1.97,
    "epsdiluted": 1.96,
    "weightedAverageShsOut": 401000000,
    "weightedAverageShsOutDil": 610000000,
    "link": "https://www.sec.gov/Archives/edgar/data/1437107/000143710717000007/0001437107-17-000007-index.htm",
    "finalLink": "https://www.sec.gov/Archives/edgar/data/1437107/000143710717000007/disca-2016123110k.htm"
  },
  {
    "date": "2015-12-31",
    "symbol": "WBD",
    "reportedCurrency": "USD",
    "cik": "0001437107",
    "fillingDate": "2016-02-18",
    "acceptedDate": "2016-02-18 14:14:17",
    "calendarYear": "2015",
    "period": "FY",
    "revenue": 6394000000,
    "costOfRevenue": 2343000000,
    "grossProfit": 4051000000,
    "grossProfitRatio": 0.633562715,
    "researchAndDevelopmentExpenses": 0,
    "generalAndAdministrativeExpenses": 0,
    "sellingAndMarketingExpenses": 0,
    "sellingGeneralAndAdministrativeExpenses": 1669000000,
    "otherExpenses": 397000000,
    "operatingExpenses": 2066000000,
    "costAndExpenses": 4409000000,
    "interestIncome": 0,
    "interestExpense": 330000000,
    "depreciationAndAmortization": 2039000000,
    "ebitda": 3928000000,
    "ebitdaratio": 0.6143259306,
    "operatingIncome": 1985000000,
    "operatingIncomeRatio": 0.3104472943,
    "totalOtherIncomeExpensesNet": -426000000,
    "incomeBeforeTax": 1559000000,
    "incomeBeforeTaxRatio": 0.2438223334,
    "incomeTaxExpense": 511000000,
    "netIncome": 1034000000,
    "netIncomeRatio": 0.161714107,
    "eps": 1.59,
    "epsdiluted": 1.58,
    "weightedAverageShsOut": 432000000,
    "weightedAverageShsOutDil": 656000000,
    "link": "https://www.sec.gov/Archives/edgar/data/1437107/000143710716000059/0001437107-16-000059-index.htm",
    "finalLink": "https://www.sec.gov/Archives/edgar/data/1437107/000143710716000059/disca-2015123110k.htm"
  },
  {
    "date": "2014-12-31",
    "symbol": "WBD",
    "reportedCurrency": "USD",
    "cik": "0001437107",
    "fillingDate": "2015-02-19",
    "acceptedDate": "2015-02-19 14:02:39",
    "calendarYear": "2014",
    "period": "FY",
    "revenue": 6265000000,
    "costOfRevenue": 2124000000,
    "grossProfit": 4141000000,
    "grossProfitRatio": 0.6609736632,
    "researchAndDevelopmentExpenses": 0,
    "generalAndAdministrativeExpenses": 0,
    "sellingAndMarketingExpenses": 0,
    "sellingGeneralAndAdministrativeExpenses": 1692000000,
    "otherExpenses": 388000000,
    "operatingExpenses": 2080000000,
    "costAndExpenses": 4204000000,
    "interestIncome": 0,
    "interestExpense": 328000000,
    "depreciationAndAmortization": 1886000000,
    "ebitda": 3961000000,
    "ebitdaratio": 0.6322426177,
    "operatingIncome": 2061000000,
    "operatingIncomeRatio": 0.3289704709,
    "totalOtherIncomeExpensesNet": -314000000,
    "incomeBeforeTax": 1747000000,
    "incomeBeforeTaxRatio": 0.2788507582,
    "incomeTaxExpense": 610000000,
    "netIncome": 1139000000,
    "netIncomeRatio": 0.1818036712,
    "eps": 1.67,
    "epsdiluted": 1.66,
    "weightedAverageShsOut": 454000000,
    "weightedAverageShsOutDil": 687000000,
    "link": "https://www.sec.gov/Archives/edgar/data/1437107/000143710715000004/0001437107-15-000004-index.htm",
    "finalLink": "https://www.sec.gov/Archives/edgar/data/1437107/000143710715000004/disca-2014123110k.htm"
  },
  {
    "date": "2013-12-31",
    "symbol": "WBD",
    "reportedCurrency": "USD",
    "cik": "0001437107",
    "fillingDate": "2014-02-20",
    "acceptedDate": "2014-02-20 16:18:34",
    "calendarYear": "2013",
    "period": "FY",
    "revenue": 5535000000,
    "costOfRevenue": 1689000000,
    "grossProfit": 3846000000,
    "grossProfitRatio": 0.6948509485,
    "researchAndDevelopmentExpenses": 0,
    "generalAndAdministrativeExpenses": 0,
    "sellingAndMarketingExpenses": 0,
    "sellingGeneralAndAdministrativeExpenses": 1598000000,
    "otherExpenses": 273000000,
    "operatingExpenses": 1871000000,
    "costAndExpenses": 3560000000,
    "interestIncome": 0,
    "interestExpense": 306000000,
    "depreciationAndAmortization": 1466000000,
    "ebitda": 3508000000,
    "ebitdaratio": 0.6337850045,
    "operatingIncome": 1975000000,
    "operatingIncomeRatio": 0.3568202349,
    "totalOtherIncomeExpensesNet": -239000000,
    "incomeBeforeTax": 1736000000,
    "incomeBeforeTaxRatio": 0.3136404697,
    "incomeTaxExpense": 659000000,
    "netIncome": 1075000000,
    "netIncomeRatio": 0.1942186089,
    "eps": 1.51,
    "epsdiluted": 1.49,
    "weightedAverageShsOut": 330950000,
    "weightedAverageShsOutDil": 722000000,
    "link": "https://www.sec.gov/Archives/edgar/data/1437107/000143710714000016/0001437107-14-000016-index.htm",
    "finalLink": "https://www.sec.gov/Archives/edgar/data/1437107/000143710714000016/disca-2013123110k.htm"
  },
  {
    "date": "2012-12-31",
    "symbol": "WBD",
    "reportedCurrency": "USD",
    "cik": "0001437107",
    "fillingDate": "2013-02-14",
    "acceptedDate": "2013-02-14 15:41:21",
    "calendarYear": "2012",
    "period": "FY",
    "revenue": 4487000000,
    "costOfRevenue": 1218000000,
    "grossProfit": 3269000000,
    "grossProfitRatio": 0.728549142,
    "researchAndDevelopmentExpenses": 0,
    "generalAndAdministrativeExpenses": 0,
    "sellingAndMarketingExpenses": 0,
    "sellingGeneralAndAdministrativeExpenses": 1287000000,
    "otherExpenses": 123000000,
    "operatingExpenses": 1410000000,
    "costAndExpenses": 2628000000,
    "interestIncome": 0,
    "interestExpense": 248000000,
    "depreciationAndAmortization": 982000000,
    "ebitda": 2748000000,
    "ebitdaratio": 0.612435926,
    "operatingIncome": 1859000000,
    "operatingIncomeRatio": 0.4143080009,
    "totalOtherIncomeExpensesNet": -341000000,
    "incomeBeforeTax": 1518000000,
    "incomeBeforeTaxRatio": 0.3383106753,
    "incomeTaxExpense": 562000000,
    "netIncome": 943000000,
    "netIncomeRatio": 0.2101626922,
    "eps": 0.63,
    "epsdiluted": 1.27,
    "weightedAverageShsOut": 348925000,
    "weightedAverageShsOutDil": 742000000,
    "link": "https://www.sec.gov/Archives/edgar/data/1437107/000143710713000006/0001437107-13-000006-index.htm",
    "finalLink": "https://www.sec.gov/Archives/edgar/data/1437107/000143710713000006/disca-2012123110k.htm"
  },
  {
    "date": "2011-12-31",
    "symbol": "WBD",
    "reportedCurrency": "USD",
    "cik": "0001437107",
    "fillingDate": "2012-02-17",
    "acceptedDate": "2012-02-17 07:44:19",
    "calendarYear": "2011",
    "period": "FY",
    "revenue": 4168000000,
    "costOfRevenue": 1176000000,
    "grossProfit": 2992000000,
    "grossProfitRatio": 0.7178502879,
    "researchAndDevelopmentExpenses": 0,
    "generalAndAdministrativeExpenses": 0,
    "sellingAndMarketingExpenses": 0,
    "sellingGeneralAndAdministrativeExpenses": 1171000000,
    "otherExpenses": 18000000,
    "operatingExpenses": 1189000000,
    "costAndExpenses": 2365000000,
    "interestIncome": 0,
    "interestExpense": 208000000,
    "depreciationAndAmortization": 965000000,
    "ebitda": 2736000000,
    "ebitdaratio": 0.6564299424,
    "operatingIncome": 1803000000,
    "operatingIncomeRatio": 0.4325815739,
    "totalOtherIncomeExpensesNet": -244000000,
    "incomeBeforeTax": 1559000000,
    "incomeBeforeTaxRatio": 0.3740403071,
    "incomeTaxExpense": 425000000,
    "netIncome": 1132000000,
    "netIncomeRatio": 0.2715930902,
    "eps": 1.41,
    "epsdiluted": 1.4,
    "weightedAverageShsOut": 529125000,
    "weightedAverageShsOutDil": 810000000,
    "link": "https://www.sec.gov/Archives/edgar/data/1437107/000119312512066285/0001193125-12-066285-index.htm",
    "finalLink": "https://www.sec.gov/Archives/edgar/data/1437107/000119312512066285/d226513d10k.htm"
  },
  {
    "date": "2010-12-31",
    "symbol": "WBD",
    "reportedCurrency": "USD",
    "cik": "0001437107",
    "fillingDate": "2011-02-18",
    "acceptedDate": "2011-02-18 16:53:49",
    "calendarYear": "2010",
    "period": "FY",
    "revenue": 3706000000,
    "costOfRevenue": 1013000000,
    "grossProfit": 2693000000,
    "grossProfitRatio": 0.7266594711,
    "researchAndDevelopmentExpenses": 0,
    "generalAndAdministrativeExpenses": 0,
    "sellingAndMarketingExpenses": 0,
    "sellingGeneralAndAdministrativeExpenses": 1174000000,
    "otherExpenses": 142000000,
    "operatingExpenses": 1316000000,
    "costAndExpenses": 2329000000,
    "interestIncome": 0,
    "interestExpense": 203000000,
    "depreciationAndAmortization": 847000000,
    "ebitda": 2002000000,
    "ebitdaratio": 0.5402050729,
    "operatingIncome": 1377000000,
    "operatingIncomeRatio": 0.371559633,
    "totalOtherIncomeExpensesNet": -442000000,
    "incomeBeforeTax": 935000000,
    "incomeBeforeTaxRatio": 0.252293578,
    "incomeTaxExpense": 277000000,
    "netIncome": 653000000,
    "netIncomeRatio": 0.1762007555,
    "eps": 0.78,
    "epsdiluted": 0.78,
    "weightedAverageShsOut": 569440000,
    "weightedAverageShsOutDil": 858000000,
    "link": "https://www.sec.gov/Archives/edgar/data/1437107/000119312511040418/0001193125-11-040418-index.htm",
    "finalLink": "https://www.sec.gov/Archives/edgar/data/1437107/000119312511040418/d10k.htm"
  },
  {
    "date": "2009-12-31",
    "symbol": "WBD",
    "reportedCurrency": "USD",
    "cik": "0001437107",
    "fillingDate": "2010-02-22",
    "acceptedDate": "2010-02-22 09:30:17",
    "calendarYear": "2009",
    "period": "FY",
    "revenue": 3458000000,
    "costOfRevenue": 1044000000,
    "grossProfit": 2414000000,
    "grossProfitRatio": 0.6980913823,
    "researchAndDevelopmentExpenses": 0,
    "generalAndAdministrativeExpenses": 0,
    "sellingAndMarketingExpenses": 0,
    "sellingGeneralAndAdministrativeExpenses": 1188000000,
    "otherExpenses": -48000000,
    "operatingExpenses": 1140000000,
    "costAndExpenses": 2184000000,
    "interestIncome": 0,
    "interestExpense": 248000000,
    "depreciationAndAmortization": 155000000,
    "ebitda": 1442000000,
    "ebitdaratio": 0.4170040486,
    "operatingIncome": 1274000000,
    "operatingIncomeRatio": 0.3684210526,
    "totalOtherIncomeExpensesNet": -204000000,
    "incomeBeforeTax": 1031000000,
    "incomeBeforeTaxRatio": 0.2981492192,
    "incomeTaxExpense": 472000000,
    "netIncome": 549000000,
    "netIncomeRatio": 0.1587622903,
    "eps": 0.65,
    "epsdiluted": 0.65,
    "weightedAverageShsOut": 564945732,
    "weightedAverageShsOutDil": 850000000,
    "link": "https://www.sec.gov/Archives/edgar/data/1437107/000119312510035850/0001193125-10-035850-index.htm",
    "finalLink": "https://www.sec.gov/Archives/edgar/data/1437107/000119312510035850/d10k.htm"
  },
  {
    "date": "2008-12-31",
    "symbol": "WBD",
    "reportedCurrency": "USD",
    "cik": "0001437107",
    "fillingDate": "2009-02-26",
    "acceptedDate": "2009-02-25 17:48:58",
    "calendarYear": "2008",
    "period": "FY",
    "revenue": 3443000000,
    "costOfRevenue": 1024000000,
    "grossProfit": 2419000000,
    "grossProfitRatio": 0.702584955,
    "researchAndDevelopmentExpenses": 0,
    "generalAndAdministrativeExpenses": 0,
    "sellingAndMarketingExpenses": 0,
    "sellingGeneralAndAdministrativeExpenses": 1115000000,
    "otherExpenses": 247000000,
    "operatingExpenses": 1362000000,
    "costAndExpenses": 2386000000,
    "interestIncome": 2000000,
    "interestExpense": 258000000,
    "depreciationAndAmortization": 232000000,
    "ebitda": 1350000000,
    "ebitdaratio": 0.3920999129,
    "operatingIncome": 1057000000,
    "operatingIncomeRatio": 0.3069997096,
    "totalOtherIncomeExpensesNet": -303000000,
    "incomeBeforeTax": 754000000,
    "incomeBeforeTaxRatio": 0.2189950624,
    "incomeTaxExpense": 352000000,
    "netIncome": 317000000,
    "netIncomeRatio": 0.0920708684,
    "eps": 0.5,
    "epsdiluted": 0.49,
    "weightedAverageShsOut": 562447947,
    "weightedAverageShsOutDil": 644000000,
    "link": "https://www.sec.gov/Archives/edgar/data/1437107/000095013309000442/0000950133-09-000442-index.htm",
    "finalLink": "https://www.sec.gov/Archives/edgar/data/1437107/000095013309000442/w72867e10vk.htm"
  },
  {
    "date": "2007-12-31",
    "symbol": "WBD",
    "reportedCurrency": "USD",
    "cik": "0001437107",
    "fillingDate": "2007-12-31",
    "acceptedDate": "2007-12-30 19:00:00",
    "calendarYear": "2007",
    "period": "FY",
    "revenue": 76000000,
    "costOfRevenue": 60000000,
    "grossProfit": 16000000,
    "grossProfitRatio": 0.2105263158,
    "researchAndDevelopmentExpenses": 0,
    "generalAndAdministrativeExpenses": 0,
    "sellingAndMarketingExpenses": 0,
    "sellingGeneralAndAdministrativeExpenses": 22000000,
    "otherExpenses": 2000000,
    "operatingExpenses": 24000000,
    "costAndExpenses": 84000000,
    "interestIncome": 0,
    "interestExpense": 0,
    "depreciationAndAmortization": 68000000,
    "ebitda": 60000000,
    "ebitdaratio": 0.7894736842,
    "operatingIncome": -8000000,
    "operatingIncomeRatio": -0.1052631579,
    "totalOtherIncomeExpensesNet": -6996000,
    "incomeBeforeTax": -9235000,
    "incomeBeforeTaxRatio": -0.1215131579,
    "incomeTaxExpense": 59157000,
    "netIncome": -68000000,
    "netIncomeRatio": -0.8947368421,
    "eps": -0.12,
    "epsdiluted": -0.12,
    "weightedAverageShsOut": 561193146,
    "weightedAverageShsOutDil": 562000000,
    "link": "",
    "finalLink": ""
  },
  {
    "date": "2006-12-31",
    "symbol": "WBD",
    "reportedCurrency": "USD",
    "cik": "0001437107",
    "fillingDate": "2006-12-31",
    "acceptedDate": "2006-12-30 19:00:00",
    "calendarYear": "2006",
    "period": "FY",
    "revenue": 688000000,
    "costOfRevenue": 454000000,
    "grossProfit": 234000000,
    "grossProfitRatio": 0.3401162791,
    "researchAndDevelopmentExpenses": 0,
    "generalAndAdministrativeExpenses": 0,
    "sellingAndMarketingExpenses": 0,
    "sellingGeneralAndAdministrativeExpenses": 177000000,
    "otherExpenses": 172000000,
    "operatingExpenses": 349000000,
    "costAndExpenses": 803000000,
    "interestIncome": 0,
    "interestExpense": 0,
    "depreciationAndAmortization": 68000000,
    "ebitda": -35000000,
    "ebitdaratio": -0.050872093,
    "operatingIncome": -115000000,
    "operatingIncomeRatio": -0.1671511628,
    "totalOtherIncomeExpensesNet": 112932000,
    "incomeBeforeTax": -2068000,
    "incomeBeforeTaxRatio": -0.003005814,
    "incomeTaxExpense": 43942000,
    "netIncome": -46000000,
    "netIncomeRatio": -0.0668604651,
    "eps": -0.08,
    "epsdiluted": -0.08,
    "weightedAverageShsOut": 560407076,
    "weightedAverageShsOutDil": 575000000,
    "link": "",
    "finalLink": ""
  },
  {
    "date": "2005-12-31",
    "symbol": "WBD",
    "reportedCurrency": "USD",
    "cik": "0001437107",
    "fillingDate": "2005-12-31",
    "acceptedDate": "2005-12-30 19:00:00",
    "calendarYear": "2005",
    "period": "FY",
    "revenue": 694509000,
    "costOfRevenue": 445839000,
    "grossProfit": 248670000,
    "grossProfitRatio": 0.3580515155,
    "researchAndDevelopmentExpenses": 0,
    "generalAndAdministrativeExpenses": 0,
    "sellingAndMarketingExpenses": 0,
    "sellingGeneralAndAdministrativeExpenses": 170045000,
    "otherExpenses": 80027000,
    "operatingExpenses": 250072000,
    "costAndExpenses": 695911000,
    "interestIncome": 0,
    "interestExpense": 0,
    "depreciationAndAmortization": 76377000,
    "ebitda": 79087000,
    "ebitdaratio": 0.1138746942,
    "operatingIncome": -1402000,
    "operatingIncomeRatio": -0.0020186923,
    "totalOtherIncomeExpensesNet": 83514000,
    "incomeBeforeTax": 82112000,
    "incomeBeforeTaxRatio": 0.1182302893,
    "incomeTaxExpense": 48836000,
    "netIncome": 33276000,
    "netIncomeRatio": 0.047912986,
    "eps": 0.06,
    "epsdiluted": 0.06,
    "weightedAverageShsOut": 560398000,
    "weightedAverageShsOutDil": 560407076,
    "link": "",
    "finalLink": ""
  },
  {
    "date": "2004-12-31",
    "symbol": "WBD",
    "reportedCurrency": "USD",
    "cik": "0001437107",
    "fillingDate": "2004-12-31",
    "acceptedDate": "2004-12-30 19:00:00",
    "calendarYear": "2004",
    "period": "FY",
    "revenue": 631215000,
    "costOfRevenue": 380290000,
    "grossProfit": 250925000,
    "grossProfitRatio": 0.3975269916,
    "researchAndDevelopmentExpenses": 0,
    "generalAndAdministrativeExpenses": 0,
    "sellingAndMarketingExpenses": 0,
    "sellingGeneralAndAdministrativeExpenses": 153130000,
    "otherExpenses": 80860000,
    "operatingExpenses": 233990000,
    "costAndExpenses": 614280000,
    "interestIncome": 0,
    "interestExpense": 0,
    "depreciationAndAmortization": 77605000,
    "ebitda": 94540000,
    "ebitdaratio": 0.149774641,
    "operatingIncome": 16935000,
    "operatingIncomeRatio": 0.0268292103,
    "totalOtherIncomeExpensesNet": 84143000,
    "incomeBeforeTax": 101078000,
    "incomeBeforeTaxRatio": 0.160132443,
    "incomeTaxExpense": 34970000,
    "netIncome": 66108000,
    "netIncomeRatio": 0.1047313514,
    "eps": 0.12,
    "epsdiluted": 0.12,
    "weightedAverageShsOut": 560407076,
    "weightedAverageShsOutDil": 560407076,
    "link": "",
    "finalLink": ""
  },
  {
    "date": "2003-12-31",
    "symbol": "WBD",
    "reportedCurrency": "USD",
    "cik": "0001437107",
    "fillingDate": "2003-12-31",
    "acceptedDate": "2003-12-30 19:00:00",
    "calendarYear": "2003",
    "period": "FY",
    "revenue": 506103000,
    "costOfRevenue": 301005000,
    "grossProfit": 205098000,
    "grossProfitRatio": 0.4052495243,
    "researchAndDevelopmentExpenses": 0,
    "generalAndAdministrativeExpenses": 0,
    "sellingAndMarketingExpenses": 0,
    "sellingGeneralAndAdministrativeExpenses": 130336000,
    "otherExpenses": 77166000,
    "operatingExpenses": 207502000,
    "costAndExpenses": 508507000,
    "interestIncome": 0,
    "interestExpense": 47489000,
    "depreciationAndAmortization": 70526000,
    "ebitda": 71598000,
    "ebitdaratio": 0.1414692266,
    "operatingIncome": -2404000,
    "operatingIncomeRatio": -0.0047500212,
    "totalOtherIncomeExpensesNet": -32086000,
    "incomeBeforeTax": -34490000,
    "incomeBeforeTaxRatio": -0.0681481833,
    "incomeTaxExpense": 20156000,
    "netIncome": -52394000,
    "netIncomeRatio": -0.1035243814,
    "eps": -0.095,
    "epsdiluted": -0.0935,
    "weightedAverageShsOut": 560407076,
    "weightedAverageShsOutDil": 560407076,
    "link": "",
    "finalLink": ""
  },
  {
    "date": "2002-12-31",
    "symbol": "WBD",
    "reportedCurrency": "USD",
    "cik": "0001437107",
    "fillingDate": "2002-12-31",
    "acceptedDate": "2002-12-30 19:00:00",
    "calendarYear": "2002",
    "period": "FY",
    "revenue": 539333000,
    "costOfRevenue": 0,
    "grossProfit": 539333000,
    "grossProfitRatio": 1,
    "researchAndDevelopmentExpenses": 0,
    "generalAndAdministrativeExpenses": 0,
    "sellingAndMarketingExpenses": 0,
    "sellingGeneralAndAdministrativeExpenses": 0,
    "otherExpenses": 600785000,
    "operatingExpenses": 600785000,
    "costAndExpenses": 600785000,
    "interestIncome": 0,
    "interestExpense": 0,
    "depreciationAndAmortization": 0,
    "ebitda": 539333000,
    "ebitdaratio": 1,
    "operatingIncome": -61452000,
    "operatingIncomeRatio": -0.1139407379,
    "totalOtherIncomeExpensesNet": 0,
    "incomeBeforeTax": 0,
    "incomeBeforeTaxRatio": 0,
    "incomeTaxExpense": 67823000,
    "netIncome": -129275000,
    "netIncomeRatio": -0.2396942149,
    "eps": -0.23,
    "epsdiluted": -0.23,
    "weightedAverageShsOut": 560407076,
    "weightedAverageShsOutDil": 560407076,
    "link": "",
    "finalLink": ""
  },
  {
    "date": "2001-12-31",
    "symbol": "WBD",
    "reportedCurrency": "USD",
    "cik": "0001437107",
    "fillingDate": "2001-12-31",
    "acceptedDate": "2001-12-30 19:00:00",
    "calendarYear": "2001",
    "period": "FY",
    "revenue": 592732000,
    "costOfRevenue": 0,
    "grossProfit": 592732000,
    "grossProfitRatio": 1,
    "researchAndDevelopmentExpenses": 0,
    "generalAndAdministrativeExpenses": 0,
    "sellingAndMarketingExpenses": 0,
    "sellingGeneralAndAdministrativeExpenses": 0,
    "otherExpenses": 943360000,
    "operatingExpenses": 943360000,
    "costAndExpenses": 943360000,
    "interestIncome": 0,
    "interestExpense": 0,
    "depreciationAndAmortization": 0,
    "ebitda": -350628000,
    "ebitdaratio": -0.5915455889,
    "operatingIncome": -350628000,
    "operatingIncomeRatio": -0.5915455889,
    "totalOtherIncomeExpensesNet": 350628000,
    "incomeBeforeTax": 0,
    "incomeBeforeTaxRatio": 0,
    "incomeTaxExpense": 608261000,
    "netIncome": -608261000,
    "netIncomeRatio": -1.0261990242,
    "eps": -1.08,
    "epsdiluted": -1.09,
    "weightedAverageShsOut": 560407076,
    "weightedAverageShsOutDil": 560407076,
    "link": "",
    "finalLink": ""
  },
  {
    "date": "2000-12-31",
    "symbol": "WBD",
    "reportedCurrency": "USD",
    "cik": "0001437107",
    "fillingDate": "2000-12-31",
    "acceptedDate": "2000-12-30 19:00:00",
    "calendarYear": "2000",
    "period": "FY",
    "revenue": 295717000,
    "costOfRevenue": 0,
    "grossProfit": 295717000,
    "grossProfitRatio": 1,
    "researchAndDevelopmentExpenses": 0,
    "generalAndAdministrativeExpenses": 0,
    "sellingAndMarketingExpenses": 0,
    "sellingGeneralAndAdministrativeExpenses": 0,
    "otherExpenses": 357926000,
    "operatingExpenses": 357926000,
    "costAndExpenses": 357926000,
    "interestIncome": 0,
    "interestExpense": 0,
    "depreciationAndAmortization": 0,
    "ebitda": 295717000,
    "ebitdaratio": 1,
    "operatingIncome": -62209000,
    "operatingIncomeRatio": -0.2103666681,
    "totalOtherIncomeExpensesNet": 62209000,
    "incomeBeforeTax": 0,
    "incomeBeforeTaxRatio": 0,
    "incomeTaxExpense": 241548000,
    "netIncome": -303757000,
    "netIncomeRatio": -1.0271881562,
    "eps": 0,
    "epsdiluted": -0.54,
    "weightedAverageShsOut": 560407076,
    "weightedAverageShsOutDil": 560407076,
    "link": "",
    "finalLink": ""
  }
]