[
  {
    "date": "2025-07-31",
    "symbol": "WDAY",
    "reportedCurrency": "USD",
    "cik": "0001327811",
    "fillingDate": "2025-08-22",
    "acceptedDate": "2025-08-22 16:02:42",
    "calendarYear": "2026",
    "period": "Q2",
    "revenue": 2348000000,
    "costOfRevenue": 370000000,
    "grossProfit": 1978000000,
    "grossProfitRatio": 0.8424190801,
    "researchAndDevelopmentExpenses": 660000000,
    "generalAndAdministrativeExpenses": 216000000,
    "sellingAndMarketingExpenses": 641000000,
    "sellingGeneralAndAdministrativeExpenses": 857000000,
    "otherExpenses": 213000000,
    "operatingExpenses": 1730000000,
    "costAndExpenses": 2100000000,
    "interestIncome": 88000000,
    "interestExpense": 29000000,
    "depreciationAndAmortization": 81000000,
    "ebitda": 414000000,
    "ebitdaratio": 0.1763202726,
    "operatingIncome": 248000000,
    "operatingIncomeRatio": 0.1056218058,
    "totalOtherIncomeExpensesNet": 56000000,
    "incomeBeforeTax": 304000000,
    "incomeBeforeTaxRatio": 0.129471891,
    "incomeTaxExpense": 76000000,
    "netIncome": 228000000,
    "netIncomeRatio": 0.0971039182,
    "eps": 0.86,
    "epsdiluted": 0.84,
    "weightedAverageShsOut": 266777000,
    "weightedAverageShsOutDil": 270180000,
    "link": "https://www.sec.gov/Archives/edgar/data/1327811/000132781125000184/0001327811-25-000184-index.htm",
    "finalLink": "https://www.sec.gov/Archives/edgar/data/1327811/000132781125000184/wday-20250731.htm"
  },
  {
    "date": "2025-04-30",
    "symbol": "WDAY",
    "reportedCurrency": "USD",
    "cik": "0001327811",
    "fillingDate": "2025-05-23",
    "acceptedDate": "2025-05-23 16:03:31",
    "calendarYear": "2026",
    "period": "Q1",
    "revenue": 2232000000,
    "costOfRevenue": 537000000,
    "grossProfit": 1695000000,
    "grossProfitRatio": 0.7594086022,
    "researchAndDevelopmentExpenses": 663000000,
    "generalAndAdministrativeExpenses": 0,
    "sellingAndMarketingExpenses": 0,
    "sellingGeneralAndAdministrativeExpenses": 828000000,
    "otherExpenses": 0,
    "operatingExpenses": 1491000000,
    "costAndExpenses": 2028000000,
    "interestIncome": 93000000,
    "interestExpense": 29000000,
    "depreciationAndAmortization": 84000000,
    "ebitda": 216000000,
    "ebitdaratio": 0.0967741935,
    "operatingIncome": 204000000,
    "operatingIncomeRatio": 0.0913978495,
    "totalOtherIncomeExpensesNet": -101000000,
    "incomeBeforeTax": 103000000,
    "incomeBeforeTaxRatio": 0.0461469534,
    "incomeTaxExpense": 35000000,
    "netIncome": 68000000,
    "netIncomeRatio": 0.0304659498,
    "eps": 0.26,
    "epsdiluted": 0.25,
    "weightedAverageShsOut": 266516000,
    "weightedAverageShsOutDil": 270296000,
    "link": "https://www.sec.gov/Archives/edgar/data/1327811/000132781125000107/0001327811-25-000107-index.htm",
    "finalLink": "https://www.sec.gov/Archives/edgar/data/1327811/000132781125000107/wday-20250430.htm"
  },
  {
    "date": "2025-01-31",
    "symbol": "WDAY",
    "reportedCurrency": "USD",
    "cik": "0001327811",
    "fillingDate": "2025-03-11",
    "acceptedDate": "2025-03-11 16:09:14",
    "calendarYear": "2025",
    "period": "Q4",
    "revenue": 2204000000,
    "costOfRevenue": 540000000,
    "grossProfit": 1664000000,
    "grossProfitRatio": 0.7549909256,
    "researchAndDevelopmentExpenses": 673000000,
    "generalAndAdministrativeExpenses": 0,
    "sellingAndMarketingExpenses": 0,
    "sellingGeneralAndAdministrativeExpenses": 852000000,
    "otherExpenses": 0,
    "operatingExpenses": 1525000000,
    "costAndExpenses": 2065000000,
    "interestIncome": 83000000,
    "interestExpense": 28000000,
    "depreciationAndAmortization": 91000000,
    "ebitda": 239000000,
    "ebitdaratio": 0.1084392015,
    "operatingIncome": 139000000,
    "operatingIncomeRatio": 0.0630671506,
    "totalOtherIncomeExpensesNet": -19000000,
    "incomeBeforeTax": 120000000,
    "incomeBeforeTaxRatio": 0.054446461,
    "incomeTaxExpense": 26000000,
    "netIncome": 94000000,
    "netIncomeRatio": 0.0426497278,
    "eps": 0.35,
    "epsdiluted": 0.35,
    "weightedAverageShsOut": 265837000,
    "weightedAverageShsOutDil": 270007000,
    "link": "https://www.sec.gov/Archives/edgar/data/1327811/000132781125000056/0001327811-25-000056-index.htm",
    "finalLink": "https://www.sec.gov/Archives/edgar/data/1327811/000132781125000056/wday-20250131.htm"
  },
  {
    "date": "2024-10-31",
    "symbol": "WDAY",
    "reportedCurrency": "USD",
    "cik": "0001327811",
    "fillingDate": "2024-12-05",
    "acceptedDate": "2024-12-04 18:02:58",
    "calendarYear": "2025",
    "period": "Q3",
    "revenue": 2153000000,
    "costOfRevenue": 530000000,
    "grossProfit": 1623000000,
    "grossProfitRatio": 0.7538318625,
    "researchAndDevelopmentExpenses": 647000000,
    "generalAndAdministrativeExpenses": 0,
    "sellingAndMarketingExpenses": 0,
    "sellingGeneralAndAdministrativeExpenses": 811000000,
    "otherExpenses": 0,
    "operatingExpenses": 1458000000,
    "costAndExpenses": 1988000000,
    "interestIncome": 86000000,
    "interestExpense": 29000000,
    "depreciationAndAmortization": 81000000,
    "ebitda": 337000000,
    "ebitdaratio": 0.156525778,
    "operatingIncome": 165000000,
    "operatingIncomeRatio": 0.0766372503,
    "totalOtherIncomeExpensesNet": 62000000,
    "incomeBeforeTax": 227000000,
    "incomeBeforeTaxRatio": 0.1054342778,
    "incomeTaxExpense": 34000000,
    "netIncome": 193000000,
    "netIncomeRatio": 0.0896423595,
    "eps": 0.73,
    "epsdiluted": 0.72,
    "weightedAverageShsOut": 265411000,
    "weightedAverageShsOutDil": 268549000,
    "link": "https://www.sec.gov/Archives/edgar/data/1327811/000132781124000242/0001327811-24-000242-index.htm",
    "finalLink": "https://www.sec.gov/Archives/edgar/data/1327811/000132781124000242/wday-20241031.htm"
  },
  {
    "date": "2024-07-31",
    "symbol": "WDAY",
    "reportedCurrency": "USD",
    "cik": "0001327811",
    "fillingDate": "2024-08-28",
    "acceptedDate": "2024-08-28 16:24:32",
    "calendarYear": "2025",
    "period": "Q2",
    "revenue": 2077000000,
    "costOfRevenue": 511000000,
    "grossProfit": 1566000000,
    "grossProfitRatio": 0.7539720751,
    "researchAndDevelopmentExpenses": 649000000,
    "generalAndAdministrativeExpenses": 0,
    "sellingAndMarketingExpenses": 0,
    "sellingGeneralAndAdministrativeExpenses": 814000000,
    "otherExpenses": 0,
    "operatingExpenses": 1463000000,
    "costAndExpenses": 1974000000,
    "interestIncome": 88000000,
    "interestExpense": 28000000,
    "depreciationAndAmortization": 79000000,
    "ebitda": 275000000,
    "ebitdaratio": 0.1324025036,
    "operatingIncome": 103000000,
    "operatingIncomeRatio": 0.0495907559,
    "totalOtherIncomeExpensesNet": 65000000,
    "incomeBeforeTax": 168000000,
    "incomeBeforeTaxRatio": 0.0808858931,
    "incomeTaxExpense": 36000000,
    "netIncome": 132000000,
    "netIncomeRatio": 0.0635532017,
    "eps": 0.5,
    "epsdiluted": 0.49,
    "weightedAverageShsOut": 265317000,
    "weightedAverageShsOutDil": 267949000,
    "link": "https://www.sec.gov/Archives/edgar/data/1327811/000132781124000165/0001327811-24-000165-index.htm",
    "finalLink": "https://www.sec.gov/Archives/edgar/data/1327811/000132781124000165/wday-20240731.htm"
  },
  {
    "date": "2024-04-30",
    "symbol": "WDAY",
    "reportedCurrency": "USD",
    "cik": "0001327811",
    "fillingDate": "2024-05-29",
    "acceptedDate": "2024-05-29 16:09:32",
    "calendarYear": "2025",
    "period": "Q1",
    "revenue": 1982000000,
    "costOfRevenue": 489000000,
    "grossProfit": 1493000000,
    "grossProfitRatio": 0.7532795156,
    "researchAndDevelopmentExpenses": 656000000,
    "generalAndAdministrativeExpenses": 0,
    "sellingAndMarketingExpenses": 0,
    "sellingGeneralAndAdministrativeExpenses": 781000000,
    "otherExpenses": 0,
    "operatingExpenses": 1437000000,
    "costAndExpenses": 1926000000,
    "interestIncome": 93000000,
    "interestExpense": 29000000,
    "depreciationAndAmortization": 75000000,
    "ebitda": 227000000,
    "ebitdaratio": 0.114530777,
    "operatingIncome": 56000000,
    "operatingIncomeRatio": 0.0282542886,
    "totalOtherIncomeExpensesNet": 67000000,
    "incomeBeforeTax": 123000000,
    "incomeBeforeTaxRatio": 0.0620585267,
    "incomeTaxExpense": 16000000,
    "netIncome": 107000000,
    "netIncomeRatio": 0.0539858729,
    "eps": 0.4,
    "epsdiluted": 0.4,
    "weightedAverageShsOut": 264444000,
    "weightedAverageShsOutDil": 270298000,
    "link": "https://www.sec.gov/Archives/edgar/data/1327811/000132781124000093/0001327811-24-000093-index.htm",
    "finalLink": "https://www.sec.gov/Archives/edgar/data/1327811/000132781124000093/wday-20240430.htm"
  },
  {
    "date": "2024-01-31",
    "symbol": "WDAY",
    "reportedCurrency": "USD",
    "cik": "0001327811",
    "fillingDate": "2024-03-08",
    "acceptedDate": "2024-03-08 16:01:53",
    "calendarYear": "2024",
    "period": "Q4",
    "revenue": 1909217000,
    "costOfRevenue": 461000000,
    "grossProfit": 1448217000,
    "grossProfitRatio": 0.7585397574,
    "researchAndDevelopmentExpenses": 635000000,
    "generalAndAdministrativeExpenses": 0,
    "sellingAndMarketingExpenses": 0,
    "sellingGeneralAndAdministrativeExpenses": 747000000,
    "otherExpenses": 0,
    "operatingExpenses": 1382000000,
    "costAndExpenses": 1843000000,
    "interestIncome": 86732000,
    "interestExpense": 28383000,
    "depreciationAndAmortization": 72000000,
    "ebitda": 238383000,
    "ebitdaratio": 0.1248590391,
    "operatingIncome": 66217000,
    "operatingIncomeRatio": 0.0346828045,
    "totalOtherIncomeExpensesNet": 71783000,
    "incomeBeforeTax": 138000000,
    "incomeBeforeTaxRatio": 0.0722809403,
    "incomeTaxExpense": -1050000000,
    "netIncome": 1188495000,
    "netIncomeRatio": 0.6225038851,
    "eps": 4.52,
    "epsdiluted": 4.42,
    "weightedAverageShsOut": 263101999,
    "weightedAverageShsOutDil": 268843000,
    "link": "https://www.sec.gov/Archives/edgar/data/1327811/000132781124000044/0001327811-24-000044-index.htm",
    "finalLink": "https://www.sec.gov/Archives/edgar/data/1327811/000132781124000044/wday-20240131.htm"
  },
  {
    "date": "2023-10-31",
    "symbol": "WDAY",
    "reportedCurrency": "USD",
    "cik": "0001327811",
    "fillingDate": "2023-11-28",
    "acceptedDate": "2023-11-28 17:21:04",
    "calendarYear": "2024",
    "period": "Q3",
    "revenue": 1850050000,
    "costOfRevenue": 445240000,
    "grossProfit": 1404810000,
    "grossProfitRatio": 0.7593362342,
    "researchAndDevelopmentExpenses": 618736000,
    "generalAndAdministrativeExpenses": 0,
    "sellingAndMarketingExpenses": 0,
    "sellingGeneralAndAdministrativeExpenses": 713844000,
    "otherExpenses": 0,
    "operatingExpenses": 1332580000,
    "costAndExpenses": 1777820000,
    "interestIncome": 80004000,
    "interestExpense": 28535000,
    "depreciationAndAmortization": 68000000,
    "ebitda": 225778000,
    "ebitdaratio": 0.1220388638,
    "operatingIncome": 72230000,
    "operatingIncomeRatio": 0.039042188,
    "totalOtherIncomeExpensesNet": 57013000,
    "incomeBeforeTax": 129243000,
    "incomeBeforeTaxRatio": 0.069859193,
    "incomeTaxExpense": 15534000,
    "netIncome": 113709000,
    "netIncomeRatio": 0.0614626632,
    "eps": 0.43,
    "epsdiluted": 0.43,
    "weightedAverageShsOut": 262153000,
    "weightedAverageShsOutDil": 266377000,
    "link": "https://www.sec.gov/Archives/edgar/data/1327811/000132781123000202/0001327811-23-000202-index.htm",
    "finalLink": "https://www.sec.gov/Archives/edgar/data/1327811/000132781123000202/wday-20231031.htm"
  },
  {
    "date": "2023-07-31",
    "symbol": "WDAY",
    "reportedCurrency": "USD",
    "cik": "0001327811",
    "fillingDate": "2023-08-24",
    "acceptedDate": "2023-08-24 17:03:17",
    "calendarYear": "2024",
    "period": "Q2",
    "revenue": 1769500000,
    "costOfRevenue": 448100000,
    "grossProfit": 1321400000,
    "grossProfitRatio": 0.7467646228,
    "researchAndDevelopmentExpenses": 609677000,
    "generalAndAdministrativeExpenses": 0,
    "sellingAndMarketingExpenses": 0,
    "sellingGeneralAndAdministrativeExpenses": 692732000,
    "otherExpenses": 0,
    "operatingExpenses": 1302409000,
    "costAndExpenses": 1750509000,
    "interestIncome": 71569000,
    "interestExpense": 28536000,
    "depreciationAndAmortization": 71415000,
    "ebitda": 181763000,
    "ebitdaratio": 0.1027199774,
    "operatingIncome": 18991000,
    "operatingIncomeRatio": 0.0107324103,
    "totalOtherIncomeExpensesNet": 62821000,
    "incomeBeforeTax": 81812000,
    "incomeBeforeTaxRatio": 0.0462345295,
    "incomeTaxExpense": 3152000,
    "netIncome": 79000000,
    "netIncomeRatio": 0.0446453801,
    "eps": 0.3,
    "epsdiluted": 0.3,
    "weightedAverageShsOut": 261191000,
    "weightedAverageShsOutDil": 264435000,
    "link": "https://www.sec.gov/Archives/edgar/data/1327811/000132781123000150/0001327811-23-000150-index.htm",
    "finalLink": "https://www.sec.gov/Archives/edgar/data/1327811/000132781123000150/wday-20230731.htm"
  },
  {
    "date": "2023-04-30",
    "symbol": "WDAY",
    "reportedCurrency": "USD",
    "cik": "0001327811",
    "fillingDate": "2023-05-25",
    "acceptedDate": "2023-05-25 16:08:53",
    "calendarYear": "2024",
    "period": "Q1",
    "revenue": 1667986000,
    "costOfRevenue": 417444000,
    "grossProfit": 1250542000,
    "grossProfitRatio": 0.7497317124,
    "researchAndDevelopmentExpenses": 600457000,
    "generalAndAdministrativeExpenses": 0,
    "sellingAndMarketingExpenses": 0,
    "sellingGeneralAndAdministrativeExpenses": 686211000,
    "otherExpenses": 0,
    "operatingExpenses": 1286668000,
    "costAndExpenses": 1704112000,
    "interestIncome": 62695000,
    "interestExpense": 28546000,
    "depreciationAndAmortization": 70441000,
    "ebitda": 105896000,
    "ebitdaratio": 0.0634873434,
    "operatingIncome": -36126000,
    "operatingIncomeRatio": -0.0216584552,
    "totalOtherIncomeExpensesNet": 43035000,
    "incomeBeforeTax": 6909000,
    "incomeBeforeTaxRatio": 0.0041421211,
    "incomeTaxExpense": 6773000,
    "netIncome": 136000,
    "netIncomeRatio": 0.0000815355,
    "eps": 0.0005,
    "epsdiluted": 0.0005,
    "weightedAverageShsOut": 258820000,
    "weightedAverageShsOutDil": 261371000,
    "link": "https://www.sec.gov/Archives/edgar/data/1327811/000132781123000078/0001327811-23-000078-index.htm",
    "finalLink": "https://www.sec.gov/Archives/edgar/data/1327811/000132781123000078/wday-20230430.htm"
  },
  {
    "date": "2023-01-31",
    "symbol": "WDAY",
    "reportedCurrency": "USD",
    "cik": "0001327811",
    "fillingDate": "2023-02-27",
    "acceptedDate": "2023-02-27 16:10:12",
    "calendarYear": "2023",
    "period": "Q4",
    "revenue": 1634865000,
    "costOfRevenue": 453479000,
    "grossProfit": 1181386000,
    "grossProfitRatio": 0.7226199105,
    "researchAndDevelopmentExpenses": 615589000,
    "generalAndAdministrativeExpenses": 0,
    "sellingAndMarketingExpenses": 0,
    "sellingGeneralAndAdministrativeExpenses": 666150000,
    "otherExpenses": 0,
    "operatingExpenses": 1281739000,
    "costAndExpenses": 1735218000,
    "interestIncome": 47236000,
    "interestExpense": 28549000,
    "depreciationAndAmortization": 113394000,
    "ebitda": 64024000,
    "ebitdaratio": 0.0391616433,
    "operatingIncome": -100353000,
    "operatingIncomeRatio": -0.06138305,
    "totalOtherIncomeExpensesNet": 22434000,
    "incomeBeforeTax": -77919000,
    "incomeBeforeTaxRatio": -0.047660816,
    "incomeTaxExpense": 47778000,
    "netIncome": -125697000,
    "netIncomeRatio": -0.0768852474,
    "eps": -0.49,
    "epsdiluted": -0.49,
    "weightedAverageShsOut": 257322000,
    "weightedAverageShsOutDil": 257322000,
    "link": "https://www.sec.gov/Archives/edgar/data/1327811/000132781123000024/0001327811-23-000024-index.htm",
    "finalLink": "https://www.sec.gov/Archives/edgar/data/1327811/000132781123000024/wday-20230131.htm"
  },
  {
    "date": "2022-10-31",
    "symbol": "WDAY",
    "reportedCurrency": "USD",
    "cik": "0001327811",
    "fillingDate": "2022-11-29",
    "acceptedDate": "2022-11-29 16:11:23",
    "calendarYear": "2023",
    "period": "Q3",
    "revenue": 1593456000,
    "costOfRevenue": 435793000,
    "grossProfit": 1157663000,
    "grossProfitRatio": 0.7265108042,
    "researchAndDevelopmentExpenses": 565727000,
    "generalAndAdministrativeExpenses": 0,
    "sellingAndMarketingExpenses": 0,
    "sellingGeneralAndAdministrativeExpenses": 623904000,
    "otherExpenses": 0,
    "operatingExpenses": 1189631000,
    "costAndExpenses": 1625424000,
    "interestIncome": 31252000,
    "interestExpense": 29626000,
    "depreciationAndAmortization": 91854000,
    "ebitda": 99322000,
    "ebitdaratio": 0.0623311845,
    "operatingIncome": -31968000,
    "operatingIncomeRatio": -0.0200620538,
    "totalOtherIncomeExpensesNet": 9810000,
    "incomeBeforeTax": -22158000,
    "incomeBeforeTaxRatio": -0.013905624,
    "incomeTaxExpense": 52563000,
    "netIncome": -74721000,
    "netIncomeRatio": -0.046892415,
    "eps": -0.29,
    "epsdiluted": -0.29,
    "weightedAverageShsOut": 255753000,
    "weightedAverageShsOutDil": 255753000,
    "link": "https://www.sec.gov/Archives/edgar/data/1327811/000132781122000184/0001327811-22-000184-index.htm",
    "finalLink": "https://www.sec.gov/Archives/edgar/data/1327811/000132781122000184/wday-20221031.htm"
  },
  {
    "date": "2022-07-31",
    "symbol": "WDAY",
    "reportedCurrency": "USD",
    "cik": "0001327811",
    "fillingDate": "2022-08-25",
    "acceptedDate": "2022-08-25 16:20:36",
    "calendarYear": "2023",
    "period": "Q2",
    "revenue": 1534303000,
    "costOfRevenue": 423085000,
    "grossProfit": 1111218000,
    "grossProfitRatio": 0.7242493823,
    "researchAndDevelopmentExpenses": 547835000,
    "generalAndAdministrativeExpenses": 0,
    "sellingAndMarketingExpenses": 0,
    "sellingGeneralAndAdministrativeExpenses": 598956000,
    "otherExpenses": 0,
    "operatingExpenses": 1146791000,
    "costAndExpenses": 1569876000,
    "interestIncome": 15214000,
    "interestExpense": 30160000,
    "depreciationAndAmortization": 92695000,
    "ebitda": 55988000,
    "ebitdaratio": 0.0364908366,
    "operatingIncome": -35573000,
    "operatingIncomeRatio": -0.0231851205,
    "totalOtherIncomeExpensesNet": -31294000,
    "incomeBeforeTax": -66867000,
    "incomeBeforeTaxRatio": -0.0435813526,
    "incomeTaxExpense": -2709000,
    "netIncome": -64158000,
    "netIncomeRatio": -0.04181573,
    "eps": -0.25,
    "epsdiluted": -0.25,
    "weightedAverageShsOut": 254355000,
    "weightedAverageShsOutDil": 254355000,
    "link": "https://www.sec.gov/Archives/edgar/data/1327811/000132781122000154/0001327811-22-000154-index.htm",
    "finalLink": "https://www.sec.gov/Archives/edgar/data/1327811/000132781122000154/wday-20220731.htm"
  },
  {
    "date": "2022-04-30",
    "symbol": "WDAY",
    "reportedCurrency": "USD",
    "cik": "0001327811",
    "fillingDate": "2022-05-26",
    "acceptedDate": "2022-05-26 16:06:38",
    "calendarYear": "2023",
    "period": "Q1",
    "revenue": 1435814000,
    "costOfRevenue": 402821000,
    "grossProfit": 1032992999,
    "grossProfitRatio": 0.7194476436,
    "researchAndDevelopmentExpenses": 541509000,
    "generalAndAdministrativeExpenses": 0,
    "sellingAndMarketingExpenses": 0,
    "sellingGeneralAndAdministrativeExpenses": 563170000,
    "otherExpenses": 0,
    "operatingExpenses": 1104679000,
    "costAndExpenses": 1507500000,
    "interestIncome": 4006999,
    "interestExpense": 14018000,
    "depreciationAndAmortization": 89846000,
    "ebitda": 10858000,
    "ebitdaratio": 0.0075622608,
    "operatingIncome": -71686000,
    "operatingIncomeRatio": -0.0499270797,
    "totalOtherIncomeExpensesNet": -21320000,
    "incomeBeforeTax": -93006000,
    "incomeBeforeTaxRatio": -0.0647757997,
    "incomeTaxExpense": 9167000,
    "netIncome": -102173000,
    "netIncomeRatio": -0.0711603314,
    "eps": -0.41,
    "epsdiluted": -0.41,
    "weightedAverageShsOut": 249202439,
    "weightedAverageShsOutDil": 251743000,
    "link": "https://www.sec.gov/Archives/edgar/data/1327811/000132781122000091/0001327811-22-000091-index.htm",
    "finalLink": "https://www.sec.gov/Archives/edgar/data/1327811/000132781122000091/wday-20220430.htm"
  },
  {
    "date": "2022-01-31",
    "symbol": "WDAY",
    "reportedCurrency": "USD",
    "cik": "0001327811",
    "fillingDate": "2022-02-28",
    "acceptedDate": "2022-02-28 16:06:43",
    "calendarYear": "2022",
    "period": "Q4",
    "revenue": 1379904000,
    "costOfRevenue": 389797000,
    "grossProfit": 990107000,
    "grossProfitRatio": 0.7175187549,
    "researchAndDevelopmentExpenses": 537738000,
    "generalAndAdministrativeExpenses": 0,
    "sellingAndMarketingExpenses": 0,
    "sellingGeneralAndAdministrativeExpenses": 549568000,
    "otherExpenses": 0,
    "operatingExpenses": 1087306000,
    "costAndExpenses": 1477103000,
    "interestIncome": 1044000,
    "interestExpense": 4075000,
    "depreciationAndAmortization": 88750000,
    "ebitda": 9004000,
    "ebitdaratio": 0.0065250916,
    "operatingIncome": -97199000,
    "operatingIncomeRatio": -0.0704389581,
    "totalOtherIncomeExpensesNet": 13378000,
    "incomeBeforeTax": -83821000,
    "incomeBeforeTaxRatio": -0.0607440807,
    "incomeTaxExpense": -10568000,
    "netIncome": -73253000,
    "netIncomeRatio": -0.053085577,
    "eps": -0.29,
    "epsdiluted": -0.29,
    "weightedAverageShsOut": 249952000,
    "weightedAverageShsOutDil": 254377000,
    "link": "https://www.sec.gov/Archives/edgar/data/1327811/000132781122000030/0001327811-22-000030-index.htm",
    "finalLink": "https://www.sec.gov/Archives/edgar/data/1327811/000132781122000030/wday-20220131.htm"
  },
  {
    "date": "2021-10-31",
    "symbol": "WDAY",
    "reportedCurrency": "USD",
    "cik": "0001327811",
    "fillingDate": "2021-11-18",
    "acceptedDate": "2021-11-18 16:07:56",
    "calendarYear": "2022",
    "period": "Q3",
    "revenue": 1331110000,
    "costOfRevenue": 359724000,
    "grossProfit": 971386000,
    "grossProfitRatio": 0.7297563687,
    "researchAndDevelopmentExpenses": 455615000,
    "generalAndAdministrativeExpenses": 0,
    "sellingAndMarketingExpenses": 0,
    "sellingGeneralAndAdministrativeExpenses": 487979000,
    "otherExpenses": 0,
    "operatingExpenses": 943594000,
    "costAndExpenses": 1303318000,
    "interestIncome": 1195000,
    "interestExpense": 4160000,
    "depreciationAndAmortization": 87127000,
    "ebitda": 136789000,
    "ebitdaratio": 0.1027631075,
    "operatingIncome": 27792000,
    "operatingIncomeRatio": 0.0208788154,
    "totalOtherIncomeExpensesNet": 17710000,
    "incomeBeforeTax": 45502000,
    "incomeBeforeTaxRatio": 0.034183501,
    "incomeTaxExpense": 2090000,
    "netIncome": 43412000,
    "netIncomeRatio": 0.0326133828,
    "eps": 0.17,
    "epsdiluted": 0.17,
    "weightedAverageShsOut": 248468000,
    "weightedAverageShsOutDil": 254760000,
    "link": "https://www.sec.gov/Archives/edgar/data/1327811/000132781121000174/0001327811-21-000174-index.htm",
    "finalLink": "https://www.sec.gov/Archives/edgar/data/1327811/000132781121000174/wday-20211031.htm"
  },
  {
    "date": "2021-07-31",
    "symbol": "WDAY",
    "reportedCurrency": "USD",
    "cik": "0001327811",
    "fillingDate": "2021-08-26",
    "acceptedDate": "2021-08-26 16:18:46",
    "calendarYear": "2022",
    "period": "Q2",
    "revenue": 1262028000,
    "costOfRevenue": 345521000,
    "grossProfit": 916507000,
    "grossProfitRatio": 0.7262176433,
    "researchAndDevelopmentExpenses": 444251000,
    "generalAndAdministrativeExpenses": 0,
    "sellingAndMarketingExpenses": 0,
    "sellingGeneralAndAdministrativeExpenses": 471709000,
    "otherExpenses": 0,
    "operatingExpenses": 915960000,
    "costAndExpenses": 1261481000,
    "interestIncome": 1333000,
    "interestExpense": 4190000,
    "depreciationAndAmortization": 85383000,
    "ebitda": 191438000,
    "ebitdaratio": 0.1516907707,
    "operatingIncome": 547000,
    "operatingIncomeRatio": 0.0004334294,
    "totalOtherIncomeExpensesNet": 101318000,
    "incomeBeforeTax": 101865000,
    "incomeBeforeTaxRatio": 0.0807153249,
    "incomeTaxExpense": -3871000,
    "netIncome": 105736000,
    "netIncomeRatio": 0.0837826102,
    "eps": 0.43,
    "epsdiluted": 0.41,
    "weightedAverageShsOut": 246943000,
    "weightedAverageShsOutDil": 260016000,
    "link": "https://www.sec.gov/Archives/edgar/data/1327811/000132781121000133/0001327811-21-000133-index.htm",
    "finalLink": "https://www.sec.gov/Archives/edgar/data/1327811/000132781121000133/wday-20210731.htm"
  },
  {
    "date": "2021-04-30",
    "symbol": "WDAY",
    "reportedCurrency": "USD",
    "cik": "0001327811",
    "fillingDate": "2021-05-26",
    "acceptedDate": "2021-05-26 16:08:31",
    "calendarYear": "2022",
    "period": "Q1",
    "revenue": 1174515000,
    "costOfRevenue": 333053000,
    "grossProfit": 841462000,
    "grossProfitRatio": 0.7164335917,
    "researchAndDevelopmentExpenses": 441616000,
    "generalAndAdministrativeExpenses": 0,
    "sellingAndMarketingExpenses": 0,
    "sellingGeneralAndAdministrativeExpenses": 438677000,
    "otherExpenses": 0,
    "operatingExpenses": 880293000,
    "costAndExpenses": 1213346000,
    "interestIncome": 2003000,
    "interestExpense": 4176999,
    "depreciationAndAmortization": 82463000,
    "ebitda": 39276000,
    "ebitdaratio": 0.0334401859,
    "operatingIncome": -38831000,
    "operatingIncomeRatio": -0.0330613062,
    "totalOtherIncomeExpensesNet": -8533000,
    "incomeBeforeTax": -47364000,
    "incomeBeforeTaxRatio": -0.0403264326,
    "incomeTaxExpense": -842000,
    "netIncome": -46522000,
    "netIncomeRatio": -0.039609541,
    "eps": -0.19,
    "epsdiluted": -0.19,
    "weightedAverageShsOut": 243739000,
    "weightedAverageShsOutDil": 243739000,
    "link": "https://www.sec.gov/Archives/edgar/data/1327811/000132781121000054/0001327811-21-000054-index.htm",
    "finalLink": "https://www.sec.gov/Archives/edgar/data/1327811/000132781121000054/wday-20210430.htm"
  },
  {
    "date": "2021-01-31",
    "symbol": "WDAY",
    "reportedCurrency": "USD",
    "cik": "0001327811",
    "fillingDate": "2021-03-02",
    "acceptedDate": "2021-03-02 16:03:28",
    "calendarYear": "2021",
    "period": "Q4",
    "revenue": 1128236000,
    "costOfRevenue": 318044000,
    "grossProfit": 810192000,
    "grossProfitRatio": 0.7181050773,
    "researchAndDevelopmentExpenses": 439095000,
    "generalAndAdministrativeExpenses": 0,
    "sellingAndMarketingExpenses": 0,
    "sellingGeneralAndAdministrativeExpenses": 452856000,
    "otherExpenses": 0,
    "operatingExpenses": 891951000,
    "costAndExpenses": 1209995000,
    "interestIncome": 2333000,
    "interestExpense": 15595000,
    "depreciationAndAmortization": 75101000,
    "ebitda": 22122000,
    "ebitdaratio": 0.0196075998,
    "operatingIncome": -81759000,
    "operatingIncomeRatio": -0.0724662216,
    "totalOtherIncomeExpensesNet": 13185000,
    "incomeBeforeTax": -68574000,
    "incomeBeforeTaxRatio": -0.0607798368,
    "incomeTaxExpense": 3133000,
    "netIncome": -71707000,
    "netIncomeRatio": -0.0635567381,
    "eps": -0.3,
    "epsdiluted": -0.3,
    "weightedAverageShsOut": 239039269,
    "weightedAverageShsOutDil": 240992000,
    "link": "https://www.sec.gov/Archives/edgar/data/1327811/000132781121000020/0001327811-21-000020-index.htm",
    "finalLink": "https://www.sec.gov/Archives/edgar/data/1327811/000132781121000020/wday-20210131.htm"
  },
  {
    "date": "2020-10-31",
    "symbol": "WDAY",
    "reportedCurrency": "USD",
    "cik": "0001327811",
    "fillingDate": "2020-11-20",
    "acceptedDate": "2020-11-20 16:02:25",
    "calendarYear": "2021",
    "period": "Q3",
    "revenue": 1100392000,
    "costOfRevenue": 295181000,
    "grossProfit": 805211000,
    "grossProfitRatio": 0.7317492312,
    "researchAndDevelopmentExpenses": 419962000,
    "generalAndAdministrativeExpenses": 0,
    "sellingAndMarketingExpenses": 0,
    "sellingGeneralAndAdministrativeExpenses": 404894000,
    "otherExpenses": 0,
    "operatingExpenses": 824856000,
    "costAndExpenses": 1120037000,
    "interestIncome": 3610000,
    "interestExpense": 16370000,
    "depreciationAndAmortization": 96005000,
    "ebitda": 89452000,
    "ebitdaratio": 0.0812910308,
    "operatingIncome": -19645000,
    "operatingIncomeRatio": -0.0178527288,
    "totalOtherIncomeExpensesNet": -3278000,
    "incomeBeforeTax": -22923000,
    "incomeBeforeTaxRatio": -0.0208316673,
    "incomeTaxExpense": 1417000,
    "netIncome": -24340000,
    "netIncomeRatio": -0.0221193902,
    "eps": -0.1,
    "epsdiluted": -0.1,
    "weightedAverageShsOut": 238059000,
    "weightedAverageShsOutDil": 238059000,
    "link": "https://www.sec.gov/Archives/edgar/data/1327811/000132781120000167/0001327811-20-000167-index.htm",
    "finalLink": "https://www.sec.gov/Archives/edgar/data/1327811/000132781120000167/wday-20201031.htm"
  },
  {
    "date": "2020-07-31",
    "symbol": "WDAY",
    "reportedCurrency": "USD",
    "cik": "0001327811",
    "fillingDate": "2020-08-28",
    "acceptedDate": "2020-08-28 16:03:29",
    "calendarYear": "2021",
    "period": "Q2",
    "revenue": 1056689000,
    "costOfRevenue": 284277000,
    "grossProfit": 772412000,
    "grossProfitRatio": 0.7309738248,
    "researchAndDevelopmentExpenses": 418681000,
    "generalAndAdministrativeExpenses": 0,
    "sellingAndMarketingExpenses": 0,
    "sellingGeneralAndAdministrativeExpenses": 375763000,
    "otherExpenses": 0,
    "operatingExpenses": 794444000,
    "costAndExpenses": 1078721000,
    "interestIncome": 4978000,
    "interestExpense": 19302000,
    "depreciationAndAmortization": 93057000,
    "ebitda": 84152000,
    "ebitdaratio": 0.0796374335,
    "operatingIncome": -22032000,
    "operatingIncomeRatio": -0.0208500325,
    "totalOtherIncomeExpensesNet": -6175000,
    "incomeBeforeTax": -28207000,
    "incomeBeforeTaxRatio": -0.0266937576,
    "incomeTaxExpense": -191000,
    "netIncome": -28016000,
    "netIncomeRatio": -0.0265130043,
    "eps": -0.12,
    "epsdiluted": -0.12,
    "weightedAverageShsOut": 236002000,
    "weightedAverageShsOutDil": 236002000,
    "link": "https://www.sec.gov/Archives/edgar/data/1327811/000132781120000129/0001327811-20-000129-index.htm",
    "finalLink": "https://www.sec.gov/Archives/edgar/data/1327811/000132781120000129/wday-20200731.htm"
  },
  {
    "date": "2020-04-30",
    "symbol": "WDAY",
    "reportedCurrency": "USD",
    "cik": "0001327811",
    "fillingDate": "2020-05-28",
    "acceptedDate": "2020-05-28 16:04:31",
    "calendarYear": "2021",
    "period": "Q1",
    "revenue": 1013899000,
    "costOfRevenue": 305630000,
    "grossProfit": 708269000,
    "grossProfitRatio": 0.6985597185,
    "researchAndDevelopmentExpenses": 443484000,
    "generalAndAdministrativeExpenses": 0,
    "sellingAndMarketingExpenses": 0,
    "sellingGeneralAndAdministrativeExpenses": 413728000,
    "otherExpenses": 0,
    "operatingExpenses": 857212000,
    "costAndExpenses": 1162842000,
    "interestIncome": 7867000,
    "interestExpense": 17539000,
    "depreciationAndAmortization": 89883000,
    "ebitda": -48008000,
    "ebitdaratio": -0.047349884,
    "operatingIncome": -148943000,
    "operatingIncomeRatio": -0.1469012199,
    "totalOtherIncomeExpensesNet": -6487000,
    "incomeBeforeTax": -155430000,
    "incomeBeforeTaxRatio": -0.1532992931,
    "incomeTaxExpense": 2938000,
    "netIncome": -158368000,
    "netIncomeRatio": -0.1561970177,
    "eps": -0.68,
    "epsdiluted": -0.68,
    "weightedAverageShsOut": 232939000,
    "weightedAverageShsOutDil": 232939000,
    "link": "https://www.sec.gov/Archives/edgar/data/1327811/000132781120000070/0001327811-20-000070-index.htm",
    "finalLink": "https://www.sec.gov/Archives/edgar/data/1327811/000132781120000070/wday-20200430.htm"
  },
  {
    "date": "2020-01-31",
    "symbol": "WDAY",
    "reportedCurrency": "USD",
    "cik": "0001327811",
    "fillingDate": "2020-03-03",
    "acceptedDate": "2020-03-03 16:30:48",
    "calendarYear": "2020",
    "period": "Q4",
    "revenue": 972983000,
    "costOfRevenue": 284775000,
    "grossProfit": 688208000,
    "grossProfitRatio": 0.7073175996,
    "researchAndDevelopmentExpenses": 422211000,
    "generalAndAdministrativeExpenses": 0,
    "sellingAndMarketingExpenses": 0,
    "sellingGeneralAndAdministrativeExpenses": 415410000,
    "otherExpenses": 0,
    "operatingExpenses": 837621000,
    "costAndExpenses": 1122396000,
    "interestIncome": 8876000,
    "interestExpense": 16405999,
    "depreciationAndAmortization": 93296000,
    "ebitda": -19511000,
    "ebitdaratio": -0.0200527656,
    "operatingIncome": -149413000,
    "operatingIncomeRatio": -0.1535617786,
    "totalOtherIncomeExpensesNet": 20200000,
    "incomeBeforeTax": -129213000,
    "incomeBeforeTaxRatio": -0.1328008814,
    "incomeTaxExpense": -1255000,
    "netIncome": -127958000,
    "netIncomeRatio": -0.1315110336,
    "eps": -0.56,
    "epsdiluted": -0.56,
    "weightedAverageShsOut": 230491000,
    "weightedAverageShsOutDil": 230491000,
    "link": "https://www.sec.gov/Archives/edgar/data/1327811/000132781120000022/0001327811-20-000022-index.htm",
    "finalLink": "https://www.sec.gov/Archives/edgar/data/1327811/000132781120000022/wday-20200131.htm"
  },
  {
    "date": "2019-10-31",
    "symbol": "WDAY",
    "reportedCurrency": "USD",
    "cik": "0001327811",
    "fillingDate": "2019-12-04",
    "acceptedDate": "2019-12-04 16:09:35",
    "calendarYear": "2020",
    "period": "Q3",
    "revenue": 936186000,
    "costOfRevenue": 270930000,
    "grossProfit": 665256000,
    "grossProfitRatio": 0.7106023803,
    "researchAndDevelopmentExpenses": 401742000,
    "generalAndAdministrativeExpenses": 0,
    "sellingAndMarketingExpenses": 0,
    "sellingGeneralAndAdministrativeExpenses": 375678000,
    "otherExpenses": 0,
    "operatingExpenses": 777420000,
    "costAndExpenses": 1048349999,
    "interestIncome": 10803000,
    "interestExpense": 16204999,
    "depreciationAndAmortization": 89314000,
    "ebitda": -8867000,
    "ebitdaratio": -0.0094714085,
    "operatingIncome": -112164000,
    "operatingIncomeRatio": -0.119809525,
    "totalOtherIncomeExpensesNet": -2222000,
    "incomeBeforeTax": -114386000,
    "incomeBeforeTaxRatio": -0.122182985,
    "incomeTaxExpense": 1343000,
    "netIncome": -115729000,
    "netIncomeRatio": -0.123617529,
    "eps": -0.51,
    "epsdiluted": -0.51,
    "weightedAverageShsOut": 228461000,
    "weightedAverageShsOutDil": 228461000,
    "link": "https://www.sec.gov/Archives/edgar/data/1327811/000132781119000196/0001327811-19-000196-index.htm",
    "finalLink": "https://www.sec.gov/Archives/edgar/data/1327811/000132781119000196/wday-10312019x10q.htm"
  },
  {
    "date": "2019-07-31",
    "symbol": "WDAY",
    "reportedCurrency": "USD",
    "cik": "0001327811",
    "fillingDate": "2019-08-30",
    "acceptedDate": "2019-08-30 16:08:47",
    "calendarYear": "2020",
    "period": "Q2",
    "revenue": 886856000,
    "costOfRevenue": 266334000,
    "grossProfit": 620522000,
    "grossProfitRatio": 0.6996874352,
    "researchAndDevelopmentExpenses": 378122000,
    "generalAndAdministrativeExpenses": 0,
    "sellingAndMarketingExpenses": 0,
    "sellingGeneralAndAdministrativeExpenses": 365793000,
    "otherExpenses": 0,
    "operatingExpenses": 743915000,
    "costAndExpenses": 1010249000,
    "interestIncome": 11239000,
    "interestExpense": 14473000,
    "depreciationAndAmortization": 67754000,
    "ebitda": -40376000,
    "ebitdaratio": -0.0455271205,
    "operatingIncome": -123393000,
    "operatingIncomeRatio": -0.1391353275,
    "totalOtherIncomeExpensesNet": 790000,
    "incomeBeforeTax": -122603000,
    "incomeBeforeTaxRatio": -0.1382445403,
    "incomeTaxExpense": -1891000,
    "netIncome": -120712000,
    "netIncomeRatio": -0.1361122888,
    "eps": -0.53,
    "epsdiluted": -0.53,
    "weightedAverageShsOut": 226392000,
    "weightedAverageShsOutDil": 226392000,
    "link": "https://www.sec.gov/Archives/edgar/data/1327811/000132781119000156/0001327811-19-000156-index.htm",
    "finalLink": "https://www.sec.gov/Archives/edgar/data/1327811/000132781119000156/wday-7312019x10q.htm"
  },
  {
    "date": "2019-04-30",
    "symbol": "WDAY",
    "reportedCurrency": "USD",
    "cik": "0001327811",
    "fillingDate": "2019-05-30",
    "acceptedDate": "2019-05-30 16:36:15",
    "calendarYear": "2020",
    "period": "Q1",
    "revenue": 825039000,
    "costOfRevenue": 243219000,
    "grossProfit": 581820000,
    "grossProfitRatio": 0.7052030268,
    "researchAndDevelopmentExpenses": 347831000,
    "generalAndAdministrativeExpenses": 0,
    "sellingAndMarketingExpenses": 0,
    "sellingGeneralAndAdministrativeExpenses": 357391000,
    "otherExpenses": 0,
    "operatingExpenses": 705222000,
    "costAndExpenses": 948441000,
    "interestIncome": 10350000,
    "interestExpense": 11601000,
    "depreciationAndAmortization": 61165000,
    "ebitda": -43479000,
    "ebitdaratio": -0.0526993269,
    "operatingIncome": -123402000,
    "operatingIncomeRatio": -0.1495711112,
    "totalOtherIncomeExpensesNet": 7157000,
    "incomeBeforeTax": -116245000,
    "incomeBeforeTaxRatio": -0.1408963697,
    "incomeTaxExpense": 30000,
    "netIncome": -116275000,
    "netIncomeRatio": -0.1409327317,
    "eps": -0.52,
    "epsdiluted": -0.52,
    "weightedAverageShsOut": 223309000,
    "weightedAverageShsOutDil": 223309000,
    "link": "https://www.sec.gov/Archives/edgar/data/1327811/000132781119000092/0001327811-19-000092-index.htm",
    "finalLink": "https://www.sec.gov/Archives/edgar/data/1327811/000132781119000092/wday-4302019x10q.htm"
  },
  {
    "date": "2019-01-31",
    "symbol": "WDAY",
    "reportedCurrency": "USD",
    "cik": "0001327811",
    "fillingDate": "2019-03-18",
    "acceptedDate": "2019-03-18 16:11:12",
    "calendarYear": "2019",
    "period": "Q4",
    "revenue": 790190000,
    "costOfRevenue": 233748000,
    "grossProfit": 556442000,
    "grossProfitRatio": 0.7041876005,
    "researchAndDevelopmentExpenses": 337405000,
    "generalAndAdministrativeExpenses": 0,
    "sellingAndMarketingExpenses": 0,
    "sellingGeneralAndAdministrativeExpenses": 337758000,
    "otherExpenses": 0,
    "operatingExpenses": 675163000,
    "costAndExpenses": 908911000,
    "interestIncome": 8538000,
    "interestExpense": 12044000,
    "depreciationAndAmortization": 59619000,
    "ebitda": -33470000,
    "ebitdaratio": -0.0423569015,
    "operatingIncome": -118721000,
    "operatingIncomeRatio": -0.1502436123,
    "totalOtherIncomeExpensesNet": 13588000,
    "incomeBeforeTax": -105133000,
    "incomeBeforeTaxRatio": -0.133047748,
    "incomeTaxExpense": -772000,
    "netIncome": -104361000,
    "netIncomeRatio": -0.1320707678,
    "eps": -0.47,
    "epsdiluted": -0.47,
    "weightedAverageShsOut": 220351000,
    "weightedAverageShsOutDil": 220351000,
    "link": "https://www.sec.gov/Archives/edgar/data/1327811/000132781119000038/0001327811-19-000038-index.htm",
    "finalLink": "https://www.sec.gov/Archives/edgar/data/1327811/000132781119000038/wday-01312019x10k.htm"
  },
  {
    "date": "2018-10-31",
    "symbol": "WDAY",
    "reportedCurrency": "USD",
    "cik": "0001327811",
    "fillingDate": "2018-12-03",
    "acceptedDate": "2018-12-03 17:23:52",
    "calendarYear": "2019",
    "period": "Q3",
    "revenue": 745562000,
    "costOfRevenue": 223001000,
    "grossProfit": 522561000,
    "grossProfitRatio": 0.7008954319,
    "researchAndDevelopmentExpenses": 318003000,
    "generalAndAdministrativeExpenses": 0,
    "sellingAndMarketingExpenses": 0,
    "sellingGeneralAndAdministrativeExpenses": 361940000,
    "otherExpenses": 0,
    "operatingExpenses": 679943000,
    "costAndExpenses": 902944000,
    "interestIncome": 6995000,
    "interestExpense": 12348000,
    "depreciationAndAmortization": 57602000,
    "ebitda": -86188000,
    "ebitdaratio": -0.1156013853,
    "operatingIncome": -157382000,
    "operatingIncomeRatio": -0.211091767,
    "totalOtherIncomeExpensesNet": 1244000,
    "incomeBeforeTax": -156138000,
    "incomeBeforeTaxRatio": -0.209423227,
    "incomeTaxExpense": -2807000,
    "netIncome": -153331000,
    "netIncomeRatio": -0.2056582819,
    "eps": -0.7,
    "epsdiluted": -0.7,
    "weightedAverageShsOut": 217694000,
    "weightedAverageShsOutDil": 217694000,
    "link": "https://www.sec.gov/Archives/edgar/data/1327811/000132781118000058/0001327811-18-000058-index.htm",
    "finalLink": "https://www.sec.gov/Archives/edgar/data/1327811/000132781118000058/wday-10312018x10q.htm"
  },
  {
    "date": "2018-07-31",
    "symbol": "WDAY",
    "reportedCurrency": "USD",
    "cik": "0001327811",
    "fillingDate": "2018-09-05",
    "acceptedDate": "2018-09-05 16:03:56",
    "calendarYear": "2019",
    "period": "Q2",
    "revenue": 673680000,
    "costOfRevenue": 200230000,
    "grossProfit": 473450000,
    "grossProfitRatio": 0.7027817361,
    "researchAndDevelopmentExpenses": 292840000,
    "generalAndAdministrativeExpenses": 0,
    "sellingAndMarketingExpenses": 0,
    "sellingGeneralAndAdministrativeExpenses": 267632000,
    "otherExpenses": 0,
    "operatingExpenses": 560472000,
    "costAndExpenses": 760702000,
    "interestIncome": 14692000,
    "interestExpense": 17515000,
    "depreciationAndAmortization": 42226000,
    "ebitda": -27628000,
    "ebitdaratio": -0.0410105688,
    "operatingIncome": -87022000,
    "operatingIncomeRatio": -0.1291740886,
    "totalOtherIncomeExpensesNet": -347000,
    "incomeBeforeTax": -87369000,
    "incomeBeforeTaxRatio": -0.1296891699,
    "incomeTaxExpense": -1213000,
    "netIncome": -86156000,
    "netIncomeRatio": -0.1278886118,
    "eps": -0.4,
    "epsdiluted": -0.4,
    "weightedAverageShsOut": 215932000,
    "weightedAverageShsOutDil": 215932000,
    "link": "https://www.sec.gov/Archives/edgar/data/1327811/000132781118000024/0001327811-18-000024-index.htm",
    "finalLink": "https://www.sec.gov/Archives/edgar/data/1327811/000132781118000024/wday-07312018x10q.htm"
  },
  {
    "date": "2018-04-30",
    "symbol": "WDAY",
    "reportedCurrency": "USD",
    "cik": "0001327811",
    "fillingDate": "2018-06-01",
    "acceptedDate": "2018-06-01 16:13:30",
    "calendarYear": "2019",
    "period": "Q1",
    "revenue": 619760000,
    "costOfRevenue": 177971000,
    "grossProfit": 441789000,
    "grossProfitRatio": 0.7128388408,
    "researchAndDevelopmentExpenses": 263584000,
    "generalAndAdministrativeExpenses": 0,
    "sellingAndMarketingExpenses": 0,
    "sellingGeneralAndAdministrativeExpenses": 248352000,
    "otherExpenses": 0,
    "operatingExpenses": 511936000,
    "costAndExpenses": 689907000,
    "interestIncome": 12236000,
    "interestExpense": 18302000,
    "depreciationAndAmortization": 38000000,
    "ebitda": -18810000,
    "ebitdaratio": -0.0303504582,
    "operatingIncome": -70147000,
    "operatingIncomeRatio": -0.1131841358,
    "totalOtherIncomeExpensesNet": -4965000,
    "incomeBeforeTax": -75112000,
    "incomeBeforeTaxRatio": -0.1211953014,
    "incomeTaxExpense": -702000,
    "netIncome": -74410000,
    "netIncomeRatio": -0.1200626049,
    "eps": -0.35,
    "epsdiluted": -0.35,
    "weightedAverageShsOut": 213055000,
    "weightedAverageShsOutDil": 213055000,
    "link": "https://www.sec.gov/Archives/edgar/data/1327811/000132781118000022/0001327811-18-000022-index.htm",
    "finalLink": "https://www.sec.gov/Archives/edgar/data/1327811/000132781118000022/wday-04302018x10q.htm"
  },
  {
    "date": "2018-01-31",
    "symbol": "WDAY",
    "reportedCurrency": "USD",
    "cik": "0001327811",
    "fillingDate": "2018-03-14",
    "acceptedDate": "2018-03-14 16:42:29",
    "calendarYear": "2018",
    "period": "Q4",
    "revenue": 582357000,
    "costOfRevenue": 170952000,
    "grossProfit": 411405000,
    "grossProfitRatio": 0.7064481066,
    "researchAndDevelopmentExpenses": 253454000,
    "generalAndAdministrativeExpenses": 0,
    "sellingAndMarketingExpenses": 0,
    "sellingGeneralAndAdministrativeExpenses": 239409000,
    "otherExpenses": 0,
    "operatingExpenses": 492863000,
    "costAndExpenses": 663815000,
    "interestIncome": 9778000,
    "interestExpense": 18438000,
    "depreciationAndAmortization": 34594000,
    "ebitda": -35399000,
    "ebitdaratio": -0.060785738,
    "operatingIncome": -81458000,
    "operatingIncomeRatio": -0.1398763988,
    "totalOtherIncomeExpensesNet": -6973000,
    "incomeBeforeTax": -88431000,
    "incomeBeforeTaxRatio": -0.1518501538,
    "incomeTaxExpense": 669000,
    "netIncome": -89100000,
    "netIncomeRatio": -0.1529989336,
    "eps": -0.42,
    "epsdiluted": -0.42,
    "weightedAverageShsOut": 210909000,
    "weightedAverageShsOutDil": 210909000,
    "link": "https://www.sec.gov/Archives/edgar/data/1327811/000132781118000009/0001327811-18-000009-index.htm",
    "finalLink": "https://www.sec.gov/Archives/edgar/data/1327811/000132781118000009/wday-01312018x10k.htm"
  },
  {
    "date": "2017-10-31",
    "symbol": "WDAY",
    "reportedCurrency": "USD",
    "cik": "0001327811",
    "fillingDate": "2017-11-30",
    "acceptedDate": "2017-11-30 16:03:37",
    "calendarYear": "2018",
    "period": "Q3",
    "revenue": 554710000,
    "costOfRevenue": 163555000,
    "grossProfit": 391155000,
    "grossProfitRatio": 0.7051522417,
    "researchAndDevelopmentExpenses": 239588000,
    "generalAndAdministrativeExpenses": 0,
    "sellingAndMarketingExpenses": 0,
    "sellingGeneralAndAdministrativeExpenses": 232305000,
    "otherExpenses": 0,
    "operatingExpenses": 471893000,
    "costAndExpenses": 635448000,
    "interestIncome": 6394000,
    "interestExpense": 12285000,
    "depreciationAndAmortization": 34000000,
    "ebitda": -37516000,
    "ebitdaratio": -0.0676317355,
    "operatingIncome": -80738000,
    "operatingIncomeRatio": -0.145549927,
    "totalOtherIncomeExpensesNet": -3063000,
    "incomeBeforeTax": -83801000,
    "incomeBeforeTaxRatio": -0.1510717312,
    "incomeTaxExpense": 1745000,
    "netIncome": -85546000,
    "netIncomeRatio": -0.1542175191,
    "eps": -0.41,
    "epsdiluted": -0.41,
    "weightedAverageShsOut": 209188000,
    "weightedAverageShsOutDil": 209188000,
    "link": "https://www.sec.gov/Archives/edgar/data/1327811/000132781117000032/0001327811-17-000032-index.htm",
    "finalLink": "https://www.sec.gov/Archives/edgar/data/1327811/000132781117000032/wday-10312017x10q.htm"
  },
  {
    "date": "2017-07-31",
    "symbol": "WDAY",
    "reportedCurrency": "USD",
    "cik": "0001327811",
    "fillingDate": "2017-08-31",
    "acceptedDate": "2017-08-31 16:14:46",
    "calendarYear": "2018",
    "period": "Q2",
    "revenue": 524847000,
    "costOfRevenue": 158195000,
    "grossProfit": 366652000,
    "grossProfitRatio": 0.6985883505,
    "researchAndDevelopmentExpenses": 221103000,
    "generalAndAdministrativeExpenses": 0,
    "sellingAndMarketingExpenses": 0,
    "sellingGeneralAndAdministrativeExpenses": 227651000,
    "otherExpenses": 0,
    "operatingExpenses": 448754000,
    "costAndExpenses": 606949000,
    "interestIncome": 5051000,
    "interestExpense": 6840000,
    "depreciationAndAmortization": 33000000,
    "ebitda": -40851000,
    "ebitdaratio": -0.0778341117,
    "operatingIncome": -82102000,
    "operatingIncomeRatio": -0.1564303502,
    "totalOtherIncomeExpensesNet": 1411000,
    "incomeBeforeTax": -80691000,
    "incomeBeforeTaxRatio": -0.1537419477,
    "incomeTaxExpense": 1841000,
    "netIncome": -82532000,
    "netIncomeRatio": -0.1572496366,
    "eps": -0.4,
    "epsdiluted": -0.4,
    "weightedAverageShsOut": 207028000,
    "weightedAverageShsOutDil": 207028000,
    "link": "https://www.sec.gov/Archives/edgar/data/1327811/000132781117000023/0001327811-17-000023-index.htm",
    "finalLink": "https://www.sec.gov/Archives/edgar/data/1327811/000132781117000023/wday-07312017x10q.htm"
  },
  {
    "date": "2017-04-30",
    "symbol": "WDAY",
    "reportedCurrency": "USD",
    "cik": "0001327811",
    "fillingDate": "2017-06-02",
    "acceptedDate": "2017-06-02 16:02:37",
    "calendarYear": "2018",
    "period": "Q1",
    "revenue": 479627000,
    "costOfRevenue": 136711000,
    "grossProfit": 342916000,
    "grossProfitRatio": 0.7149639199,
    "researchAndDevelopmentExpenses": 196439000,
    "generalAndAdministrativeExpenses": 0,
    "sellingAndMarketingExpenses": 0,
    "sellingGeneralAndAdministrativeExpenses": 206911000,
    "otherExpenses": 0,
    "operatingExpenses": 403350000,
    "costAndExpenses": 540061000,
    "interestIncome": 4029000,
    "interestExpense": 6986000,
    "depreciationAndAmortization": 32000000,
    "ebitda": -22877000,
    "ebitdaratio": -0.0476974816,
    "operatingIncome": -60434000,
    "operatingIncomeRatio": -0.1260020808,
    "totalOtherIncomeExpensesNet": -1429000,
    "incomeBeforeTax": -61863000,
    "incomeBeforeTaxRatio": -0.1289814794,
    "incomeTaxExpense": 2181000,
    "netIncome": -64044000,
    "netIncomeRatio": -0.133528763,
    "eps": -0.31,
    "epsdiluted": -0.31,
    "weightedAverageShsOut": 203818000,
    "weightedAverageShsOutDil": 203818000,
    "link": "https://www.sec.gov/Archives/edgar/data/1327811/000132781117000015/0001327811-17-000015-index.htm",
    "finalLink": "https://www.sec.gov/Archives/edgar/data/1327811/000132781117000015/wday-04302017x10q.htm"
  },
  {
    "date": "2017-01-31",
    "symbol": "WDAY",
    "reportedCurrency": "USD",
    "cik": "0001327811",
    "fillingDate": "2017-03-20",
    "acceptedDate": "2017-03-20 16:13:14",
    "calendarYear": "2017",
    "period": "Q4",
    "revenue": 436473000,
    "costOfRevenue": 130181000,
    "grossProfit": 306292000,
    "grossProfitRatio": 0.7017432923,
    "researchAndDevelopmentExpenses": 191556000,
    "generalAndAdministrativeExpenses": 0,
    "sellingAndMarketingExpenses": 0,
    "sellingGeneralAndAdministrativeExpenses": 221170000,
    "otherExpenses": 0,
    "operatingExpenses": 412726000,
    "costAndExpenses": 542907000,
    "interestIncome": 3387000,
    "interestExpense": 6952000,
    "depreciationAndAmortization": 32646000,
    "ebitda": -68928000,
    "ebitdaratio": -0.1579204212,
    "operatingIncome": -106434000,
    "operatingIncomeRatio": -0.2438501351,
    "totalOtherIncomeExpensesNet": -2092000,
    "incomeBeforeTax": -108526000,
    "incomeBeforeTaxRatio": -0.2486431005,
    "incomeTaxExpense": -2961000,
    "netIncome": -105565000,
    "netIncomeRatio": -0.2418591757,
    "eps": -0.52,
    "epsdiluted": -0.52,
    "weightedAverageShsOut": 201530000,
    "weightedAverageShsOutDil": 201530000,
    "link": "https://www.sec.gov/Archives/edgar/data/1327811/000132781117000008/0001327811-17-000008-index.htm",
    "finalLink": "https://www.sec.gov/Archives/edgar/data/1327811/000132781117000008/wday-01312017x10k.htm"
  },
  {
    "date": "2016-10-31",
    "symbol": "WDAY",
    "reportedCurrency": "USD",
    "cik": "0001327811",
    "fillingDate": "2016-12-02",
    "acceptedDate": "2016-12-02 16:07:57",
    "calendarYear": "2017",
    "period": "Q3",
    "revenue": 409399000,
    "costOfRevenue": 126885000,
    "grossProfit": 282514000,
    "grossProfitRatio": 0.6900700783,
    "researchAndDevelopmentExpenses": 185311000,
    "generalAndAdministrativeExpenses": 0,
    "sellingAndMarketingExpenses": 0,
    "sellingGeneralAndAdministrativeExpenses": 207270000,
    "otherExpenses": 0,
    "operatingExpenses": 392581000,
    "costAndExpenses": 519466000,
    "interestIncome": 2805000,
    "interestExpense": 7206000,
    "depreciationAndAmortization": 30453000,
    "ebitda": -75330000,
    "ebitdaratio": -0.1840014265,
    "operatingIncome": -110067000,
    "operatingIncomeRatio": -0.2688501926,
    "totalOtherIncomeExpensesNet": -2922000,
    "incomeBeforeTax": -112989000,
    "incomeBeforeTaxRatio": -0.2759874841,
    "incomeTaxExpense": 1077000,
    "netIncome": -114066000,
    "netIncomeRatio": -0.2786181696,
    "eps": -0.57,
    "epsdiluted": -0.57,
    "weightedAverageShsOut": 199479000,
    "weightedAverageShsOutDil": 199479000,
    "link": "https://www.sec.gov/Archives/edgar/data/1327811/000132781116000062/0001327811-16-000062-index.htm",
    "finalLink": "https://www.sec.gov/Archives/edgar/data/1327811/000132781116000062/wday-10312016x10q.htm"
  },
  {
    "date": "2016-07-31",
    "symbol": "WDAY",
    "reportedCurrency": "USD",
    "cik": "0001327811",
    "fillingDate": "2016-09-02",
    "acceptedDate": "2016-09-02 16:19:06",
    "calendarYear": "2017",
    "period": "Q2",
    "revenue": 377580000,
    "costOfRevenue": 117852000,
    "grossProfit": 259728000,
    "grossProfitRatio": 0.6878754171,
    "researchAndDevelopmentExpenses": 161886000,
    "generalAndAdministrativeExpenses": 0,
    "sellingAndMarketingExpenses": 0,
    "sellingGeneralAndAdministrativeExpenses": 184882000,
    "otherExpenses": 0,
    "operatingExpenses": 346768000,
    "costAndExpenses": 464620000,
    "interestIncome": 2897000,
    "interestExpense": 7914000,
    "depreciationAndAmortization": 26662000,
    "ebitda": -60378000,
    "ebitdaratio": -0.1599078341,
    "operatingIncome": -87040000,
    "operatingIncomeRatio": -0.2305206844,
    "totalOtherIncomeExpensesNet": -21050000,
    "incomeBeforeTax": -108090000,
    "incomeBeforeTaxRatio": -0.2862704592,
    "incomeTaxExpense": -65000,
    "netIncome": -108025000,
    "netIncomeRatio": -0.2860983103,
    "eps": -0.55,
    "epsdiluted": -0.55,
    "weightedAverageShsOut": 197223000,
    "weightedAverageShsOutDil": 197223000,
    "link": "https://www.sec.gov/Archives/edgar/data/1327811/000132781116000050/0001327811-16-000050-index.htm",
    "finalLink": "https://www.sec.gov/Archives/edgar/data/1327811/000132781116000050/wday-07312016x10q.htm"
  },
  {
    "date": "2016-04-30",
    "symbol": "WDAY",
    "reportedCurrency": "USD",
    "cik": "0001327811",
    "fillingDate": "2016-06-01",
    "acceptedDate": "2016-06-01 16:53:16",
    "calendarYear": "2017",
    "period": "Q1",
    "revenue": 345430000,
    "costOfRevenue": 108627000,
    "grossProfit": 236803000,
    "grossProfitRatio": 0.6855310772,
    "researchAndDevelopmentExpenses": 141778000,
    "generalAndAdministrativeExpenses": 41183000,
    "sellingAndMarketingExpenses": 127491000,
    "sellingGeneralAndAdministrativeExpenses": 168674000,
    "otherExpenses": -21000,
    "operatingExpenses": 310452000,
    "costAndExpenses": 419079000,
    "interestIncome": 2214000,
    "interestExpense": 8031000,
    "depreciationAndAmortization": 26124000,
    "ebitda": -45406000,
    "ebitdaratio": -0.1314477608,
    "operatingIncome": -73649000,
    "operatingIncomeRatio": -0.2132096228,
    "totalOtherIncomeExpensesNet": -5838000,
    "incomeBeforeTax": -79487000,
    "incomeBeforeTaxRatio": -0.2301102973,
    "incomeTaxExpense": 1135000,
    "netIncome": -80622000,
    "netIncomeRatio": -0.2333960571,
    "eps": -0.41,
    "epsdiluted": -0.41,
    "weightedAverageShsOut": 194529000,
    "weightedAverageShsOutDil": 194529000,
    "link": "https://www.sec.gov/Archives/edgar/data/1327811/000132781116000041/0001327811-16-000041-index.htm",
    "finalLink": "https://www.sec.gov/Archives/edgar/data/1327811/000132781116000041/wday-04302016x10q.htm"
  },
  {
    "date": "2016-01-31",
    "symbol": "WDAY",
    "reportedCurrency": "USD",
    "cik": "0001327811",
    "fillingDate": "2016-03-22",
    "acceptedDate": "2016-03-22 16:29:27",
    "calendarYear": "2016",
    "period": "Q4",
    "revenue": 323427000,
    "costOfRevenue": 102680000,
    "grossProfit": 220747000,
    "grossProfitRatio": 0.6825249593,
    "researchAndDevelopmentExpenses": 131244000,
    "generalAndAdministrativeExpenses": 41871000,
    "sellingAndMarketingExpenses": 121073000,
    "sellingGeneralAndAdministrativeExpenses": 162944000,
    "otherExpenses": 0,
    "operatingExpenses": 294188000,
    "costAndExpenses": 396868000,
    "interestIncome": 1776000,
    "interestExpense": 8094000,
    "depreciationAndAmortization": 25222000,
    "ebitda": -46630000,
    "ebitdaratio": -0.1441747288,
    "operatingIncome": -73441000,
    "operatingIncomeRatio": -0.2270713329,
    "totalOtherIncomeExpensesNet": -6505000,
    "incomeBeforeTax": -79946000,
    "incomeBeforeTaxRatio": -0.2471840632,
    "incomeTaxExpense": 1182000,
    "netIncome": -81128000,
    "netIncomeRatio": -0.2508386746,
    "eps": -0.42,
    "epsdiluted": -0.42,
    "weightedAverageShsOut": 192485000,
    "weightedAverageShsOutDil": 192485000,
    "link": "https://www.sec.gov/Archives/edgar/data/1327811/000132781116000032/0001327811-16-000032-index.htm",
    "finalLink": "https://www.sec.gov/Archives/edgar/data/1327811/000132781116000032/wday-01312016x10k.htm"
  },
  {
    "date": "2015-10-31",
    "symbol": "WDAY",
    "reportedCurrency": "USD",
    "cik": "0001327811",
    "fillingDate": "2015-12-04",
    "acceptedDate": "2015-12-04 16:02:52",
    "calendarYear": "2016",
    "period": "Q3",
    "revenue": 305266000,
    "costOfRevenue": 101754000,
    "grossProfit": 203512000,
    "grossProfitRatio": 0.6666710344,
    "researchAndDevelopmentExpenses": 124020000,
    "generalAndAdministrativeExpenses": 38008000,
    "sellingAndMarketingExpenses": 111658000,
    "sellingGeneralAndAdministrativeExpenses": 149666000,
    "otherExpenses": 0,
    "operatingExpenses": 273686000,
    "costAndExpenses": 375440000,
    "interestIncome": 1126000,
    "interestExpense": 8001000,
    "depreciationAndAmortization": 22260000,
    "ebitda": -47914000,
    "ebitdaratio": -0.1569581938,
    "operatingIncome": -70174000,
    "operatingIncomeRatio": -0.2298782046,
    "totalOtherIncomeExpensesNet": -6722000,
    "incomeBeforeTax": -76896000,
    "incomeBeforeTaxRatio": -0.2518983444,
    "incomeTaxExpense": 915000,
    "netIncome": -77811000,
    "netIncomeRatio": -0.2548957303,
    "eps": -0.41,
    "epsdiluted": -0.41,
    "weightedAverageShsOut": 190727000,
    "weightedAverageShsOutDil": 190727000,
    "link": "https://www.sec.gov/Archives/edgar/data/1327811/000132781115000027/0001327811-15-000027-index.htm",
    "finalLink": "https://www.sec.gov/Archives/edgar/data/1327811/000132781115000027/wday-10312015x10q.htm"
  },
  {
    "date": "2015-07-31",
    "symbol": "WDAY",
    "reportedCurrency": "USD",
    "cik": "0001327811",
    "fillingDate": "2015-09-04",
    "acceptedDate": "2015-09-04 16:06:45",
    "calendarYear": "2016",
    "period": "Q2",
    "revenue": 282696000,
    "costOfRevenue": 92079000,
    "grossProfit": 190617000,
    "grossProfitRatio": 0.6742826216,
    "researchAndDevelopmentExpenses": 115345000,
    "generalAndAdministrativeExpenses": 36482000,
    "sellingAndMarketingExpenses": 106430000,
    "sellingGeneralAndAdministrativeExpenses": 142912000,
    "otherExpenses": 0,
    "operatingExpenses": 258257000,
    "costAndExpenses": 350336000,
    "interestIncome": 998000,
    "interestExpense": 7952000,
    "depreciationAndAmortization": 19888000,
    "ebitda": -47752000,
    "ebitdaratio": -0.1689164332,
    "operatingIncome": -67640000,
    "operatingIncomeRatio": -0.2392676232,
    "totalOtherIncomeExpensesNet": -3779000,
    "incomeBeforeTax": -71419000,
    "incomeBeforeTaxRatio": -0.2526353397,
    "incomeTaxExpense": -1998000,
    "netIncome": -69421000,
    "netIncomeRatio": -0.2455676769,
    "eps": -0.37,
    "epsdiluted": -0.37,
    "weightedAverageShsOut": 189360000,
    "weightedAverageShsOutDil": 189360000,
    "link": "https://www.sec.gov/Archives/edgar/data/1327811/000132781115000021/0001327811-15-000021-index.htm",
    "finalLink": "https://www.sec.gov/Archives/edgar/data/1327811/000132781115000021/wday-07312015x10q.htm"
  },
  {
    "date": "2015-04-30",
    "symbol": "WDAY",
    "reportedCurrency": "USD",
    "cik": "0001327811",
    "fillingDate": "2015-06-05",
    "acceptedDate": "2015-06-05 16:14:39",
    "calendarYear": "2016",
    "period": "Q1",
    "revenue": 250957000,
    "costOfRevenue": 77914000,
    "grossProfit": 173043000,
    "grossProfitRatio": 0.6895324697,
    "researchAndDevelopmentExpenses": 99335000,
    "generalAndAdministrativeExpenses": 32217000,
    "sellingAndMarketingExpenses": 94895000,
    "sellingGeneralAndAdministrativeExpenses": 127112000,
    "otherExpenses": 0,
    "operatingExpenses": 226447000,
    "costAndExpenses": 304361000,
    "interestIncome": 955000,
    "interestExpense": 7885000,
    "depreciationAndAmortization": 18569000,
    "ebitda": -34186000,
    "ebitdaratio": -0.1362225401,
    "operatingIncome": -53404000,
    "operatingIncomeRatio": -0.2128013963,
    "totalOtherIncomeExpensesNet": -7236000,
    "incomeBeforeTax": -60640000,
    "incomeBeforeTaxRatio": -0.2416350211,
    "incomeTaxExpense": 918000,
    "netIncome": -61558000,
    "netIncomeRatio": -0.2452930183,
    "eps": -0.33,
    "epsdiluted": -0.33,
    "weightedAverageShsOut": 187390000,
    "weightedAverageShsOutDil": 187390000,
    "link": "https://www.sec.gov/Archives/edgar/data/1327811/000132781115000014/0001327811-15-000014-index.htm",
    "finalLink": "https://www.sec.gov/Archives/edgar/data/1327811/000132781115000014/wday-04302015x10q.htm"
  },
  {
    "date": "2015-01-31",
    "symbol": "WDAY",
    "reportedCurrency": "USD",
    "cik": "0001327811",
    "fillingDate": "2015-03-25",
    "acceptedDate": "2015-03-25 17:26:16",
    "calendarYear": "2015",
    "period": "Q4",
    "revenue": 226273000,
    "costOfRevenue": 69955000,
    "grossProfit": 156318000,
    "grossProfitRatio": 0.6908380585,
    "researchAndDevelopmentExpenses": 88963000,
    "generalAndAdministrativeExpenses": 29270000,
    "sellingAndMarketingExpenses": 88469000,
    "sellingGeneralAndAdministrativeExpenses": 117739000,
    "otherExpenses": 0,
    "operatingExpenses": 206702000,
    "costAndExpenses": 276657000,
    "interestIncome": 859000,
    "interestExpense": 7809000,
    "depreciationAndAmortization": 16526000,
    "ebitda": -34320000,
    "ebitdaratio": -0.1516751888,
    "operatingIncome": -50384000,
    "operatingIncomeRatio": -0.2226690767,
    "totalOtherIncomeExpensesNet": -8271000,
    "incomeBeforeTax": -58655000,
    "incomeBeforeTaxRatio": -0.2592222669,
    "incomeTaxExpense": 811000,
    "netIncome": -59466000,
    "netIncomeRatio": -0.2628064329,
    "eps": -0.32,
    "epsdiluted": -0.32,
    "weightedAverageShsOut": 185696000,
    "weightedAverageShsOutDil": 185696000,
    "link": "https://www.sec.gov/Archives/edgar/data/1327811/000132781115000006/0001327811-15-000006-index.htm",
    "finalLink": "https://www.sec.gov/Archives/edgar/data/1327811/000132781115000006/wday-01312015x10k.htm"
  },
  {
    "date": "2014-10-31",
    "symbol": "WDAY",
    "reportedCurrency": "USD",
    "cik": "0001327811",
    "fillingDate": "2014-12-05",
    "acceptedDate": "2014-12-05 16:36:48",
    "calendarYear": "2015",
    "period": "Q3",
    "revenue": 215070000,
    "costOfRevenue": 71789000,
    "grossProfit": 143281000,
    "grossProfitRatio": 0.6662063514,
    "researchAndDevelopmentExpenses": 85270000,
    "generalAndAdministrativeExpenses": 28796000,
    "sellingAndMarketingExpenses": 80681000,
    "sellingGeneralAndAdministrativeExpenses": 109477000,
    "otherExpenses": 0,
    "operatingExpenses": 194747000,
    "costAndExpenses": 266536000,
    "interestIncome": 737000,
    "interestExpense": 7778000,
    "depreciationAndAmortization": 15682000,
    "ebitda": -36053000,
    "ebitdaratio": -0.1676337936,
    "operatingIncome": -51466000,
    "operatingIncomeRatio": -0.2392988329,
    "totalOtherIncomeExpensesNet": -8047000,
    "incomeBeforeTax": -59513000,
    "incomeBeforeTaxRatio": -0.2767145581,
    "incomeTaxExpense": 399000,
    "netIncome": -59912000,
    "netIncomeRatio": -0.278569768,
    "eps": -0.33,
    "epsdiluted": -0.33,
    "weightedAverageShsOut": 184310000,
    "weightedAverageShsOutDil": 184310000,
    "link": "https://www.sec.gov/Archives/edgar/data/1327811/000132781114000007/0001327811-14-000007-index.htm",
    "finalLink": "https://www.sec.gov/Archives/edgar/data/1327811/000132781114000007/wday-10312014x10q.htm"
  },
  {
    "date": "2014-07-31",
    "symbol": "WDAY",
    "reportedCurrency": "USD",
    "cik": "0001327811",
    "fillingDate": "2014-09-02",
    "acceptedDate": "2014-09-02 16:51:25",
    "calendarYear": "2015",
    "period": "Q2",
    "revenue": 186780000,
    "costOfRevenue": 65640000,
    "grossProfit": 121140000,
    "grossProfitRatio": 0.6485705108,
    "researchAndDevelopmentExpenses": 77464000,
    "generalAndAdministrativeExpenses": 26922000,
    "sellingAndMarketingExpenses": 78523000,
    "sellingGeneralAndAdministrativeExpenses": 105445000,
    "otherExpenses": 0,
    "operatingExpenses": 182909000,
    "costAndExpenses": 248549000,
    "interestIncome": 669000,
    "interestExpense": 7765000,
    "depreciationAndAmortization": 14474000,
    "ebitda": -47595000,
    "ebitdaratio": -0.2548185031,
    "operatingIncome": -61769000,
    "operatingIncomeRatio": -0.3307045722,
    "totalOtherIncomeExpensesNet": -6953000,
    "incomeBeforeTax": -68722000,
    "incomeBeforeTaxRatio": -0.3679301852,
    "incomeTaxExpense": 493000,
    "netIncome": -69215000,
    "netIncomeRatio": -0.3705696541,
    "eps": -0.38,
    "epsdiluted": -0.38,
    "weightedAverageShsOut": 184319000,
    "weightedAverageShsOutDil": 184319000,
    "link": "https://www.sec.gov/Archives/edgar/data/1327811/000119312514329149/0001193125-14-329149-index.htm",
    "finalLink": "https://www.sec.gov/Archives/edgar/data/1327811/000119312514329149/d752291d10q.htm"
  },
  {
    "date": "2014-04-30",
    "symbol": "WDAY",
    "reportedCurrency": "USD",
    "cik": "0001327811",
    "fillingDate": "2014-06-06",
    "acceptedDate": "2014-06-06 17:02:27",
    "calendarYear": "2015",
    "period": "Q1",
    "revenue": 159737000,
    "costOfRevenue": 57419000,
    "grossProfit": 102318000,
    "grossProfitRatio": 0.6405403883,
    "researchAndDevelopmentExpenses": 65171000,
    "generalAndAdministrativeExpenses": 21063000,
    "sellingAndMarketingExpenses": 68167000,
    "sellingGeneralAndAdministrativeExpenses": 89230000,
    "otherExpenses": 0,
    "operatingExpenses": 154401000,
    "costAndExpenses": 211820000,
    "interestIncome": 695000,
    "interestExpense": 7708000,
    "depreciationAndAmortization": 12523000,
    "ebitda": -39760000,
    "ebitdaratio": -0.2489091444,
    "operatingIncome": -52083000,
    "operatingIncomeRatio": -0.3260547024,
    "totalOtherIncomeExpensesNet": -6999000,
    "incomeBeforeTax": -59082000,
    "incomeBeforeTaxRatio": -0.3698704746,
    "incomeTaxExpense": 307000,
    "netIncome": -59389000,
    "netIncomeRatio": -0.3717923837,
    "eps": -0.32,
    "epsdiluted": -0.32,
    "weightedAverageShsOut": 183084000,
    "weightedAverageShsOutDil": 183084000,
    "link": "https://www.sec.gov/Archives/edgar/data/1327811/000119312514228909/0001193125-14-228909-index.htm",
    "finalLink": "https://www.sec.gov/Archives/edgar/data/1327811/000119312514228909/d722300d10q.htm"
  },
  {
    "date": "2014-01-31",
    "symbol": "WDAY",
    "reportedCurrency": "USD",
    "cik": "0001327811",
    "fillingDate": "2014-03-31",
    "acceptedDate": "2014-03-31 17:25:09",
    "calendarYear": "2014",
    "period": "Q4",
    "revenue": 141866000,
    "costOfRevenue": 50766000,
    "grossProfit": 91100000,
    "grossProfitRatio": 0.6421552733,
    "researchAndDevelopmentExpenses": 55317000,
    "generalAndAdministrativeExpenses": 22951000,
    "sellingAndMarketingExpenses": 60808000,
    "sellingGeneralAndAdministrativeExpenses": 83759000,
    "otherExpenses": 0,
    "operatingExpenses": 139076000,
    "costAndExpenses": 189842000,
    "interestIncome": 615000,
    "interestExpense": 7654000,
    "depreciationAndAmortization": 10714000,
    "ebitda": -37262000,
    "ebitdaratio": -0.2626563095,
    "operatingIncome": -47976000,
    "operatingIncomeRatio": -0.3381782809,
    "totalOtherIncomeExpensesNet": -6921000,
    "incomeBeforeTax": -54897000,
    "incomeBeforeTaxRatio": -0.3869637545,
    "incomeTaxExpense": 1085000,
    "netIncome": -55982000,
    "netIncomeRatio": -0.3946118168,
    "eps": -0.32,
    "epsdiluted": -0.32,
    "weightedAverageShsOut": 175194000,
    "weightedAverageShsOutDil": 175194000,
    "link": "https://www.sec.gov/Archives/edgar/data/1327811/000119312514124249/0001193125-14-124249-index.htm",
    "finalLink": "https://www.sec.gov/Archives/edgar/data/1327811/000119312514124249/d667142d10k.htm"
  },
  {
    "date": "2013-10-31",
    "symbol": "WDAY",
    "reportedCurrency": "USD",
    "cik": "0001327811",
    "fillingDate": "2013-12-02",
    "acceptedDate": "2013-12-02 17:25:14",
    "calendarYear": "2014",
    "period": "Q3",
    "revenue": 127872000,
    "costOfRevenue": 48591000,
    "grossProfit": 79281000,
    "grossProfitRatio": 0.6200028153,
    "researchAndDevelopmentExpenses": 49349000,
    "generalAndAdministrativeExpenses": 16280000,
    "sellingAndMarketingExpenses": 54051000,
    "sellingGeneralAndAdministrativeExpenses": 70331000,
    "otherExpenses": 0,
    "operatingExpenses": 119680000,
    "costAndExpenses": 168271000,
    "interestIncome": 576000,
    "interestExpense": 7663000,
    "depreciationAndAmortization": 9361000,
    "ebitda": -31038000,
    "ebitdaratio": -0.2427271021,
    "operatingIncome": -40399000,
    "operatingIncomeRatio": -0.3159331206,
    "totalOtherIncomeExpensesNet": -6893000,
    "incomeBeforeTax": -47292000,
    "incomeBeforeTaxRatio": -0.3698385886,
    "incomeTaxExpense": 242000,
    "netIncome": -47534000,
    "netIncomeRatio": -0.3717311061,
    "eps": -0.27,
    "epsdiluted": -0.27,
    "weightedAverageShsOut": 174385000,
    "weightedAverageShsOutDil": 174385000,
    "link": "https://www.sec.gov/Archives/edgar/data/1327811/000119312513459380/0001193125-13-459380-index.htm",
    "finalLink": "https://www.sec.gov/Archives/edgar/data/1327811/000119312513459380/d614742d10q.htm"
  },
  {
    "date": "2013-07-31",
    "symbol": "WDAY",
    "reportedCurrency": "USD",
    "cik": "0001327811",
    "fillingDate": "2013-09-06",
    "acceptedDate": "2013-09-06 17:13:30",
    "calendarYear": "2014",
    "period": "Q2",
    "revenue": 107555000,
    "costOfRevenue": 40754000,
    "grossProfit": 66801000,
    "grossProfitRatio": 0.6210868858,
    "researchAndDevelopmentExpenses": 41168000,
    "generalAndAdministrativeExpenses": 13766000,
    "sellingAndMarketingExpenses": 44150000,
    "sellingGeneralAndAdministrativeExpenses": 57916000,
    "otherExpenses": 0,
    "operatingExpenses": 99084000,
    "costAndExpenses": 139838000,
    "interestIncome": 450000,
    "interestExpense": 3879000,
    "depreciationAndAmortization": 8051000,
    "ebitda": -24232000,
    "ebitdaratio": -0.2252986844,
    "operatingIncome": -32283000,
    "operatingIncomeRatio": -0.3001534099,
    "totalOtherIncomeExpensesNet": -3479000,
    "incomeBeforeTax": -35762000,
    "incomeBeforeTaxRatio": -0.3324996513,
    "incomeTaxExpense": 216000,
    "netIncome": -35978000,
    "netIncomeRatio": -0.3345079262,
    "eps": -0.21,
    "epsdiluted": -0.21,
    "weightedAverageShsOut": 173375000,
    "weightedAverageShsOutDil": 173375000,
    "link": "https://www.sec.gov/Archives/edgar/data/1327811/000119312513360085/0001193125-13-360085-index.htm",
    "finalLink": "https://www.sec.gov/Archives/edgar/data/1327811/000119312513360085/d567972d10q.htm"
  },
  {
    "date": "2013-04-30",
    "symbol": "WDAY",
    "reportedCurrency": "USD",
    "cik": "0001327811",
    "fillingDate": "2013-06-05",
    "acceptedDate": "2013-06-05 16:57:11",
    "calendarYear": "2014",
    "period": "Q1",
    "revenue": 91645000,
    "costOfRevenue": 36699000,
    "grossProfit": 54946000,
    "grossProfitRatio": 0.5995526215,
    "researchAndDevelopmentExpenses": 36282000,
    "generalAndAdministrativeExpenses": 12924000,
    "sellingAndMarketingExpenses": 38364000,
    "sellingGeneralAndAdministrativeExpenses": 51288000,
    "otherExpenses": -256000,
    "operatingExpenses": 87570000,
    "costAndExpenses": 124269000,
    "interestIncome": 0,
    "interestExpense": 0,
    "depreciationAndAmortization": 6569000,
    "ebitda": -26055000,
    "ebitdaratio": -0.2843035627,
    "operatingIncome": -32624000,
    "operatingIncomeRatio": -0.3559823231,
    "totalOtherIncomeExpensesNet": -256000,
    "incomeBeforeTax": -32880000,
    "incomeBeforeTaxRatio": -0.3587757106,
    "incomeTaxExpense": 135000,
    "netIncome": -33015000,
    "netIncomeRatio": -0.3602487861,
    "eps": -0.2,
    "epsdiluted": -0.2,
    "weightedAverageShsOut": 168074000,
    "weightedAverageShsOutDil": 168074000,
    "link": "https://www.sec.gov/Archives/edgar/data/1327811/000119312513248710/0001193125-13-248710-index.htm",
    "finalLink": "https://www.sec.gov/Archives/edgar/data/1327811/000119312513248710/d519039d10q.htm"
  },
  {
    "date": "2013-01-31",
    "symbol": "WDAY",
    "reportedCurrency": "USD",
    "cik": "0001327811",
    "fillingDate": "2013-03-22",
    "acceptedDate": "2013-03-22 16:54:25",
    "calendarYear": "2013",
    "period": "Q4",
    "revenue": 81519000,
    "costOfRevenue": 32986000,
    "grossProfit": 48533000,
    "grossProfitRatio": 0.5953581374,
    "researchAndDevelopmentExpenses": 30252000,
    "generalAndAdministrativeExpenses": 12570000,
    "sellingAndMarketingExpenses": 36389000,
    "sellingGeneralAndAdministrativeExpenses": 48959000,
    "otherExpenses": -167000,
    "operatingExpenses": 79211000,
    "costAndExpenses": 112197000,
    "interestIncome": 0,
    "interestExpense": 0,
    "depreciationAndAmortization": 5784000,
    "ebitda": -24894000,
    "ebitdaratio": -0.3053766607,
    "operatingIncome": -30678000,
    "operatingIncomeRatio": -0.3763294447,
    "totalOtherIncomeExpensesNet": -167000,
    "incomeBeforeTax": -30845000,
    "incomeBeforeTaxRatio": -0.3783780468,
    "incomeTaxExpense": 99000,
    "netIncome": -30944000,
    "netIncomeRatio": -0.3795924876,
    "eps": -0.19,
    "epsdiluted": -0.19,
    "weightedAverageShsOut": 161916000,
    "weightedAverageShsOutDil": 161916000,
    "link": "https://www.sec.gov/Archives/edgar/data/1327811/000119312513122351/0001193125-13-122351-index.htm",
    "finalLink": "https://www.sec.gov/Archives/edgar/data/1327811/000119312513122351/d448150d10k.htm"
  },
  {
    "date": "2012-10-31",
    "symbol": "WDAY",
    "reportedCurrency": "USD",
    "cik": "0001327811",
    "fillingDate": "2012-12-07",
    "acceptedDate": "2012-12-07 17:14:04",
    "calendarYear": "2013",
    "period": "Q3",
    "revenue": 72618000,
    "costOfRevenue": 30194000,
    "grossProfit": 42424000,
    "grossProfitRatio": 0.5842077722,
    "researchAndDevelopmentExpenses": 28075000,
    "generalAndAdministrativeExpenses": 22633000,
    "sellingAndMarketingExpenses": 32584000,
    "sellingGeneralAndAdministrativeExpenses": 55217000,
    "otherExpenses": 0,
    "operatingExpenses": 83292000,
    "costAndExpenses": 113486000,
    "interestIncome": 0,
    "interestExpense": 0,
    "depreciationAndAmortization": 4461000,
    "ebitda": -36340000,
    "ebitdaratio": -0.5004268914,
    "operatingIncome": -40868000,
    "operatingIncomeRatio": -0.5627805778,
    "totalOtherIncomeExpensesNet": -364000,
    "incomeBeforeTax": -41232000,
    "incomeBeforeTaxRatio": -0.5677931091,
    "incomeTaxExpense": 78000,
    "netIncome": -41310000,
    "netIncomeRatio": -0.568867223,
    "eps": -0.26,
    "epsdiluted": -0.26,
    "weightedAverageShsOut": 161103016,
    "weightedAverageShsOutDil": 161103016,
    "link": "https://www.sec.gov/Archives/edgar/data/1327811/000119312512495545/0001193125-12-495545-index.htm",
    "finalLink": "https://www.sec.gov/Archives/edgar/data/1327811/000119312512495545/d411267d10q.htm"
  },
  {
    "date": "2012-07-31",
    "symbol": "WDAY",
    "reportedCurrency": "USD",
    "cik": "0001327811",
    "fillingDate": "2012-07-31",
    "acceptedDate": "2012-07-31 00:00:00",
    "calendarYear": "2013",
    "period": "Q2",
    "revenue": 62702000,
    "costOfRevenue": 28265000,
    "grossProfit": 34437000,
    "grossProfitRatio": 0.5492169309,
    "researchAndDevelopmentExpenses": 23552000,
    "generalAndAdministrativeExpenses": 7616000,
    "sellingAndMarketingExpenses": 29629000,
    "sellingGeneralAndAdministrativeExpenses": 37245000,
    "otherExpenses": -394000,
    "operatingExpenses": 60797000,
    "costAndExpenses": 89062000,
    "interestIncome": 63000,
    "interestExpense": 306000,
    "depreciationAndAmortization": 3943000,
    "ebitda": -22748000,
    "ebitdaratio": -0.3627954451,
    "operatingIncome": -26360000,
    "operatingIncomeRatio": -0.4204012631,
    "totalOtherIncomeExpensesNet": -637000,
    "incomeBeforeTax": -26997000,
    "incomeBeforeTaxRatio": -0.4305604287,
    "incomeTaxExpense": -116000,
    "netIncome": -26881000,
    "netIncomeRatio": -0.428710408,
    "eps": -0.17,
    "epsdiluted": -0.17,
    "weightedAverageShsOut": 160290031,
    "weightedAverageShsOutDil": 160290031,
    "link": null,
    "finalLink": null
  },
  {
    "date": "2012-04-30",
    "symbol": "WDAY",
    "reportedCurrency": "USD",
    "cik": "0001327811",
    "fillingDate": "2012-04-30",
    "acceptedDate": "2012-04-30 00:00:00",
    "calendarYear": "2013",
    "period": "Q1",
    "revenue": 56818000,
    "costOfRevenue": 25090000,
    "grossProfit": 31728000,
    "grossProfitRatio": 0.5584145869,
    "researchAndDevelopmentExpenses": 20786000,
    "generalAndAdministrativeExpenses": 6061000,
    "sellingAndMarketingExpenses": 24838000,
    "sellingGeneralAndAdministrativeExpenses": 30899000,
    "otherExpenses": -35000,
    "operatingExpenses": 51685000,
    "costAndExpenses": 76775000,
    "interestIncome": 0,
    "interestExpense": 0,
    "depreciationAndAmortization": 3534000,
    "ebitda": -16423000,
    "ebitdaratio": -0.2890457249,
    "operatingIncome": -19957000,
    "operatingIncomeRatio": -0.351244324,
    "totalOtherIncomeExpensesNet": -35000,
    "incomeBeforeTax": -19992000,
    "incomeBeforeTaxRatio": -0.351860326,
    "incomeTaxExpense": 63000,
    "netIncome": -20055000,
    "netIncomeRatio": -0.3529691295,
    "eps": -0.0878,
    "epsdiluted": -0.0878,
    "weightedAverageShsOut": 228461000,
    "weightedAverageShsOutDil": 228461000,
    "link": null,
    "finalLink": null
  },
  {
    "date": "2012-01-31",
    "symbol": "WDAY",
    "reportedCurrency": "USD",
    "cik": "0001327811",
    "fillingDate": "2012-01-31",
    "acceptedDate": "2012-01-31 00:00:00",
    "calendarYear": "2012",
    "period": "Q4",
    "revenue": 43158000,
    "costOfRevenue": 20330000,
    "grossProfit": 22828000,
    "grossProfitRatio": 0.5289401733,
    "researchAndDevelopmentExpenses": 18287000,
    "generalAndAdministrativeExpenses": 5050000,
    "sellingAndMarketingExpenses": 22582000,
    "sellingGeneralAndAdministrativeExpenses": 27632000,
    "otherExpenses": 0,
    "operatingExpenses": 45919000,
    "costAndExpenses": 66249000,
    "interestIncome": 0,
    "interestExpense": 0,
    "depreciationAndAmortization": 3069000,
    "ebitda": -20064000,
    "ebitdaratio": -0.4648964271,
    "operatingIncome": -23091000,
    "operatingIncomeRatio": -0.5350340609,
    "totalOtherIncomeExpensesNet": -444000,
    "incomeBeforeTax": -23535000,
    "incomeBeforeTaxRatio": -0.5453218407,
    "incomeTaxExpense": 51000,
    "netIncome": -23586000,
    "netIncomeRatio": -0.5465035451,
    "eps": -0.1,
    "epsdiluted": -0.1,
    "weightedAverageShsOut": 226071000,
    "weightedAverageShsOutDil": 226071000,
    "link": null,
    "finalLink": null
  },
  {
    "date": "2011-10-31",
    "symbol": "WDAY",
    "reportedCurrency": "USD",
    "cik": "0001327811",
    "fillingDate": "2011-10-31",
    "acceptedDate": "2011-10-31 00:00:00",
    "calendarYear": "2012",
    "period": "Q3",
    "revenue": 36450000,
    "costOfRevenue": 17679000,
    "grossProfit": 18771000,
    "grossProfitRatio": 0.5149794239,
    "researchAndDevelopmentExpenses": 16404000,
    "generalAndAdministrativeExpenses": 3594000,
    "sellingAndMarketingExpenses": 18215000,
    "sellingGeneralAndAdministrativeExpenses": 21809000,
    "otherExpenses": 0,
    "operatingExpenses": 38213000,
    "costAndExpenses": 55892000,
    "interestIncome": 0,
    "interestExpense": 0,
    "depreciationAndAmortization": 2522000,
    "ebitda": -16920000,
    "ebitdaratio": -0.4641975309,
    "operatingIncome": -19442000,
    "operatingIncomeRatio": -0.533388203,
    "totalOtherIncomeExpensesNet": -243000,
    "incomeBeforeTax": -19685000,
    "incomeBeforeTaxRatio": -0.5400548697,
    "incomeTaxExpense": 46000,
    "netIncome": -19731000,
    "netIncomeRatio": -0.5413168724,
    "eps": -0.0864,
    "epsdiluted": -0.0864,
    "weightedAverageShsOut": 228461000,
    "weightedAverageShsOutDil": 228461000,
    "link": null,
    "finalLink": null
  }
]