[
  {
    "date": "2025-06-27",
    "symbol": "WDC",
    "reportedCurrency": "USD",
    "cik": "0000106040",
    "fillingDate": "2025-08-14",
    "acceptedDate": "2025-08-13 20:28:03",
    "calendarYear": "2025",
    "period": "Q4",
    "revenue": 2605000000,
    "costOfRevenue": 1538000000,
    "grossProfit": 1067000000,
    "grossProfitRatio": 0.409596929,
    "researchAndDevelopmentExpenses": 262000000,
    "generalAndAdministrativeExpenses": 0,
    "sellingAndMarketingExpenses": 0,
    "sellingGeneralAndAdministrativeExpenses": 124000000,
    "otherExpenses": 1000000,
    "operatingExpenses": 387000000,
    "costAndExpenses": 1925000000,
    "interestIncome": 20000000,
    "interestExpense": 74000000,
    "depreciationAndAmortization": 86000000,
    "ebitda": 507000000,
    "ebitdaratio": 0.1946257198,
    "operatingIncome": 680000000,
    "operatingIncomeRatio": 0.2610364683,
    "totalOtherIncomeExpensesNet": -333000000,
    "incomeBeforeTax": 347000000,
    "incomeBeforeTaxRatio": 0.1332053743,
    "incomeTaxExpense": 95000000,
    "netIncome": 257000000,
    "netIncomeRatio": 0.0986564299,
    "eps": 0,
    "epsdiluted": 0,
    "weightedAverageShsOut": 348000000,
    "weightedAverageShsOutDil": 362000000,
    "link": "https://www.sec.gov/Archives/edgar/data/106040/000010604025000038/0000106040-25-000038-index.htm",
    "finalLink": "https://www.sec.gov/Archives/edgar/data/106040/000010604025000038/wdc-20250627.htm"
  },
  {
    "date": "2025-03-28",
    "symbol": "WDC",
    "reportedCurrency": "USD",
    "cik": "0000106040",
    "fillingDate": "2025-05-02",
    "acceptedDate": "2025-05-02 16:34:25",
    "calendarYear": "2025",
    "period": "Q3",
    "revenue": 2294000000,
    "costOfRevenue": 1382000000,
    "grossProfit": 912000000,
    "grossProfitRatio": 0.3975588492,
    "researchAndDevelopmentExpenses": 245000000,
    "generalAndAdministrativeExpenses": 0,
    "sellingAndMarketingExpenses": 0,
    "sellingGeneralAndAdministrativeExpenses": 108000000,
    "otherExpenses": -201000000,
    "operatingExpenses": 152000000,
    "costAndExpenses": 1534000000,
    "interestIncome": 10000000,
    "interestExpense": 91000000,
    "depreciationAndAmortization": 110000000,
    "ebitda": 275000000,
    "ebitdaratio": 0.1198779425,
    "operatingIncome": 760000000,
    "operatingIncomeRatio": 0.331299041,
    "totalOtherIncomeExpensesNet": -686000000,
    "incomeBeforeTax": 74000000,
    "incomeBeforeTaxRatio": 0.0322580645,
    "incomeTaxExpense": -698000000,
    "netIncome": 524000000,
    "netIncomeRatio": 0.2284219704,
    "eps": 1.46,
    "epsdiluted": 1.42,
    "weightedAverageShsOut": 348000000,
    "weightedAverageShsOutDil": 358000000,
    "link": "https://www.sec.gov/Archives/edgar/data/106040/000010604025000026/0000106040-25-000026-index.htm",
    "finalLink": "https://www.sec.gov/Archives/edgar/data/106040/000010604025000026/wdc-20250328.htm"
  },
  {
    "date": "2024-12-27",
    "symbol": "WDC",
    "reportedCurrency": "USD",
    "cik": "0000106040",
    "fillingDate": "2025-01-31",
    "acceptedDate": "2025-01-30 19:53:33",
    "calendarYear": "2025",
    "period": "Q2",
    "revenue": 4285000000,
    "costOfRevenue": 2769000000,
    "grossProfit": 1516000000,
    "grossProfitRatio": 0.3537922987,
    "researchAndDevelopmentExpenses": 502000000,
    "generalAndAdministrativeExpenses": 0,
    "sellingAndMarketingExpenses": 0,
    "sellingGeneralAndAdministrativeExpenses": 238000000,
    "otherExpenses": -76000000,
    "operatingExpenses": 664000000,
    "costAndExpenses": 3433000000,
    "interestIncome": 11000000,
    "interestExpense": 95000000,
    "depreciationAndAmortization": 120000000,
    "ebitda": 956000000,
    "ebitdaratio": 0.2231038506,
    "operatingIncome": 852000000,
    "operatingIncomeRatio": 0.1988331389,
    "totalOtherIncomeExpensesNet": -111000000,
    "incomeBeforeTax": 741000000,
    "incomeBeforeTaxRatio": 0.1729288215,
    "incomeTaxExpense": 147000000,
    "netIncome": 594000000,
    "netIncomeRatio": 0.1386231039,
    "eps": 1.68,
    "epsdiluted": 1.63,
    "weightedAverageShsOut": 346000000,
    "weightedAverageShsOutDil": 357000000,
    "link": "https://www.sec.gov/Archives/edgar/data/106040/000010604025000008/0000106040-25-000008-index.htm",
    "finalLink": "https://www.sec.gov/Archives/edgar/data/106040/000010604025000008/wdc-20241227.htm"
  },
  {
    "date": "2024-09-27",
    "symbol": "WDC",
    "reportedCurrency": "USD",
    "cik": "0000106040",
    "fillingDate": "2024-10-31",
    "acceptedDate": "2024-10-30 19:49:57",
    "calendarYear": "2025",
    "period": "Q1",
    "revenue": 4095000000,
    "costOfRevenue": 2544000000,
    "grossProfit": 1551000000,
    "grossProfitRatio": 0.3787545788,
    "researchAndDevelopmentExpenses": 519000000,
    "generalAndAdministrativeExpenses": 0,
    "sellingAndMarketingExpenses": 0,
    "sellingGeneralAndAdministrativeExpenses": 242000000,
    "otherExpenses": 48000000,
    "operatingExpenses": 809000000,
    "costAndExpenses": 3353000000,
    "interestIncome": 9000000,
    "interestExpense": 99000000,
    "depreciationAndAmortization": 135000000,
    "ebitda": 862000000,
    "ebitdaratio": 0.2105006105,
    "operatingIncome": 742000000,
    "operatingIncomeRatio": 0.1811965812,
    "totalOtherIncomeExpensesNet": -114000000,
    "incomeBeforeTax": 628000000,
    "incomeBeforeTaxRatio": 0.1533577534,
    "incomeTaxExpense": 135000000,
    "netIncome": 493000000,
    "netIncomeRatio": 0.1203907204,
    "eps": 1.4,
    "epsdiluted": 1.35,
    "weightedAverageShsOut": 344000000,
    "weightedAverageShsOutDil": 357000000,
    "link": "https://www.sec.gov/Archives/edgar/data/106040/000010604024000040/0000106040-24-000040-index.htm",
    "finalLink": "https://www.sec.gov/Archives/edgar/data/106040/000010604024000040/wdc-20240927.htm"
  },
  {
    "date": "2024-06-28",
    "symbol": "WDC",
    "reportedCurrency": "USD",
    "cik": "0000106040",
    "fillingDate": "2024-08-20",
    "acceptedDate": "2024-08-19 17:39:43",
    "calendarYear": "2024",
    "period": "Q4",
    "revenue": 3764000000,
    "costOfRevenue": 2411000000,
    "grossProfit": 1353000000,
    "grossProfitRatio": 0.3594580234,
    "researchAndDevelopmentExpenses": 538000000,
    "generalAndAdministrativeExpenses": 0,
    "sellingAndMarketingExpenses": 0,
    "sellingGeneralAndAdministrativeExpenses": 220000000,
    "otherExpenses": 379000000,
    "operatingExpenses": 1137000000,
    "costAndExpenses": 3548000000,
    "interestIncome": 9000000,
    "interestExpense": 103000000,
    "depreciationAndAmortization": 138000000,
    "ebitda": 343000000,
    "ebitdaratio": 0.0911264612,
    "operatingIncome": 216000000,
    "operatingIncomeRatio": 0.0573857598,
    "totalOtherIncomeExpensesNet": -114000000,
    "incomeBeforeTax": 102000000,
    "incomeBeforeTaxRatio": 0.027098831,
    "incomeTaxExpense": 63000000,
    "netIncome": 39000000,
    "netIncomeRatio": 0.0103613177,
    "eps": 0.0871,
    "epsdiluted": 0.0871,
    "weightedAverageShsOut": 333000000,
    "weightedAverageShsOutDil": 349000000,
    "link": "https://www.sec.gov/Archives/edgar/data/106040/000010604024000031/0000106040-24-000031-index.htm",
    "finalLink": "https://www.sec.gov/Archives/edgar/data/106040/000010604024000031/wdc-20240628.htm"
  },
  {
    "date": "2024-03-29",
    "symbol": "WDC",
    "reportedCurrency": "USD",
    "cik": "0000106040",
    "fillingDate": "2024-04-30",
    "acceptedDate": "2024-04-29 18:55:39",
    "calendarYear": "2024",
    "period": "Q3",
    "revenue": 1752000000,
    "costOfRevenue": 1233000000,
    "grossProfit": 519000000,
    "grossProfitRatio": 0.2962328767,
    "researchAndDevelopmentExpenses": 243000000,
    "generalAndAdministrativeExpenses": 0,
    "sellingAndMarketingExpenses": 0,
    "sellingGeneralAndAdministrativeExpenses": 176000000,
    "otherExpenses": 6000000,
    "operatingExpenses": 425000000,
    "costAndExpenses": 1658000000,
    "interestIncome": 10000000,
    "interestExpense": 108000000,
    "depreciationAndAmortization": 140000000,
    "ebitda": 236000000,
    "ebitdaratio": 0.1347031963,
    "operatingIncome": 94000000,
    "operatingIncomeRatio": 0.053652968,
    "totalOtherIncomeExpensesNet": -106000000,
    "incomeBeforeTax": -12000000,
    "incomeBeforeTaxRatio": -0.0068493151,
    "incomeTaxExpense": -4000000,
    "netIncome": 127000000,
    "netIncomeRatio": 0.0724885845,
    "eps": 0.35,
    "epsdiluted": 0.34,
    "weightedAverageShsOut": 326000000,
    "weightedAverageShsOutDil": 335000000,
    "link": "https://www.sec.gov/Archives/edgar/data/106040/000010604024000022/0000106040-24-000022-index.htm",
    "finalLink": "https://www.sec.gov/Archives/edgar/data/106040/000010604024000022/wdc-20240329.htm"
  },
  {
    "date": "2023-12-29",
    "symbol": "WDC",
    "reportedCurrency": "USD",
    "cik": "0000106040",
    "fillingDate": "2024-02-12",
    "acceptedDate": "2024-02-12 16:29:29",
    "calendarYear": "2024",
    "period": "Q2",
    "revenue": 3032000000,
    "costOfRevenue": 2540000000,
    "grossProfit": 492000000,
    "grossProfitRatio": 0.1622691293,
    "researchAndDevelopmentExpenses": 444000000,
    "generalAndAdministrativeExpenses": 0,
    "sellingAndMarketingExpenses": 0,
    "sellingGeneralAndAdministrativeExpenses": 198000000,
    "otherExpenses": 60000000,
    "operatingExpenses": 702000000,
    "costAndExpenses": 3242000000,
    "interestIncome": 12000000,
    "interestExpense": 108000000,
    "depreciationAndAmortization": 143000000,
    "ebitda": -8000000,
    "ebitdaratio": -0.0026385224,
    "operatingIncome": -210000000,
    "operatingIncomeRatio": -0.0692612137,
    "totalOtherIncomeExpensesNet": -49000000,
    "incomeBeforeTax": -259000000,
    "incomeBeforeTaxRatio": -0.0854221636,
    "incomeTaxExpense": 28000000,
    "netIncome": -287000000,
    "netIncomeRatio": -0.0946569921,
    "eps": -0.87,
    "epsdiluted": -0.87,
    "weightedAverageShsOut": 325000000,
    "weightedAverageShsOutDil": 325000000,
    "link": "https://www.sec.gov/Archives/edgar/data/106040/000010604024000014/0000106040-24-000014-index.htm",
    "finalLink": "https://www.sec.gov/Archives/edgar/data/106040/000010604024000014/wdc-20231229.htm"
  },
  {
    "date": "2023-09-29",
    "symbol": "WDC",
    "reportedCurrency": "USD",
    "cik": "0000106040",
    "fillingDate": "2023-11-07",
    "acceptedDate": "2023-11-06 19:44:44",
    "calendarYear": "2024",
    "period": "Q1",
    "revenue": 2750000000,
    "costOfRevenue": 2651000000,
    "grossProfit": 99000000,
    "grossProfitRatio": 0.036,
    "researchAndDevelopmentExpenses": 431000000,
    "generalAndAdministrativeExpenses": 0,
    "sellingAndMarketingExpenses": 0,
    "sellingGeneralAndAdministrativeExpenses": 207000000,
    "otherExpenses": 57000000,
    "operatingExpenses": 695000000,
    "costAndExpenses": 3346000000,
    "interestIncome": 8000000,
    "interestExpense": 98000000,
    "depreciationAndAmortization": 147000000,
    "ebitda": -437000000,
    "ebitdaratio": -0.1589090909,
    "operatingIncome": -596000000,
    "operatingIncomeRatio": -0.2167272727,
    "totalOtherIncomeExpensesNet": -86000000,
    "incomeBeforeTax": -682000000,
    "incomeBeforeTaxRatio": -0.248,
    "incomeTaxExpense": 3000000,
    "netIncome": -685000000,
    "netIncomeRatio": -0.2490909091,
    "eps": -2.17,
    "epsdiluted": -2.17,
    "weightedAverageShsOut": 323000000,
    "weightedAverageShsOutDil": 323000000,
    "link": "https://www.sec.gov/Archives/edgar/data/106040/000010604023000034/0000106040-23-000034-index.htm",
    "finalLink": "https://www.sec.gov/Archives/edgar/data/106040/000010604023000034/wdc-20230929.htm"
  },
  {
    "date": "2023-06-30",
    "symbol": "WDC",
    "reportedCurrency": "USD",
    "cik": "0000106040",
    "fillingDate": "2023-08-22",
    "acceptedDate": "2023-08-21 19:53:42",
    "calendarYear": "2023",
    "period": "Q4",
    "revenue": 2672000000,
    "costOfRevenue": 2580000000,
    "grossProfit": 92000000,
    "grossProfitRatio": 0.0344311377,
    "researchAndDevelopmentExpenses": 458000000,
    "generalAndAdministrativeExpenses": 0,
    "sellingAndMarketingExpenses": 0,
    "sellingGeneralAndAdministrativeExpenses": 231000000,
    "otherExpenses": 53000000,
    "operatingExpenses": 742000000,
    "costAndExpenses": 3322000000,
    "interestIncome": 9000000,
    "interestExpense": 89000000,
    "depreciationAndAmortization": 185000000,
    "ebitda": -456000000,
    "ebitdaratio": -0.1706586826,
    "operatingIncome": -650000000,
    "operatingIncomeRatio": -0.2432634731,
    "totalOtherIncomeExpensesNet": -80000000,
    "incomeBeforeTax": -730000000,
    "incomeBeforeTaxRatio": -0.2732035928,
    "incomeTaxExpense": -15000000,
    "netIncome": -715000000,
    "netIncomeRatio": -0.2675898204,
    "eps": -2.27,
    "epsdiluted": -2.27,
    "weightedAverageShsOut": 321000000,
    "weightedAverageShsOutDil": 321000000,
    "link": "https://www.sec.gov/Archives/edgar/data/106040/000010604023000024/0000106040-23-000024-index.htm",
    "finalLink": "https://www.sec.gov/Archives/edgar/data/106040/000010604023000024/wdc-20230630.htm"
  },
  {
    "date": "2023-03-31",
    "symbol": "WDC",
    "reportedCurrency": "USD",
    "cik": "0000106040",
    "fillingDate": "2023-05-10",
    "acceptedDate": "2023-05-10 13:41:02",
    "calendarYear": "2023",
    "period": "Q3",
    "revenue": 2803000000,
    "costOfRevenue": 2517000000,
    "grossProfit": 286000000,
    "grossProfitRatio": 0.1020335355,
    "researchAndDevelopmentExpenses": 476000000,
    "generalAndAdministrativeExpenses": 0,
    "sellingAndMarketingExpenses": 0,
    "sellingGeneralAndAdministrativeExpenses": 242000000,
    "otherExpenses": 40000000,
    "operatingExpenses": 758000000,
    "costAndExpenses": 3275000000,
    "interestIncome": 10000000,
    "interestExpense": 80000000,
    "depreciationAndAmortization": 213000000,
    "ebitda": -235000000,
    "ebitdaratio": -0.0838387442,
    "operatingIncome": -472000000,
    "operatingIncomeRatio": -0.1683910096,
    "totalOtherIncomeExpensesNet": -56000000,
    "incomeBeforeTax": -528000000,
    "incomeBeforeTaxRatio": -0.188369604,
    "incomeTaxExpense": 43000000,
    "netIncome": -571000000,
    "netIncomeRatio": -0.2037103104,
    "eps": -1.82,
    "epsdiluted": -1.82,
    "weightedAverageShsOut": 319000000,
    "weightedAverageShsOutDil": 319000000,
    "link": "https://www.sec.gov/Archives/edgar/data/106040/000010604023000017/0000106040-23-000017-index.htm",
    "finalLink": "https://www.sec.gov/Archives/edgar/data/106040/000010604023000017/wdc-20230331.htm"
  },
  {
    "date": "2022-12-30",
    "symbol": "WDC",
    "reportedCurrency": "USD",
    "cik": "0000106040",
    "fillingDate": "2023-02-03",
    "acceptedDate": "2023-02-02 18:36:21",
    "calendarYear": "2023",
    "period": "Q2",
    "revenue": 3107000000,
    "costOfRevenue": 2579000000,
    "grossProfit": 528000000,
    "grossProfitRatio": 0.1699388478,
    "researchAndDevelopmentExpenses": 523000000,
    "generalAndAdministrativeExpenses": 0,
    "sellingAndMarketingExpenses": 0,
    "sellingGeneralAndAdministrativeExpenses": 250000000,
    "otherExpenses": 76000000,
    "operatingExpenses": 849000000,
    "costAndExpenses": 3428000000,
    "interestIncome": 3000000,
    "interestExpense": 73000000,
    "depreciationAndAmortization": 214000000,
    "ebitda": -94000000,
    "ebitdaratio": -0.0302542646,
    "operatingIncome": -321000000,
    "operatingIncomeRatio": -0.1033150949,
    "totalOtherIncomeExpensesNet": -60000000,
    "incomeBeforeTax": -381000000,
    "incomeBeforeTaxRatio": -0.1226263276,
    "incomeTaxExpense": 70000000,
    "netIncome": -451000000,
    "netIncomeRatio": -0.1451560991,
    "eps": -1.4,
    "epsdiluted": -1.4,
    "weightedAverageShsOut": 318000000,
    "weightedAverageShsOutDil": 318000000,
    "link": "https://www.sec.gov/Archives/edgar/data/106040/000010604023000010/0000106040-23-000010-index.htm",
    "finalLink": "https://www.sec.gov/Archives/edgar/data/106040/000010604023000010/wdc-20221230.htm"
  },
  {
    "date": "2022-09-30",
    "symbol": "WDC",
    "reportedCurrency": "USD",
    "cik": "0000106040",
    "fillingDate": "2022-11-02",
    "acceptedDate": "2022-11-02 16:12:56",
    "calendarYear": "2023",
    "period": "Q1",
    "revenue": 3736000000,
    "costOfRevenue": 2755000000,
    "grossProfit": 981000000,
    "grossProfitRatio": 0.2625802998,
    "researchAndDevelopmentExpenses": 552000000,
    "generalAndAdministrativeExpenses": 0,
    "sellingAndMarketingExpenses": 0,
    "sellingGeneralAndAdministrativeExpenses": 247000000,
    "otherExpenses": 24000000,
    "operatingExpenses": 823000000,
    "costAndExpenses": 3578000000,
    "interestIncome": 2000000,
    "interestExpense": 70000000,
    "depreciationAndAmortization": 216000000,
    "ebitda": 370000000,
    "ebitdaratio": 0.0990364026,
    "operatingIncome": 158000000,
    "operatingIncomeRatio": 0.0422912206,
    "totalOtherIncomeExpensesNet": -74000000,
    "incomeBeforeTax": 84000000,
    "incomeBeforeTaxRatio": 0.02248394,
    "incomeTaxExpense": 57000000,
    "netIncome": 27000000,
    "netIncomeRatio": 0.0072269807,
    "eps": 0.0854,
    "epsdiluted": 0.0846,
    "weightedAverageShsOut": 316000000,
    "weightedAverageShsOutDil": 319000000,
    "link": "https://www.sec.gov/Archives/edgar/data/106040/000010604022000065/0000106040-22-000065-index.htm",
    "finalLink": "https://www.sec.gov/Archives/edgar/data/106040/000010604022000065/wdc-20220930.htm"
  },
  {
    "date": "2022-07-01",
    "symbol": "WDC",
    "reportedCurrency": "USD",
    "cik": "0000106040",
    "fillingDate": "2022-08-25",
    "acceptedDate": "2022-08-24 20:22:12",
    "calendarYear": "2022",
    "period": "Q4",
    "revenue": 4528000000,
    "costOfRevenue": 3083000000,
    "grossProfit": 1445000000,
    "grossProfitRatio": 0.3191254417,
    "researchAndDevelopmentExpenses": 598000000,
    "generalAndAdministrativeExpenses": 0,
    "sellingAndMarketingExpenses": 0,
    "sellingGeneralAndAdministrativeExpenses": 266000000,
    "otherExpenses": 19000000,
    "operatingExpenses": 883000000,
    "costAndExpenses": 3966000000,
    "interestIncome": 2000000,
    "interestExpense": 75000000,
    "depreciationAndAmortization": 221000000,
    "ebitda": 807000000,
    "ebitdaratio": 0.1782243816,
    "operatingIncome": 562000000,
    "operatingIncomeRatio": 0.1241166078,
    "totalOtherIncomeExpensesNet": -51000000,
    "incomeBeforeTax": 511000000,
    "incomeBeforeTaxRatio": 0.1128533569,
    "incomeTaxExpense": 210000000,
    "netIncome": 301000000,
    "netIncomeRatio": 0.066475265,
    "eps": 0.96,
    "epsdiluted": 0.95,
    "weightedAverageShsOut": 314000000,
    "weightedAverageShsOutDil": 318000000,
    "link": "https://www.sec.gov/Archives/edgar/data/106040/000010604022000055/0000106040-22-000055-index.htm",
    "finalLink": "https://www.sec.gov/Archives/edgar/data/106040/000010604022000055/wdc-20220701.htm"
  },
  {
    "date": "2022-04-01",
    "symbol": "WDC",
    "reportedCurrency": "USD",
    "cik": "0000106040",
    "fillingDate": "2022-05-04",
    "acceptedDate": "2022-05-04 16:09:03",
    "calendarYear": "2022",
    "period": "Q3",
    "revenue": 4381000000,
    "costOfRevenue": 3200000000,
    "grossProfit": 1181000000,
    "grossProfitRatio": 0.2695731568,
    "researchAndDevelopmentExpenses": 572000000,
    "generalAndAdministrativeExpenses": 0,
    "sellingAndMarketingExpenses": 0,
    "sellingGeneralAndAdministrativeExpenses": 281000000,
    "otherExpenses": 4000000,
    "operatingExpenses": 857000000,
    "costAndExpenses": 4057000000,
    "interestIncome": 1000000,
    "interestExpense": 75000000,
    "depreciationAndAmortization": 216000000,
    "ebitda": 553000000,
    "ebitdaratio": 0.1262268888,
    "operatingIncome": 324000000,
    "operatingIncomeRatio": 0.0739557179,
    "totalOtherIncomeExpensesNet": -62000000,
    "incomeBeforeTax": 262000000,
    "incomeBeforeTaxRatio": 0.0598036978,
    "incomeTaxExpense": 237000000,
    "netIncome": 25000000,
    "netIncomeRatio": 0.0057064597,
    "eps": 0.08,
    "epsdiluted": 0.08,
    "weightedAverageShsOut": 313000000,
    "weightedAverageShsOutDil": 316000000,
    "link": "https://www.sec.gov/Archives/edgar/data/106040/000010604022000040/0000106040-22-000040-index.htm",
    "finalLink": "https://www.sec.gov/Archives/edgar/data/106040/000010604022000040/wdc-20220401.htm"
  },
  {
    "date": "2021-12-31",
    "symbol": "WDC",
    "reportedCurrency": "USD",
    "cik": "0000106040",
    "fillingDate": "2022-02-03",
    "acceptedDate": "2022-02-03 16:05:52",
    "calendarYear": "2022",
    "period": "Q2",
    "revenue": 4833000000,
    "costOfRevenue": 3250000000,
    "grossProfit": 1583000000,
    "grossProfitRatio": 0.3275398303,
    "researchAndDevelopmentExpenses": 575000000,
    "generalAndAdministrativeExpenses": 0,
    "sellingAndMarketingExpenses": 0,
    "sellingGeneralAndAdministrativeExpenses": 279000000,
    "otherExpenses": 2000000,
    "operatingExpenses": 856000000,
    "costAndExpenses": 4106000000,
    "interestIncome": 1000000,
    "interestExpense": 76000000,
    "depreciationAndAmortization": 242000000,
    "ebitda": 964000000,
    "ebitdaratio": 0.1994620319,
    "operatingIncome": 727000000,
    "operatingIncomeRatio": 0.1504241672,
    "totalOtherIncomeExpensesNet": -81000000,
    "incomeBeforeTax": 646000000,
    "incomeBeforeTaxRatio": 0.1336643906,
    "incomeTaxExpense": 82000000,
    "netIncome": 564000000,
    "netIncomeRatio": 0.1166977033,
    "eps": 1.81,
    "epsdiluted": 1.79,
    "weightedAverageShsOut": 312000000,
    "weightedAverageShsOutDil": 315000000,
    "link": "https://www.sec.gov/Archives/edgar/data/106040/000010604022000018/0000106040-22-000018-index.htm",
    "finalLink": "https://www.sec.gov/Archives/edgar/data/106040/000010604022000018/wdc-20211231.htm"
  },
  {
    "date": "2021-10-01",
    "symbol": "WDC",
    "reportedCurrency": "USD",
    "cik": "0000106040",
    "fillingDate": "2021-11-04",
    "acceptedDate": "2021-11-04 16:04:21",
    "calendarYear": "2022",
    "period": "Q1",
    "revenue": 5051000000,
    "costOfRevenue": 3386000000,
    "grossProfit": 1665000000,
    "grossProfitRatio": 0.3296376955,
    "researchAndDevelopmentExpenses": 578000000,
    "generalAndAdministrativeExpenses": 0,
    "sellingAndMarketingExpenses": 0,
    "sellingGeneralAndAdministrativeExpenses": 291000000,
    "otherExpenses": 18000000,
    "operatingExpenses": 887000000,
    "costAndExpenses": 4273000000,
    "interestIncome": 2000000,
    "interestExpense": 78000000,
    "depreciationAndAmortization": 250000000,
    "ebitda": 1032000000,
    "ebitdaratio": 0.204315977,
    "operatingIncome": 778000000,
    "operatingIncomeRatio": 0.1540289052,
    "totalOtherIncomeExpensesNet": -74000000,
    "incomeBeforeTax": 704000000,
    "incomeBeforeTaxRatio": 0.1393783409,
    "incomeTaxExpense": 94000000,
    "netIncome": 610000000,
    "netIncomeRatio": 0.1207681647,
    "eps": 1.97,
    "epsdiluted": 1.93,
    "weightedAverageShsOut": 310000000,
    "weightedAverageShsOutDil": 316000000,
    "link": "https://www.sec.gov/Archives/edgar/data/106040/000010604021000053/0000106040-21-000053-index.htm",
    "finalLink": "https://www.sec.gov/Archives/edgar/data/106040/000010604021000053/wdc-20211001.htm"
  },
  {
    "date": "2021-07-02",
    "symbol": "WDC",
    "reportedCurrency": "USD",
    "cik": "0000106040",
    "fillingDate": "2021-08-27",
    "acceptedDate": "2021-08-26 20:29:30",
    "calendarYear": "2021",
    "period": "Q4",
    "revenue": 4920000000,
    "costOfRevenue": 3354000000,
    "grossProfit": 1566000000,
    "grossProfitRatio": 0.3182926829,
    "researchAndDevelopmentExpenses": 598000000,
    "generalAndAdministrativeExpenses": 0,
    "sellingAndMarketingExpenses": 0,
    "sellingGeneralAndAdministrativeExpenses": 297000000,
    "otherExpenses": -4000000,
    "operatingExpenses": 891000000,
    "costAndExpenses": 4245000000,
    "interestIncome": 1000000,
    "interestExpense": 80000000,
    "depreciationAndAmortization": 251000000,
    "ebitda": 927000000,
    "ebitdaratio": 0.1884146341,
    "operatingIncome": 675000000,
    "operatingIncomeRatio": 0.137195122,
    "totalOtherIncomeExpensesNet": -79000000,
    "incomeBeforeTax": 596000000,
    "incomeBeforeTaxRatio": 0.1211382114,
    "incomeTaxExpense": -26000000,
    "netIncome": 622000000,
    "netIncomeRatio": 0.1264227642,
    "eps": 2.03,
    "epsdiluted": 1.97,
    "weightedAverageShsOut": 307000000,
    "weightedAverageShsOutDil": 315000000,
    "link": "https://www.sec.gov/Archives/edgar/data/106040/000010604021000040/0000106040-21-000040-index.htm",
    "finalLink": "https://www.sec.gov/Archives/edgar/data/106040/000010604021000040/wdc-20210702.htm"
  },
  {
    "date": "2021-04-02",
    "symbol": "WDC",
    "reportedCurrency": "USD",
    "cik": "0000106040",
    "fillingDate": "2021-05-06",
    "acceptedDate": "2021-05-06 17:27:53",
    "calendarYear": "2021",
    "period": "Q3",
    "revenue": 4137000000,
    "costOfRevenue": 3046000000,
    "grossProfit": 1091000000,
    "grossProfitRatio": 0.2637176698,
    "researchAndDevelopmentExpenses": 555000000,
    "generalAndAdministrativeExpenses": 0,
    "sellingAndMarketingExpenses": 0,
    "sellingGeneralAndAdministrativeExpenses": 287000000,
    "otherExpenses": -68000000,
    "operatingExpenses": 774000000,
    "costAndExpenses": 3820000000,
    "interestIncome": 2000000,
    "interestExpense": 81000000,
    "depreciationAndAmortization": 251000000,
    "ebitda": 581000000,
    "ebitdaratio": 0.1404399323,
    "operatingIncome": 317000000,
    "operatingIncomeRatio": 0.0766255741,
    "totalOtherIncomeExpensesNet": -68000000,
    "incomeBeforeTax": 249000000,
    "incomeBeforeTaxRatio": 0.0601885424,
    "incomeTaxExpense": 52000000,
    "netIncome": 197000000,
    "netIncomeRatio": 0.0476190476,
    "eps": 0.64,
    "epsdiluted": 0.63,
    "weightedAverageShsOut": 306000000,
    "weightedAverageShsOutDil": 313000000,
    "link": "https://www.sec.gov/Archives/edgar/data/106040/000010604021000024/0000106040-21-000024-index.htm",
    "finalLink": "https://www.sec.gov/Archives/edgar/data/106040/000010604021000024/wdc-20210402.htm"
  },
  {
    "date": "2021-01-01",
    "symbol": "WDC",
    "reportedCurrency": "USD",
    "cik": "0000106040",
    "fillingDate": "2021-02-09",
    "acceptedDate": "2021-02-09 16:17:25",
    "calendarYear": "2021",
    "period": "Q2",
    "revenue": 3943000000,
    "costOfRevenue": 2983000000,
    "grossProfit": 960000000,
    "grossProfitRatio": 0.2434694395,
    "researchAndDevelopmentExpenses": 535000000,
    "generalAndAdministrativeExpenses": 0,
    "sellingAndMarketingExpenses": 0,
    "sellingGeneralAndAdministrativeExpenses": 265000000,
    "otherExpenses": 2000000,
    "operatingExpenses": 802000000,
    "costAndExpenses": 3785000000,
    "interestIncome": 2000000,
    "interestExpense": 81000000,
    "depreciationAndAmortization": 336000000,
    "ebitda": 502000000,
    "ebitdaratio": 0.1273142277,
    "operatingIncome": 158000000,
    "operatingIncomeRatio": 0.0400710119,
    "totalOtherIncomeExpensesNet": -73000000,
    "incomeBeforeTax": 85000000,
    "incomeBeforeTaxRatio": 0.02155719,
    "incomeTaxExpense": 23000000,
    "netIncome": 62000000,
    "netIncomeRatio": 0.015724068,
    "eps": 0.2,
    "epsdiluted": 0.2,
    "weightedAverageShsOut": 305000000,
    "weightedAverageShsOutDil": 307000000,
    "link": "https://www.sec.gov/Archives/edgar/data/106040/000010604021000011/0000106040-21-000011-index.htm",
    "finalLink": "https://www.sec.gov/Archives/edgar/data/106040/000010604021000011/wdc-20210101.htm"
  },
  {
    "date": "2020-10-02",
    "symbol": "WDC",
    "reportedCurrency": "USD",
    "cik": "0000106040",
    "fillingDate": "2020-11-06",
    "acceptedDate": "2020-11-06 16:14:31",
    "calendarYear": "2021",
    "period": "Q1",
    "revenue": 3922000000,
    "costOfRevenue": 3018000000,
    "grossProfit": 904000000,
    "grossProfitRatio": 0.2304946456,
    "researchAndDevelopmentExpenses": 555000000,
    "generalAndAdministrativeExpenses": 0,
    "sellingAndMarketingExpenses": 0,
    "sellingGeneralAndAdministrativeExpenses": 256000000,
    "otherExpenses": 23000000,
    "operatingExpenses": 834000000,
    "costAndExpenses": 3852000000,
    "interestIncome": 2000000,
    "interestExpense": 84000000,
    "depreciationAndAmortization": 374000000,
    "ebitda": 455000000,
    "ebitdaratio": 0.1160122387,
    "operatingIncome": 70000000,
    "operatingIncomeRatio": 0.0178480367,
    "totalOtherIncomeExpensesNet": -73000000,
    "incomeBeforeTax": -3000000,
    "incomeBeforeTaxRatio": -0.0007649159,
    "incomeTaxExpense": 57000000,
    "netIncome": -60000000,
    "netIncomeRatio": -0.0152983172,
    "eps": -0.2,
    "epsdiluted": -0.2,
    "weightedAverageShsOut": 303000000,
    "weightedAverageShsOutDil": 303000000,
    "link": "https://www.sec.gov/Archives/edgar/data/106040/000010604020000061/0000106040-20-000061-index.htm",
    "finalLink": "https://www.sec.gov/Archives/edgar/data/106040/000010604020000061/wdc-20201002.htm"
  },
  {
    "date": "2020-07-03",
    "symbol": "WDC",
    "reportedCurrency": "USD",
    "cik": "0000106040",
    "fillingDate": "2020-08-28",
    "acceptedDate": "2020-08-27 21:53:38",
    "calendarYear": "2020",
    "period": "Q4",
    "revenue": 4287000000,
    "costOfRevenue": 3204000000,
    "grossProfit": 1083000000,
    "grossProfitRatio": 0.2526242127,
    "researchAndDevelopmentExpenses": 546000000,
    "generalAndAdministrativeExpenses": 0,
    "sellingAndMarketingExpenses": 0,
    "sellingGeneralAndAdministrativeExpenses": 269000000,
    "otherExpenses": 7000000,
    "operatingExpenses": 822000000,
    "costAndExpenses": 4026000000,
    "interestIncome": 2000000,
    "interestExpense": 87000000,
    "depreciationAndAmortization": 377000000,
    "ebitda": 649000000,
    "ebitdaratio": 0.151387917,
    "operatingIncome": 261000000,
    "operatingIncomeRatio": 0.0608817355,
    "totalOtherIncomeExpensesNet": -76000000,
    "incomeBeforeTax": 185000000,
    "incomeBeforeTaxRatio": 0.0431537206,
    "incomeTaxExpense": 37000000,
    "netIncome": 148000000,
    "netIncomeRatio": 0.0345229764,
    "eps": 0.49,
    "epsdiluted": 0.49,
    "weightedAverageShsOut": 300000000,
    "weightedAverageShsOutDil": 301000000,
    "link": "https://www.sec.gov/Archives/edgar/data/106040/000010604020000049/0000106040-20-000049-index.htm",
    "finalLink": "https://www.sec.gov/Archives/edgar/data/106040/000010604020000049/wdc-20200703.htm"
  },
  {
    "date": "2020-04-03",
    "symbol": "WDC",
    "reportedCurrency": "USD",
    "cik": "0000106040",
    "fillingDate": "2020-05-08",
    "acceptedDate": "2020-05-08 16:08:44",
    "calendarYear": "2020",
    "period": "Q3",
    "revenue": 4175000000,
    "costOfRevenue": 3170000000,
    "grossProfit": 1005000000,
    "grossProfitRatio": 0.2407185629,
    "researchAndDevelopmentExpenses": 563000000,
    "generalAndAdministrativeExpenses": 0,
    "sellingAndMarketingExpenses": 0,
    "sellingGeneralAndAdministrativeExpenses": 281000000,
    "otherExpenses": 8000000,
    "operatingExpenses": 852000000,
    "costAndExpenses": 4022000000,
    "interestIncome": 6000000,
    "interestExpense": 99000000,
    "depreciationAndAmortization": 384000000,
    "ebitda": 529000000,
    "ebitdaratio": 0.1267065868,
    "operatingIncome": 153000000,
    "operatingIncomeRatio": 0.0366467066,
    "totalOtherIncomeExpensesNet": -107000000,
    "incomeBeforeTax": 46000000,
    "incomeBeforeTaxRatio": 0.0110179641,
    "incomeTaxExpense": 29000000,
    "netIncome": 17000000,
    "netIncomeRatio": 0.0040718563,
    "eps": 0.06,
    "epsdiluted": 0.06,
    "weightedAverageShsOut": 299000000,
    "weightedAverageShsOutDil": 303000000,
    "link": "https://www.sec.gov/Archives/edgar/data/106040/000010604020000024/0000106040-20-000024-index.htm",
    "finalLink": "https://www.sec.gov/Archives/edgar/data/106040/000010604020000024/wdc-20200403.htm"
  },
  {
    "date": "2020-01-03",
    "symbol": "WDC",
    "reportedCurrency": "USD",
    "cik": "0000106040",
    "fillingDate": "2020-02-11",
    "acceptedDate": "2020-02-10 17:35:04",
    "calendarYear": "2020",
    "period": "Q2",
    "revenue": 4234000000,
    "costOfRevenue": 3299000000,
    "grossProfit": 935000000,
    "grossProfitRatio": 0.2208313651,
    "researchAndDevelopmentExpenses": 578000000,
    "generalAndAdministrativeExpenses": 0,
    "sellingAndMarketingExpenses": 0,
    "sellingGeneralAndAdministrativeExpenses": 298000000,
    "otherExpenses": 9000000,
    "operatingExpenses": 885000000,
    "costAndExpenses": 4184000000,
    "interestIncome": 8000000,
    "interestExpense": 105000000,
    "depreciationAndAmortization": 399000000,
    "ebitda": 464000000,
    "ebitdaratio": 0.1095890411,
    "operatingIncome": 50000000,
    "operatingIncomeRatio": 0.0118091639,
    "totalOtherIncomeExpensesNet": -90000000,
    "incomeBeforeTax": -40000000,
    "incomeBeforeTaxRatio": -0.0094473311,
    "incomeTaxExpense": 99000000,
    "netIncome": -139000000,
    "netIncomeRatio": -0.0328294757,
    "eps": -0.47,
    "epsdiluted": -0.47,
    "weightedAverageShsOut": 298000000,
    "weightedAverageShsOutDil": 298000000,
    "link": "https://www.sec.gov/Archives/edgar/data/106040/000010604020000011/0000106040-20-000011-index.htm",
    "finalLink": "https://www.sec.gov/Archives/edgar/data/106040/000010604020000011/wdc-2020q210xqdoc.htm"
  },
  {
    "date": "2019-10-04",
    "symbol": "WDC",
    "reportedCurrency": "USD",
    "cik": "0000106040",
    "fillingDate": "2019-11-12",
    "acceptedDate": "2019-11-12 17:21:18",
    "calendarYear": "2020",
    "period": "Q1",
    "revenue": 4040000000,
    "costOfRevenue": 3282000000,
    "grossProfit": 758000000,
    "grossProfitRatio": 0.1876237624,
    "researchAndDevelopmentExpenses": 574000000,
    "generalAndAdministrativeExpenses": 0,
    "sellingAndMarketingExpenses": 0,
    "sellingGeneralAndAdministrativeExpenses": 305000000,
    "otherExpenses": 8000000,
    "operatingExpenses": 887000000,
    "costAndExpenses": 4169000000,
    "interestIncome": 12000000,
    "interestExpense": 122000000,
    "depreciationAndAmortization": 406000000,
    "ebitda": 291000000,
    "ebitdaratio": 0.072029703,
    "operatingIncome": -129000000,
    "operatingIncomeRatio": -0.0319306931,
    "totalOtherIncomeExpensesNet": -108000000,
    "incomeBeforeTax": -237000000,
    "incomeBeforeTaxRatio": -0.0586633663,
    "incomeTaxExpense": 39000000,
    "netIncome": -276000000,
    "netIncomeRatio": -0.0683168317,
    "eps": -0.93,
    "epsdiluted": -0.93,
    "weightedAverageShsOut": 296000000,
    "weightedAverageShsOutDil": 296000000,
    "link": "https://www.sec.gov/Archives/edgar/data/106040/000010604019000075/0000106040-19-000075-index.htm",
    "finalLink": "https://www.sec.gov/Archives/edgar/data/106040/000010604019000075/wdc-2020q110xqdoc.htm"
  },
  {
    "date": "2019-06-28",
    "symbol": "WDC",
    "reportedCurrency": "USD",
    "cik": "0000106040",
    "fillingDate": "2019-08-27",
    "acceptedDate": "2019-08-27 14:53:35",
    "calendarYear": "2019",
    "period": "Q4",
    "revenue": 3634000000,
    "costOfRevenue": 3169000000,
    "grossProfit": 465000000,
    "grossProfitRatio": 0.1279581728,
    "researchAndDevelopmentExpenses": 523000000,
    "generalAndAdministrativeExpenses": 0,
    "sellingAndMarketingExpenses": 0,
    "sellingGeneralAndAdministrativeExpenses": 299000000,
    "otherExpenses": 24000000,
    "operatingExpenses": 846000000,
    "costAndExpenses": 4015000000,
    "interestIncome": 14000000,
    "interestExpense": 117000000,
    "depreciationAndAmortization": 416000000,
    "ebitda": 59000000,
    "ebitdaratio": 0.0162355531,
    "operatingIncome": -381000000,
    "operatingIncomeRatio": -0.104843148,
    "totalOtherIncomeExpensesNet": -93000000,
    "incomeBeforeTax": -474000000,
    "incomeBeforeTaxRatio": -0.1304347826,
    "incomeTaxExpense": -277000000,
    "netIncome": -197000000,
    "netIncomeRatio": -0.0542102367,
    "eps": -0.67,
    "epsdiluted": -0.67,
    "weightedAverageShsOut": 294000000,
    "weightedAverageShsOutDil": 294000000,
    "link": "https://www.sec.gov/Archives/edgar/data/106040/000010604019000058/0000106040-19-000058-index.htm",
    "finalLink": "https://www.sec.gov/Archives/edgar/data/106040/000010604019000058/wdc-2019q410xkdoc.htm"
  },
  {
    "date": "2019-03-29",
    "symbol": "WDC",
    "reportedCurrency": "USD",
    "cik": "0000106040",
    "fillingDate": "2019-05-07",
    "acceptedDate": "2019-05-06 21:39:00",
    "calendarYear": "2019",
    "period": "Q3",
    "revenue": 3674000000,
    "costOfRevenue": 3095000000,
    "grossProfit": 579000000,
    "grossProfitRatio": 0.1575939031,
    "researchAndDevelopmentExpenses": 544000000,
    "generalAndAdministrativeExpenses": 0,
    "sellingAndMarketingExpenses": 0,
    "sellingGeneralAndAdministrativeExpenses": 353000000,
    "otherExpenses": 76000000,
    "operatingExpenses": 973000000,
    "costAndExpenses": 4068000000,
    "interestIncome": 13000000,
    "interestExpense": 118000000,
    "depreciationAndAmortization": 444000000,
    "ebitda": 85000000,
    "ebitdaratio": 0.0231355471,
    "operatingIncome": -394000000,
    "operatingIncomeRatio": -0.1072400653,
    "totalOtherIncomeExpensesNet": -83000000,
    "incomeBeforeTax": -477000000,
    "incomeBeforeTaxRatio": -0.1298312466,
    "incomeTaxExpense": 104000000,
    "netIncome": -581000000,
    "netIncomeRatio": -0.1581382689,
    "eps": -1.99,
    "epsdiluted": -1.99,
    "weightedAverageShsOut": 292000000,
    "weightedAverageShsOutDil": 292000000,
    "link": "https://www.sec.gov/Archives/edgar/data/106040/000010604019000028/0000106040-19-000028-index.htm",
    "finalLink": "https://www.sec.gov/Archives/edgar/data/106040/000010604019000028/wdc-2019q310xqdoc.htm"
  },
  {
    "date": "2018-12-28",
    "symbol": "WDC",
    "reportedCurrency": "USD",
    "cik": "0000106040",
    "fillingDate": "2019-02-05",
    "acceptedDate": "2019-02-04 20:16:04",
    "calendarYear": "2019",
    "period": "Q2",
    "revenue": 4233000000,
    "costOfRevenue": 3189000000,
    "grossProfit": 1044000000,
    "grossProfitRatio": 0.2466335932,
    "researchAndDevelopmentExpenses": 539000000,
    "generalAndAdministrativeExpenses": 0,
    "sellingAndMarketingExpenses": 0,
    "sellingGeneralAndAdministrativeExpenses": 309000000,
    "otherExpenses": 20000000,
    "operatingExpenses": 868000000,
    "costAndExpenses": 4057000000,
    "interestIncome": 15000000,
    "interestExpense": 118000000,
    "depreciationAndAmortization": 472000000,
    "ebitda": 671000000,
    "ebitdaratio": 0.1585164186,
    "operatingIncome": 176000000,
    "operatingIncomeRatio": 0.041578077,
    "totalOtherIncomeExpensesNet": -95000000,
    "incomeBeforeTax": 81000000,
    "incomeBeforeTaxRatio": 0.019135365,
    "incomeTaxExpense": 568000000,
    "netIncome": -487000000,
    "netIncomeRatio": -0.115048429,
    "eps": -1.68,
    "epsdiluted": -1.68,
    "weightedAverageShsOut": 290000000,
    "weightedAverageShsOutDil": 290000000,
    "link": "https://www.sec.gov/Archives/edgar/data/106040/000010604019000009/0000106040-19-000009-index.htm",
    "finalLink": "https://www.sec.gov/Archives/edgar/data/106040/000010604019000009/wdc-2019q210xqdoc.htm"
  },
  {
    "date": "2018-09-28",
    "symbol": "WDC",
    "reportedCurrency": "USD",
    "cik": "0000106040",
    "fillingDate": "2018-11-06",
    "acceptedDate": "2018-11-05 20:47:13",
    "calendarYear": "2019",
    "period": "Q1",
    "revenue": 5028000000,
    "costOfRevenue": 3364000000,
    "grossProfit": 1664000000,
    "grossProfitRatio": 0.3309466985,
    "researchAndDevelopmentExpenses": 576000000,
    "generalAndAdministrativeExpenses": 0,
    "sellingAndMarketingExpenses": 0,
    "sellingGeneralAndAdministrativeExpenses": 356000000,
    "otherExpenses": 46000000,
    "operatingExpenses": 978000000,
    "costAndExpenses": 4342000000,
    "interestIncome": 15000000,
    "interestExpense": 116000000,
    "depreciationAndAmortization": 480000000,
    "ebitda": 1179000000,
    "ebitdaratio": 0.2344868735,
    "operatingIncome": 686000000,
    "operatingIncomeRatio": 0.1364359586,
    "totalOtherIncomeExpensesNet": -103000000,
    "incomeBeforeTax": 583000000,
    "incomeBeforeTaxRatio": 0.1159506762,
    "incomeTaxExpense": 72000000,
    "netIncome": 511000000,
    "netIncomeRatio": 0.1016308671,
    "eps": 1.75,
    "epsdiluted": 1.71,
    "weightedAverageShsOut": 292000000,
    "weightedAverageShsOutDil": 298000000,
    "link": "https://www.sec.gov/Archives/edgar/data/106040/000010604018000034/0000106040-18-000034-index.htm",
    "finalLink": "https://www.sec.gov/Archives/edgar/data/106040/000010604018000034/wdc-2019q110xqdoc.htm"
  },
  {
    "date": "2018-06-29",
    "symbol": "WDC",
    "reportedCurrency": "USD",
    "cik": "0000106040",
    "fillingDate": "2018-08-24",
    "acceptedDate": "2018-08-24 16:45:52",
    "calendarYear": "2018",
    "period": "Q4",
    "revenue": 5117000000,
    "costOfRevenue": 3265000000,
    "grossProfit": 1852000000,
    "grossProfitRatio": 0.3619308188,
    "researchAndDevelopmentExpenses": 577000000,
    "generalAndAdministrativeExpenses": 0,
    "sellingAndMarketingExpenses": 0,
    "sellingGeneralAndAdministrativeExpenses": 352000000,
    "otherExpenses": 80000000,
    "operatingExpenses": 1009000000,
    "costAndExpenses": 4274000000,
    "interestIncome": 14000000,
    "interestExpense": 114000000,
    "depreciationAndAmortization": 489000000,
    "ebitda": 1332000000,
    "ebitdaratio": 0.2603087747,
    "operatingIncome": 843000000,
    "operatingIncomeRatio": 0.1647449678,
    "totalOtherIncomeExpensesNet": -114000000,
    "incomeBeforeTax": 729000000,
    "incomeBeforeTaxRatio": 0.1424662888,
    "incomeTaxExpense": -27000000,
    "netIncome": 756000000,
    "netIncomeRatio": 0.1477428181,
    "eps": 2.53,
    "epsdiluted": 2.46,
    "weightedAverageShsOut": 299000000,
    "weightedAverageShsOutDil": 307000000,
    "link": "https://www.sec.gov/Archives/edgar/data/106040/000010604018000029/0000106040-18-000029-index.htm",
    "finalLink": "https://www.sec.gov/Archives/edgar/data/106040/000010604018000029/wdc-2018q410xkdoc.htm"
  },
  {
    "date": "2018-03-30",
    "symbol": "WDC",
    "reportedCurrency": "USD",
    "cik": "0000106040",
    "fillingDate": "2018-05-08",
    "acceptedDate": "2018-05-07 18:27:39",
    "calendarYear": "2018",
    "period": "Q3",
    "revenue": 5013000000,
    "costOfRevenue": 3086000000,
    "grossProfit": 1927000000,
    "grossProfitRatio": 0.3844005585,
    "researchAndDevelopmentExpenses": 602000000,
    "generalAndAdministrativeExpenses": 0,
    "sellingAndMarketingExpenses": 0,
    "sellingGeneralAndAdministrativeExpenses": 376000000,
    "otherExpenses": 35000000,
    "operatingExpenses": 1013000000,
    "costAndExpenses": 4099000000,
    "interestIncome": 16000000,
    "interestExpense": 160000000,
    "depreciationAndAmortization": 499000000,
    "ebitda": 531000000,
    "ebitdaratio": 0.1059245961,
    "operatingIncome": 914000000,
    "operatingIncomeRatio": 0.1823259525,
    "totalOtherIncomeExpensesNet": -1042000000,
    "incomeBeforeTax": -128000000,
    "incomeBeforeTaxRatio": -0.0255336126,
    "incomeTaxExpense": -189000000,
    "netIncome": 61000000,
    "netIncomeRatio": 0.0121683623,
    "eps": 0.2,
    "epsdiluted": 0.2,
    "weightedAverageShsOut": 298000000,
    "weightedAverageShsOutDil": 308000000,
    "link": "https://www.sec.gov/Archives/edgar/data/106040/000010604018000016/0000106040-18-000016-index.htm",
    "finalLink": "https://www.sec.gov/Archives/edgar/data/106040/000010604018000016/wdc-2018q310xqxdoc.htm"
  },
  {
    "date": "2017-12-29",
    "symbol": "WDC",
    "reportedCurrency": "USD",
    "cik": "0000106040",
    "fillingDate": "2018-02-06",
    "acceptedDate": "2018-02-05 21:42:38",
    "calendarYear": "2018",
    "period": "Q2",
    "revenue": 5336000000,
    "costOfRevenue": 3323000000,
    "grossProfit": 2013000000,
    "grossProfitRatio": 0.3772488756,
    "researchAndDevelopmentExpenses": 629000000,
    "generalAndAdministrativeExpenses": 0,
    "sellingAndMarketingExpenses": 0,
    "sellingGeneralAndAdministrativeExpenses": 381000000,
    "otherExpenses": 48000000,
    "operatingExpenses": 1058000000,
    "costAndExpenses": 4381000000,
    "interestIncome": 14000000,
    "interestExpense": 197000000,
    "depreciationAndAmortization": 535000000,
    "ebitda": 1506000000,
    "ebitdaratio": 0.2822338831,
    "operatingIncome": 955000000,
    "operatingIncomeRatio": 0.1789730135,
    "totalOtherIncomeExpensesNet": -181000000,
    "incomeBeforeTax": 774000000,
    "incomeBeforeTaxRatio": 0.1450524738,
    "incomeTaxExpense": 1597000000,
    "netIncome": -823000000,
    "netIncomeRatio": -0.1542353823,
    "eps": -2.78,
    "epsdiluted": -2.78,
    "weightedAverageShsOut": 296000000,
    "weightedAverageShsOutDil": 296000000,
    "link": "https://www.sec.gov/Archives/edgar/data/106040/000010604018000010/0000106040-18-000010-index.htm",
    "finalLink": "https://www.sec.gov/Archives/edgar/data/106040/000010604018000010/wdc-2018q210xqxdoc.htm"
  },
  {
    "date": "2017-09-29",
    "symbol": "WDC",
    "reportedCurrency": "USD",
    "cik": "0000106040",
    "fillingDate": "2017-11-07",
    "acceptedDate": "2017-11-06 21:17:15",
    "calendarYear": "2018",
    "period": "Q1",
    "revenue": 5181000000,
    "costOfRevenue": 3268000000,
    "grossProfit": 1913000000,
    "grossProfitRatio": 0.3692337387,
    "researchAndDevelopmentExpenses": 592000000,
    "generalAndAdministrativeExpenses": 0,
    "sellingAndMarketingExpenses": 0,
    "sellingGeneralAndAdministrativeExpenses": 364000000,
    "otherExpenses": 52000000,
    "operatingExpenses": 1008000000,
    "costAndExpenses": 4276000000,
    "interestIncome": 16000000,
    "interestExpense": 205000000,
    "depreciationAndAmortization": 533000000,
    "ebitda": 1448000000,
    "ebitdaratio": 0.2794827253,
    "operatingIncome": 905000000,
    "operatingIncomeRatio": 0.1746767033,
    "totalOtherIncomeExpensesNet": -195000000,
    "incomeBeforeTax": 710000000,
    "incomeBeforeTaxRatio": 0.1370391816,
    "incomeTaxExpense": 29000000,
    "netIncome": 681000000,
    "netIncomeRatio": 0.1314418066,
    "eps": 2.31,
    "epsdiluted": 2.23,
    "weightedAverageShsOut": 295000000,
    "weightedAverageShsOutDil": 306000000,
    "link": "https://www.sec.gov/Archives/edgar/data/106040/000010604017000036/0000106040-17-000036-index.htm",
    "finalLink": "https://www.sec.gov/Archives/edgar/data/106040/000010604017000036/wdc-2018q110xqxdoc.htm"
  },
  {
    "date": "2017-06-30",
    "symbol": "WDC",
    "reportedCurrency": "USD",
    "cik": "0000106040",
    "fillingDate": "2017-08-29",
    "acceptedDate": "2017-08-28 21:32:48",
    "calendarYear": "2017",
    "period": "Q4",
    "revenue": 4842000000,
    "costOfRevenue": 3161000000,
    "grossProfit": 1681000000,
    "grossProfitRatio": 0.3471705907,
    "researchAndDevelopmentExpenses": 604000000,
    "generalAndAdministrativeExpenses": 0,
    "sellingAndMarketingExpenses": 0,
    "sellingGeneralAndAdministrativeExpenses": 345000000,
    "otherExpenses": 80000000,
    "operatingExpenses": 1029000000,
    "costAndExpenses": 4190000000,
    "interestIncome": 9000000,
    "interestExpense": 201000000,
    "depreciationAndAmortization": 546000000,
    "ebitda": 1162000000,
    "ebitdaratio": 0.2399834779,
    "operatingIncome": 652000000,
    "operatingIncomeRatio": 0.1346551012,
    "totalOtherIncomeExpensesNet": -237000000,
    "incomeBeforeTax": 415000000,
    "incomeBeforeTaxRatio": 0.085708385,
    "incomeTaxExpense": 135000000,
    "netIncome": 280000000,
    "netIncomeRatio": 0.0578273441,
    "eps": 0.96,
    "epsdiluted": 0.93,
    "weightedAverageShsOut": 292000000,
    "weightedAverageShsOutDil": 301000000,
    "link": "https://www.sec.gov/Archives/edgar/data/106040/000010604017000027/0000106040-17-000027-index.htm",
    "finalLink": "https://www.sec.gov/Archives/edgar/data/106040/000010604017000027/wdc-2017q410xkxdoc.htm"
  },
  {
    "date": "2017-03-31",
    "symbol": "WDC",
    "reportedCurrency": "USD",
    "cik": "0000106040",
    "fillingDate": "2017-05-08",
    "acceptedDate": "2017-05-08 17:18:58",
    "calendarYear": "2017",
    "period": "Q3",
    "revenue": 4649000000,
    "costOfRevenue": 3126000000,
    "grossProfit": 1523000000,
    "grossProfitRatio": 0.3275973328,
    "researchAndDevelopmentExpenses": 613000000,
    "generalAndAdministrativeExpenses": 0,
    "sellingAndMarketingExpenses": 0,
    "sellingGeneralAndAdministrativeExpenses": 346000000,
    "otherExpenses": 39000000,
    "operatingExpenses": 998000000,
    "costAndExpenses": 4124000000,
    "interestIncome": 7000000,
    "interestExpense": 205000000,
    "depreciationAndAmortization": 560000000,
    "ebitda": 1069000000,
    "ebitdaratio": 0.229941923,
    "operatingIncome": 525000000,
    "operatingIncomeRatio": 0.1129275113,
    "totalOtherIncomeExpensesNet": -221000000,
    "incomeBeforeTax": 304000000,
    "incomeBeforeTaxRatio": 0.0653904065,
    "incomeTaxExpense": 56000000,
    "netIncome": 248000000,
    "netIncomeRatio": 0.0533448053,
    "eps": 0.86,
    "epsdiluted": 0.83,
    "weightedAverageShsOut": 289000000,
    "weightedAverageShsOutDil": 299000000,
    "link": "https://www.sec.gov/Archives/edgar/data/106040/000010604017000013/0000106040-17-000013-index.htm",
    "finalLink": "https://www.sec.gov/Archives/edgar/data/106040/000010604017000013/wdc-2017q310xqxdoc.htm"
  },
  {
    "date": "2016-12-30",
    "symbol": "WDC",
    "reportedCurrency": "USD",
    "cik": "0000106040",
    "fillingDate": "2017-02-07",
    "acceptedDate": "2017-02-07 16:17:46",
    "calendarYear": "2017",
    "period": "Q2",
    "revenue": 4888000000,
    "costOfRevenue": 3355000000,
    "grossProfit": 1533000000,
    "grossProfitRatio": 0.3136252046,
    "researchAndDevelopmentExpenses": 585000000,
    "generalAndAdministrativeExpenses": 0,
    "sellingAndMarketingExpenses": 0,
    "sellingGeneralAndAdministrativeExpenses": 358000000,
    "otherExpenses": 45000000,
    "operatingExpenses": 988000000,
    "costAndExpenses": 4343000000,
    "interestIncome": 5000000,
    "interestExpense": 205000000,
    "depreciationAndAmortization": 514000000,
    "ebitda": 1040000000,
    "ebitdaratio": 0.2127659574,
    "operatingIncome": 545000000,
    "operatingIncomeRatio": 0.111497545,
    "totalOtherIncomeExpensesNet": -224000000,
    "incomeBeforeTax": 321000000,
    "incomeBeforeTaxRatio": 0.0656710311,
    "incomeTaxExpense": 86000000,
    "netIncome": 235000000,
    "netIncomeRatio": 0.0480769231,
    "eps": 0.82,
    "epsdiluted": 0.8,
    "weightedAverageShsOut": 286000000,
    "weightedAverageShsOutDil": 294000000,
    "link": "https://www.sec.gov/Archives/edgar/data/106040/000010604017000007/0000106040-17-000007-index.htm",
    "finalLink": "https://www.sec.gov/Archives/edgar/data/106040/000010604017000007/wdc-2017q210xqxdoc.htm"
  },
  {
    "date": "2016-09-30",
    "symbol": "WDC",
    "reportedCurrency": "USD",
    "cik": "0000106040",
    "fillingDate": "2016-11-08",
    "acceptedDate": "2016-11-08 16:50:04",
    "calendarYear": "2017",
    "period": "Q1",
    "revenue": 4714000000,
    "costOfRevenue": 3379000000,
    "grossProfit": 1335000000,
    "grossProfitRatio": 0.2831989818,
    "researchAndDevelopmentExpenses": 639000000,
    "generalAndAdministrativeExpenses": 0,
    "sellingAndMarketingExpenses": 0,
    "sellingGeneralAndAdministrativeExpenses": 396000000,
    "otherExpenses": 68000000,
    "operatingExpenses": 1103000000,
    "costAndExpenses": 4482000000,
    "interestIncome": 5000000,
    "interestExpense": 236000000,
    "depreciationAndAmortization": 508000000,
    "ebitda": 473000000,
    "ebitdaratio": 0.1003394145,
    "operatingIncome": 232000000,
    "operatingIncomeRatio": 0.0492151039,
    "totalOtherIncomeExpensesNet": -503000000,
    "incomeBeforeTax": -271000000,
    "incomeBeforeTaxRatio": -0.0574883326,
    "incomeTaxExpense": 95000000,
    "netIncome": -366000000,
    "netIncomeRatio": -0.0776410692,
    "eps": -1.28,
    "epsdiluted": -1.28,
    "weightedAverageShsOut": 285000000,
    "weightedAverageShsOutDil": 285000000,
    "link": "https://www.sec.gov/Archives/edgar/data/106040/000010604016000040/0000106040-16-000040-index.htm",
    "finalLink": "https://www.sec.gov/Archives/edgar/data/106040/000010604016000040/wdc-2017q110xqxdoc.htm"
  },
  {
    "date": "2016-07-01",
    "symbol": "WDC",
    "reportedCurrency": "USD",
    "cik": "0000106040",
    "fillingDate": "2016-08-29",
    "acceptedDate": "2016-08-26 21:44:04",
    "calendarYear": "2016",
    "period": "Q4",
    "revenue": 3495000000,
    "costOfRevenue": 2674000000,
    "grossProfit": 821000000,
    "grossProfitRatio": 0.23490701,
    "researchAndDevelopmentExpenses": 494000000,
    "generalAndAdministrativeExpenses": 0,
    "sellingAndMarketingExpenses": 0,
    "sellingGeneralAndAdministrativeExpenses": 432000000,
    "otherExpenses": 90000000,
    "operatingExpenses": 1016000000,
    "costAndExpenses": 3690000000,
    "interestIncome": 9000000,
    "interestExpense": 290000000,
    "depreciationAndAmortization": 420000000,
    "ebitda": 161000000,
    "ebitdaratio": 0.0460658083,
    "operatingIncome": -195000000,
    "operatingIncomeRatio": -0.0557939914,
    "totalOtherIncomeExpensesNet": -290000000,
    "incomeBeforeTax": -485000000,
    "incomeBeforeTaxRatio": -0.138769671,
    "incomeTaxExpense": -119000000,
    "netIncome": -366000000,
    "netIncomeRatio": -0.10472103,
    "eps": -1.34,
    "epsdiluted": -1.34,
    "weightedAverageShsOut": 261000000,
    "weightedAverageShsOutDil": 261000000,
    "link": "https://www.sec.gov/Archives/edgar/data/106040/000010604016000033/0000106040-16-000033-index.htm",
    "finalLink": "https://www.sec.gov/Archives/edgar/data/106040/000010604016000033/wdc-7116x10k.htm"
  },
  {
    "date": "2016-04-01",
    "symbol": "WDC",
    "reportedCurrency": "USD",
    "cik": "0000106040",
    "fillingDate": "2016-05-09",
    "acceptedDate": "2016-05-09 17:11:22",
    "calendarYear": "2016",
    "period": "Q3",
    "revenue": 2822000000,
    "costOfRevenue": 2069000000,
    "grossProfit": 753000000,
    "grossProfitRatio": 0.266832034,
    "researchAndDevelopmentExpenses": 359000000,
    "generalAndAdministrativeExpenses": 0,
    "sellingAndMarketingExpenses": 0,
    "sellingGeneralAndAdministrativeExpenses": 166000000,
    "otherExpenses": 140000000,
    "operatingExpenses": 665000000,
    "costAndExpenses": 2734000000,
    "interestIncome": 6000000,
    "interestExpense": 14000000,
    "depreciationAndAmortization": 246000000,
    "ebitda": 340000000,
    "ebitdaratio": 0.1204819277,
    "operatingIncome": 88000000,
    "operatingIncomeRatio": 0.0311835578,
    "totalOtherIncomeExpensesNet": -8000000,
    "incomeBeforeTax": 80000000,
    "incomeBeforeTaxRatio": 0.0283486889,
    "incomeTaxExpense": 6000000,
    "netIncome": 74000000,
    "netIncomeRatio": 0.0262225372,
    "eps": 0.32,
    "epsdiluted": 0.32,
    "weightedAverageShsOut": 233000000,
    "weightedAverageShsOutDil": 234000000,
    "link": "https://www.sec.gov/Archives/edgar/data/106040/000010604016000022/0000106040-16-000022-index.htm",
    "finalLink": "https://www.sec.gov/Archives/edgar/data/106040/000010604016000022/wdc-040116x10q.htm"
  },
  {
    "date": "2016-01-01",
    "symbol": "WDC",
    "reportedCurrency": "USD",
    "cik": "0000106040",
    "fillingDate": "2016-02-10",
    "acceptedDate": "2016-02-10 16:51:57",
    "calendarYear": "2016",
    "period": "Q2",
    "revenue": 3317000000,
    "costOfRevenue": 2411000000,
    "grossProfit": 906000000,
    "grossProfitRatio": 0.2731383781,
    "researchAndDevelopmentExpenses": 389000000,
    "generalAndAdministrativeExpenses": 0,
    "sellingAndMarketingExpenses": 0,
    "sellingGeneralAndAdministrativeExpenses": 239000000,
    "otherExpenses": 27000000,
    "operatingExpenses": 655000000,
    "costAndExpenses": 3066000000,
    "interestIncome": 6000000,
    "interestExpense": 13000000,
    "depreciationAndAmortization": 252000000,
    "ebitda": 509000000,
    "ebitdaratio": 0.1534519144,
    "operatingIncome": 251000000,
    "operatingIncomeRatio": 0.0756707869,
    "totalOtherIncomeExpensesNet": -7000000,
    "incomeBeforeTax": 244000000,
    "incomeBeforeTaxRatio": 0.0735604462,
    "incomeTaxExpense": -7000000,
    "netIncome": 251000000,
    "netIncomeRatio": 0.0756707869,
    "eps": 1.08,
    "epsdiluted": 1.07,
    "weightedAverageShsOut": 232000000,
    "weightedAverageShsOutDil": 234000000,
    "link": "https://www.sec.gov/Archives/edgar/data/106040/000010604016000019/0000106040-16-000019-index.htm",
    "finalLink": "https://www.sec.gov/Archives/edgar/data/106040/000010604016000019/wdc-010116x10q.htm"
  },
  {
    "date": "2015-10-02",
    "symbol": "WDC",
    "reportedCurrency": "USD",
    "cik": "0000106040",
    "fillingDate": "2015-11-10",
    "acceptedDate": "2015-11-09 20:05:56",
    "calendarYear": "2016",
    "period": "Q1",
    "revenue": 3360000000,
    "costOfRevenue": 2405000000,
    "grossProfit": 955000000,
    "grossProfitRatio": 0.2842261905,
    "researchAndDevelopmentExpenses": 385000000,
    "generalAndAdministrativeExpenses": 0,
    "sellingAndMarketingExpenses": 0,
    "sellingGeneralAndAdministrativeExpenses": 192000000,
    "otherExpenses": 56000000,
    "operatingExpenses": 633000000,
    "costAndExpenses": 3038000000,
    "interestIncome": 5000000,
    "interestExpense": 13000000,
    "depreciationAndAmortization": 236000000,
    "ebitda": 563000000,
    "ebitdaratio": 0.1675595238,
    "operatingIncome": 322000000,
    "operatingIncomeRatio": 0.0958333333,
    "totalOtherIncomeExpensesNet": -8000000,
    "incomeBeforeTax": 314000000,
    "incomeBeforeTaxRatio": 0.093452381,
    "incomeTaxExpense": 31000000,
    "netIncome": 283000000,
    "netIncomeRatio": 0.0842261905,
    "eps": 1.23,
    "epsdiluted": 1.21,
    "weightedAverageShsOut": 231000000,
    "weightedAverageShsOutDil": 234000000,
    "link": "https://www.sec.gov/Archives/edgar/data/106040/000010604015000014/0000106040-15-000014-index.htm",
    "finalLink": "https://www.sec.gov/Archives/edgar/data/106040/000010604015000014/wdc-100215x10q.htm"
  },
  {
    "date": "2015-07-03",
    "symbol": "WDC",
    "reportedCurrency": "USD",
    "cik": "0000106040",
    "fillingDate": "2015-08-21",
    "acceptedDate": "2015-08-21 17:13:13",
    "calendarYear": "2015",
    "period": "Q4",
    "revenue": 3191000000,
    "costOfRevenue": 2261000000,
    "grossProfit": 930000000,
    "grossProfitRatio": 0.2914446882,
    "researchAndDevelopmentExpenses": 381000000,
    "generalAndAdministrativeExpenses": 0,
    "sellingAndMarketingExpenses": 0,
    "sellingGeneralAndAdministrativeExpenses": 190000000,
    "otherExpenses": 104000000,
    "operatingExpenses": 675000000,
    "costAndExpenses": 2936000000,
    "interestIncome": 4000000,
    "interestExpense": 12000000,
    "depreciationAndAmortization": 250000000,
    "ebitda": 509000000,
    "ebitdaratio": 0.159511125,
    "operatingIncome": 255000000,
    "operatingIncomeRatio": 0.0799122532,
    "totalOtherIncomeExpensesNet": -8000000,
    "incomeBeforeTax": 247000000,
    "incomeBeforeTaxRatio": 0.0774052021,
    "incomeTaxExpense": 27000000,
    "netIncome": 220000000,
    "netIncomeRatio": 0.0689439047,
    "eps": 0.95,
    "epsdiluted": 0.94,
    "weightedAverageShsOut": 231000000,
    "weightedAverageShsOutDil": 235000000,
    "link": "https://www.sec.gov/Archives/edgar/data/106040/000010604015000010/0000106040-15-000010-index.htm",
    "finalLink": "https://www.sec.gov/Archives/edgar/data/106040/000010604015000010/wdc731510k.htm"
  },
  {
    "date": "2015-04-03",
    "symbol": "WDC",
    "reportedCurrency": "USD",
    "cik": "0000106040",
    "fillingDate": "2015-05-12",
    "acceptedDate": "2015-05-11 19:36:55",
    "calendarYear": "2015",
    "period": "Q3",
    "revenue": 3550000000,
    "costOfRevenue": 2518000000,
    "grossProfit": 1032000000,
    "grossProfitRatio": 0.2907042254,
    "researchAndDevelopmentExpenses": 402000000,
    "generalAndAdministrativeExpenses": 0,
    "sellingAndMarketingExpenses": 0,
    "sellingGeneralAndAdministrativeExpenses": 199000000,
    "otherExpenses": 10000000,
    "operatingExpenses": 611000000,
    "costAndExpenses": 3129000000,
    "interestIncome": 3000000,
    "interestExpense": 12000000,
    "depreciationAndAmortization": 285000000,
    "ebitda": 709000000,
    "ebitdaratio": 0.1997183099,
    "operatingIncome": 421000000,
    "operatingIncomeRatio": 0.1185915493,
    "totalOtherIncomeExpensesNet": -9000000,
    "incomeBeforeTax": 412000000,
    "incomeBeforeTaxRatio": 0.116056338,
    "incomeTaxExpense": 28000000,
    "netIncome": 384000000,
    "netIncomeRatio": 0.1081690141,
    "eps": 1.66,
    "epsdiluted": 1.63,
    "weightedAverageShsOut": 231000000,
    "weightedAverageShsOutDil": 236000000,
    "link": "https://www.sec.gov/Archives/edgar/data/106040/000162828015004065/0001628280-15-004065-index.htm",
    "finalLink": "https://www.sec.gov/Archives/edgar/data/106040/000162828015004065/wdc-040315x10q.htm"
  },
  {
    "date": "2015-01-02",
    "symbol": "WDC",
    "reportedCurrency": "USD",
    "cik": "0000106040",
    "fillingDate": "2015-02-10",
    "acceptedDate": "2015-02-10 17:18:29",
    "calendarYear": "2015",
    "period": "Q2",
    "revenue": 3888000000,
    "costOfRevenue": 2778000000,
    "grossProfit": 1110000000,
    "grossProfitRatio": 0.2854938272,
    "researchAndDevelopmentExpenses": 426000000,
    "generalAndAdministrativeExpenses": 0,
    "sellingAndMarketingExpenses": 0,
    "sellingGeneralAndAdministrativeExpenses": 164000000,
    "otherExpenses": 54000000,
    "operatingExpenses": 644000000,
    "costAndExpenses": 3422000000,
    "interestIncome": 4000000,
    "interestExpense": 12000000,
    "depreciationAndAmortization": 290000000,
    "ebitda": 760000000,
    "ebitdaratio": 0.195473251,
    "operatingIncome": 466000000,
    "operatingIncomeRatio": 0.1198559671,
    "totalOtherIncomeExpensesNet": -8000000,
    "incomeBeforeTax": 458000000,
    "incomeBeforeTaxRatio": 0.1177983539,
    "incomeTaxExpense": 20000000,
    "netIncome": 438000000,
    "netIncomeRatio": 0.112654321,
    "eps": 1.97,
    "epsdiluted": 1.93,
    "weightedAverageShsOut": 233000000,
    "weightedAverageShsOutDil": 238000000,
    "link": "https://www.sec.gov/Archives/edgar/data/106040/000010604015000003/0000106040-15-000003-index.htm",
    "finalLink": "https://www.sec.gov/Archives/edgar/data/106040/000010604015000003/wdc-010215x10q.htm"
  },
  {
    "date": "2014-10-03",
    "symbol": "WDC",
    "reportedCurrency": "USD",
    "cik": "0000106040",
    "fillingDate": "2014-11-04",
    "acceptedDate": "2014-11-04 16:52:43",
    "calendarYear": "2015",
    "period": "Q1",
    "revenue": 3943000000,
    "costOfRevenue": 2794000000,
    "grossProfit": 1149000000,
    "grossProfitRatio": 0.2914024854,
    "researchAndDevelopmentExpenses": 437000000,
    "generalAndAdministrativeExpenses": 0,
    "sellingAndMarketingExpenses": 0,
    "sellingGeneralAndAdministrativeExpenses": 220000000,
    "otherExpenses": 23000000,
    "operatingExpenses": 680000000,
    "costAndExpenses": 3474000000,
    "interestIncome": 4000000,
    "interestExpense": 13000000,
    "depreciationAndAmortization": 289000000,
    "ebitda": 762000000,
    "ebitdaratio": 0.1932538676,
    "operatingIncome": 469000000,
    "operatingIncomeRatio": 0.1189449658,
    "totalOtherIncomeExpensesNet": -9000000,
    "incomeBeforeTax": 460000000,
    "incomeBeforeTaxRatio": 0.1166624398,
    "incomeTaxExpense": 37000000,
    "netIncome": 423000000,
    "netIncomeRatio": 0.1072787218,
    "eps": 1.81,
    "epsdiluted": 1.76,
    "weightedAverageShsOut": 234000000,
    "weightedAverageShsOutDil": 240000000,
    "link": "https://www.sec.gov/Archives/edgar/data/106040/000144530514004772/0001445305-14-004772-index.htm",
    "finalLink": "https://www.sec.gov/Archives/edgar/data/106040/000144530514004772/wdc-100314x10q.htm"
  },
  {
    "date": "2014-06-27",
    "symbol": "WDC",
    "reportedCurrency": "USD",
    "cik": "0000106040",
    "fillingDate": "2014-08-15",
    "acceptedDate": "2014-08-14 19:40:13",
    "calendarYear": "2014",
    "period": "Q4",
    "revenue": 3651000000,
    "costOfRevenue": 2580000000,
    "grossProfit": 1071000000,
    "grossProfitRatio": 0.2933442892,
    "researchAndDevelopmentExpenses": 413000000,
    "generalAndAdministrativeExpenses": 0,
    "sellingAndMarketingExpenses": 0,
    "sellingGeneralAndAdministrativeExpenses": 198000000,
    "otherExpenses": 108000000,
    "operatingExpenses": 719000000,
    "costAndExpenses": 3299000000,
    "interestIncome": 7000000,
    "interestExpense": 12000000,
    "depreciationAndAmortization": 308000000,
    "ebitda": 667000000,
    "ebitdaratio": 0.1826896741,
    "operatingIncome": 352000000,
    "operatingIncomeRatio": 0.0964119419,
    "totalOtherIncomeExpensesNet": -5000000,
    "incomeBeforeTax": 347000000,
    "incomeBeforeTaxRatio": 0.0950424541,
    "incomeTaxExpense": 30000000,
    "netIncome": 317000000,
    "netIncomeRatio": 0.0868255273,
    "eps": 1.35,
    "epsdiluted": 1.32,
    "weightedAverageShsOut": 234000000,
    "weightedAverageShsOutDil": 241000000,
    "link": "https://www.sec.gov/Archives/edgar/data/106040/000010604014000015/0000106040-14-000015-index.htm",
    "finalLink": "https://www.sec.gov/Archives/edgar/data/106040/000010604014000015/wdc6271410k.htm"
  },
  {
    "date": "2014-03-28",
    "symbol": "WDC",
    "reportedCurrency": "USD",
    "cik": "0000106040",
    "fillingDate": "2014-05-05",
    "acceptedDate": "2014-05-02 19:37:22",
    "calendarYear": "2014",
    "period": "Q3",
    "revenue": 3703000000,
    "costOfRevenue": 2627000000,
    "grossProfit": 1076000000,
    "grossProfitRatio": 0.2905752093,
    "researchAndDevelopmentExpenses": 418000000,
    "generalAndAdministrativeExpenses": 0,
    "sellingAndMarketingExpenses": 0,
    "sellingGeneralAndAdministrativeExpenses": 201000000,
    "otherExpenses": 38000000,
    "operatingExpenses": 657000000,
    "costAndExpenses": 3284000000,
    "interestIncome": 4000000,
    "interestExpense": 17000000,
    "depreciationAndAmortization": 307000000,
    "ebitda": 730000000,
    "ebitdaratio": 0.1971374561,
    "operatingIncome": 419000000,
    "operatingIncomeRatio": 0.1131514988,
    "totalOtherIncomeExpensesNet": -13000000,
    "incomeBeforeTax": 406000000,
    "incomeBeforeTaxRatio": 0.1096408318,
    "incomeTaxExpense": 31000000,
    "netIncome": 375000000,
    "netIncomeRatio": 0.1012692412,
    "eps": 1.6,
    "epsdiluted": 1.55,
    "weightedAverageShsOut": 235000000,
    "weightedAverageShsOutDil": 242000000,
    "link": "https://www.sec.gov/Archives/edgar/data/106040/000010604014000007/0000106040-14-000007-index.htm",
    "finalLink": "https://www.sec.gov/Archives/edgar/data/106040/000010604014000007/wdc-032814x10q.htm"
  },
  {
    "date": "2013-12-27",
    "symbol": "WDC",
    "reportedCurrency": "USD",
    "cik": "0000106040",
    "fillingDate": "2014-01-31",
    "acceptedDate": "2014-01-31 14:57:33",
    "calendarYear": "2014",
    "period": "Q2",
    "revenue": 3972000000,
    "costOfRevenue": 2816000000,
    "grossProfit": 1156000000,
    "grossProfitRatio": 0.2910372608,
    "researchAndDevelopmentExpenses": 416000000,
    "generalAndAdministrativeExpenses": 0,
    "sellingAndMarketingExpenses": 0,
    "sellingGeneralAndAdministrativeExpenses": 226000000,
    "otherExpenses": 36000000,
    "operatingExpenses": 678000000,
    "costAndExpenses": 3494000000,
    "interestIncome": 3000000,
    "interestExpense": 14000000,
    "depreciationAndAmortization": 317000000,
    "ebitda": 798000000,
    "ebitdaratio": 0.2009063444,
    "operatingIncome": 478000000,
    "operatingIncomeRatio": 0.1203423968,
    "totalOtherIncomeExpensesNet": -11000000,
    "incomeBeforeTax": 467000000,
    "incomeBeforeTaxRatio": 0.1175730111,
    "incomeTaxExpense": 37000000,
    "netIncome": 430000000,
    "netIncomeRatio": 0.1082578046,
    "eps": 1.82,
    "epsdiluted": 1.77,
    "weightedAverageShsOut": 236000000,
    "weightedAverageShsOutDil": 243000000,
    "link": "https://www.sec.gov/Archives/edgar/data/106040/000010604014000002/0000106040-14-000002-index.htm",
    "finalLink": "https://www.sec.gov/Archives/edgar/data/106040/000010604014000002/wdc-122713x10q.htm"
  },
  {
    "date": "2013-09-27",
    "symbol": "WDC",
    "reportedCurrency": "USD",
    "cik": "0000106040",
    "fillingDate": "2013-10-29",
    "acceptedDate": "2013-10-29 12:54:54",
    "calendarYear": "2014",
    "period": "Q1",
    "revenue": 3804000000,
    "costOfRevenue": 2705000000,
    "grossProfit": 1099000000,
    "grossProfitRatio": 0.2889064143,
    "researchAndDevelopmentExpenses": 401000000,
    "generalAndAdministrativeExpenses": 0,
    "sellingAndMarketingExpenses": 0,
    "sellingGeneralAndAdministrativeExpenses": 132000000,
    "otherExpenses": 24000000,
    "operatingExpenses": 557000000,
    "costAndExpenses": 3262000000,
    "interestIncome": 3000000,
    "interestExpense": 13000000,
    "depreciationAndAmortization": 312000000,
    "ebitda": 857000000,
    "ebitdaratio": 0.2252891693,
    "operatingIncome": 542000000,
    "operatingIncomeRatio": 0.1424815983,
    "totalOtherIncomeExpensesNet": -10000000,
    "incomeBeforeTax": 532000000,
    "incomeBeforeTaxRatio": 0.1398527865,
    "incomeTaxExpense": 37000000,
    "netIncome": 495000000,
    "netIncomeRatio": 0.130126183,
    "eps": 2.1,
    "epsdiluted": 2.05,
    "weightedAverageShsOut": 236000000,
    "weightedAverageShsOutDil": 242000000,
    "link": "https://www.sec.gov/Archives/edgar/data/106040/000010604013000005/0000106040-13-000005-index.htm",
    "finalLink": "https://www.sec.gov/Archives/edgar/data/106040/000010604013000005/wdc-092713x10q.htm"
  },
  {
    "date": "2013-06-28",
    "symbol": "WDC",
    "reportedCurrency": "USD",
    "cik": "0000106040",
    "fillingDate": "2013-08-19",
    "acceptedDate": "2013-08-16 20:12:31",
    "calendarYear": "2013",
    "period": "Q4",
    "revenue": 3728000000,
    "costOfRevenue": 2678000000,
    "grossProfit": 1050000000,
    "grossProfitRatio": 0.2816523605,
    "researchAndDevelopmentExpenses": 402000000,
    "generalAndAdministrativeExpenses": 0,
    "sellingAndMarketingExpenses": 0,
    "sellingGeneralAndAdministrativeExpenses": 180000000,
    "otherExpenses": 689000000,
    "operatingExpenses": 1271000000,
    "costAndExpenses": 3949000000,
    "interestIncome": 3000000,
    "interestExpense": 12000000,
    "depreciationAndAmortization": 302000000,
    "ebitda": 84000000,
    "ebitdaratio": 0.0225321888,
    "operatingIncome": -221000000,
    "operatingIncomeRatio": -0.0592811159,
    "totalOtherIncomeExpensesNet": -9000000,
    "incomeBeforeTax": -230000000,
    "incomeBeforeTaxRatio": -0.061695279,
    "incomeTaxExpense": 35000000,
    "netIncome": -265000000,
    "netIncomeRatio": -0.071083691,
    "eps": -1.12,
    "epsdiluted": -1.12,
    "weightedAverageShsOut": 236000000,
    "weightedAverageShsOutDil": 236000000,
    "link": "https://www.sec.gov/Archives/edgar/data/106040/000119312513338607/0001193125-13-338607-index.htm",
    "finalLink": "https://www.sec.gov/Archives/edgar/data/106040/000119312513338607/d547947d10k.htm"
  },
  {
    "date": "2013-03-29",
    "symbol": "WDC",
    "reportedCurrency": "USD",
    "cik": "0000106040",
    "fillingDate": "2013-05-03",
    "acceptedDate": "2013-05-03 16:47:06",
    "calendarYear": "2013",
    "period": "Q3",
    "revenue": 3764000000,
    "costOfRevenue": 2703000000,
    "grossProfit": 1061000000,
    "grossProfitRatio": 0.2818809777,
    "researchAndDevelopmentExpenses": 396000000,
    "generalAndAdministrativeExpenses": 0,
    "sellingAndMarketingExpenses": 0,
    "sellingGeneralAndAdministrativeExpenses": 185000000,
    "otherExpenses": 63000000,
    "operatingExpenses": 644000000,
    "costAndExpenses": 3347000000,
    "interestIncome": 3000000,
    "interestExpense": 14000000,
    "depreciationAndAmortization": 309000000,
    "ebitda": 729000000,
    "ebitdaratio": 0.1936769394,
    "operatingIncome": 417000000,
    "operatingIncomeRatio": 0.1107863974,
    "totalOtherIncomeExpensesNet": -11000000,
    "incomeBeforeTax": 406000000,
    "incomeBeforeTaxRatio": 0.1078639745,
    "incomeTaxExpense": 15000000,
    "netIncome": 391000000,
    "netIncomeRatio": 0.1038788523,
    "eps": 1.64,
    "epsdiluted": 1.6,
    "weightedAverageShsOut": 239000000,
    "weightedAverageShsOutDil": 245000000,
    "link": "https://www.sec.gov/Archives/edgar/data/106040/000119312513199322/0001193125-13-199322-index.htm",
    "finalLink": "https://www.sec.gov/Archives/edgar/data/106040/000119312513199322/d513685d10q.htm"
  },
  {
    "date": "2012-12-28",
    "symbol": "WDC",
    "reportedCurrency": "USD",
    "cik": "0000106040",
    "fillingDate": "2013-02-01",
    "acceptedDate": "2013-02-01 16:02:18",
    "calendarYear": "2013",
    "period": "Q2",
    "revenue": 3824000000,
    "costOfRevenue": 2765000000,
    "grossProfit": 1059000000,
    "grossProfitRatio": 0.2769351464,
    "researchAndDevelopmentExpenses": 378000000,
    "generalAndAdministrativeExpenses": 0,
    "sellingAndMarketingExpenses": 0,
    "sellingGeneralAndAdministrativeExpenses": 162000000,
    "otherExpenses": 41000000,
    "operatingExpenses": 581000000,
    "costAndExpenses": 3346000000,
    "interestIncome": 3000000,
    "interestExpense": 13000000,
    "depreciationAndAmortization": 309000000,
    "ebitda": 790000000,
    "ebitdaratio": 0.2065899582,
    "operatingIncome": 478000000,
    "operatingIncomeRatio": 0.125,
    "totalOtherIncomeExpensesNet": -10000000,
    "incomeBeforeTax": 468000000,
    "incomeBeforeTaxRatio": 0.1223849372,
    "incomeTaxExpense": 133000000,
    "netIncome": 335000000,
    "netIncomeRatio": 0.0876046025,
    "eps": 1.38,
    "epsdiluted": 1.36,
    "weightedAverageShsOut": 242000000,
    "weightedAverageShsOutDil": 246000000,
    "link": "https://www.sec.gov/Archives/edgar/data/106040/000119312513034574/0001193125-13-034574-index.htm",
    "finalLink": "https://www.sec.gov/Archives/edgar/data/106040/000119312513034574/d460828d10q.htm"
  },
  {
    "date": "2012-09-28",
    "symbol": "WDC",
    "reportedCurrency": "USD",
    "cik": "0000106040",
    "fillingDate": "2012-11-02",
    "acceptedDate": "2012-11-02 17:26:04",
    "calendarYear": "2013",
    "period": "Q1",
    "revenue": 4035000000,
    "costOfRevenue": 2842000000,
    "grossProfit": 1193000000,
    "grossProfitRatio": 0.2956629492,
    "researchAndDevelopmentExpenses": 396000000,
    "generalAndAdministrativeExpenses": 205000000,
    "sellingAndMarketingExpenses": -26000000,
    "sellingGeneralAndAdministrativeExpenses": 179000000,
    "otherExpenses": 26000000,
    "operatingExpenses": 601000000,
    "costAndExpenses": 3443000000,
    "interestIncome": 2000000,
    "interestExpense": 16000000,
    "depreciationAndAmortization": 313000000,
    "ebitda": 907000000,
    "ebitdaratio": 0.2247831475,
    "operatingIncome": 592000000,
    "operatingIncomeRatio": 0.146716233,
    "totalOtherIncomeExpensesNet": -14000000,
    "incomeBeforeTax": 578000000,
    "incomeBeforeTaxRatio": 0.1432465923,
    "incomeTaxExpense": 59000000,
    "netIncome": 519000000,
    "netIncomeRatio": 0.1286245353,
    "eps": 2.11,
    "epsdiluted": 2.06,
    "weightedAverageShsOut": 246000000,
    "weightedAverageShsOutDil": 252000000,
    "link": "https://www.sec.gov/Archives/edgar/data/106040/000119312512449441/0001193125-12-449441-index.htm",
    "finalLink": "https://www.sec.gov/Archives/edgar/data/106040/000119312512449441/d419625d10q.htm"
  },
  {
    "date": "2012-06-29",
    "symbol": "WDC",
    "reportedCurrency": "USD",
    "cik": "0000106040",
    "fillingDate": "2012-08-20",
    "acceptedDate": "2012-08-17 18:58:09",
    "calendarYear": "2012",
    "period": "Q4",
    "revenue": 4754000000,
    "costOfRevenue": 3282000000,
    "grossProfit": 1472000000,
    "grossProfitRatio": 0.3096339924,
    "researchAndDevelopmentExpenses": 406000000,
    "generalAndAdministrativeExpenses": 0,
    "sellingAndMarketingExpenses": 0,
    "sellingGeneralAndAdministrativeExpenses": 178000000,
    "otherExpenses": 80000000,
    "operatingExpenses": 664000000,
    "costAndExpenses": 3946000000,
    "interestIncome": 3000000,
    "interestExpense": 9000000,
    "depreciationAndAmortization": 339000000,
    "ebitda": 1150000000,
    "ebitdaratio": 0.2419015566,
    "operatingIncome": 808000000,
    "operatingIncomeRatio": 0.1699621371,
    "totalOtherIncomeExpensesNet": -6000000,
    "incomeBeforeTax": 802000000,
    "incomeBeforeTaxRatio": 0.1687000421,
    "incomeTaxExpense": 57000000,
    "netIncome": 745000000,
    "netIncomeRatio": 0.1567101388,
    "eps": 0,
    "epsdiluted": 0,
    "weightedAverageShsOut": 0,
    "weightedAverageShsOutDil": 0,
    "link": "https://www.sec.gov/Archives/edgar/data/106040/000119312512361018/0001193125-12-361018-index.htm",
    "finalLink": "https://www.sec.gov/Archives/edgar/data/106040/000119312512361018/d356205d10k.htm"
  },
  {
    "date": "2012-03-30",
    "symbol": "WDC",
    "reportedCurrency": "USD",
    "cik": "0000106040",
    "fillingDate": "2012-05-09",
    "acceptedDate": "2012-05-09 10:59:27",
    "calendarYear": "2012",
    "period": "Q3",
    "revenue": 3035000000,
    "costOfRevenue": 2058000000,
    "grossProfit": 977000000,
    "grossProfitRatio": 0.3219110379,
    "researchAndDevelopmentExpenses": 265000000,
    "generalAndAdministrativeExpenses": 0,
    "sellingAndMarketingExpenses": 0,
    "sellingGeneralAndAdministrativeExpenses": 155000000,
    "otherExpenses": 15000000,
    "operatingExpenses": 435000000,
    "costAndExpenses": 2493000000,
    "interestIncome": 3000000,
    "interestExpense": 7000000,
    "depreciationAndAmortization": 188000000,
    "ebitda": 733000000,
    "ebitdaratio": 0.2415156507,
    "operatingIncome": 542000000,
    "operatingIncomeRatio": 0.178583196,
    "totalOtherIncomeExpensesNet": -4000000,
    "incomeBeforeTax": 538000000,
    "incomeBeforeTaxRatio": 0.1772652389,
    "incomeTaxExpense": 55000000,
    "netIncome": 483000000,
    "netIncomeRatio": 0.1591433278,
    "eps": 2,
    "epsdiluted": 1.96,
    "weightedAverageShsOut": 241000000,
    "weightedAverageShsOutDil": 246000000,
    "link": "https://www.sec.gov/Archives/edgar/data/106040/000119312512220791/0001193125-12-220791-index.htm",
    "finalLink": "https://www.sec.gov/Archives/edgar/data/106040/000119312512220791/d326803d10q.htm"
  },
  {
    "date": "2011-12-30",
    "symbol": "WDC",
    "reportedCurrency": "USD",
    "cik": "0000106040",
    "fillingDate": "2012-01-27",
    "acceptedDate": "2012-01-27 15:02:09",
    "calendarYear": "2012",
    "period": "Q2",
    "revenue": 1995000000,
    "costOfRevenue": 1347000000,
    "grossProfit": 648000000,
    "grossProfitRatio": 0.3248120301,
    "researchAndDevelopmentExpenses": 191000000,
    "generalAndAdministrativeExpenses": 0,
    "sellingAndMarketingExpenses": 0,
    "sellingGeneralAndAdministrativeExpenses": 96000000,
    "otherExpenses": 199000000,
    "operatingExpenses": 486000000,
    "costAndExpenses": 1833000000,
    "interestIncome": 3000000,
    "interestExpense": 2000000,
    "depreciationAndAmortization": 140000000,
    "ebitda": 305000000,
    "ebitdaratio": 0.1528822055,
    "operatingIncome": 162000000,
    "operatingIncomeRatio": 0.0812030075,
    "totalOtherIncomeExpensesNet": -2000000,
    "incomeBeforeTax": 160000000,
    "incomeBeforeTaxRatio": 0.0802005013,
    "incomeTaxExpense": 15000000,
    "netIncome": 145000000,
    "netIncomeRatio": 0.0726817043,
    "eps": 0.62,
    "epsdiluted": 0.61,
    "weightedAverageShsOut": 234000000,
    "weightedAverageShsOutDil": 237000000,
    "link": "https://www.sec.gov/Archives/edgar/data/106040/000119312512026854/0001193125-12-026854-index.htm",
    "finalLink": "https://www.sec.gov/Archives/edgar/data/106040/000119312512026854/d275388d10q.htm"
  },
  {
    "date": "2011-09-30",
    "symbol": "WDC",
    "reportedCurrency": "USD",
    "cik": "0000106040",
    "fillingDate": "2011-10-28",
    "acceptedDate": "2011-10-28 17:02:51",
    "calendarYear": "2012",
    "period": "Q1",
    "revenue": 2694000000,
    "costOfRevenue": 2153000000,
    "grossProfit": 541000000,
    "grossProfitRatio": 0.2008166295,
    "researchAndDevelopmentExpenses": 193000000,
    "generalAndAdministrativeExpenses": 89000000,
    "sellingAndMarketingExpenses": 0,
    "sellingGeneralAndAdministrativeExpenses": 89000000,
    "otherExpenses": 0,
    "operatingExpenses": 282000000,
    "costAndExpenses": 2435000000,
    "interestIncome": 3000000,
    "interestExpense": 1000000,
    "depreciationAndAmortization": 158000000,
    "ebitda": 420000000,
    "ebitdaratio": 0.1559020045,
    "operatingIncome": 259000000,
    "operatingIncomeRatio": 0.0961395694,
    "totalOtherIncomeExpensesNet": -1000000,
    "incomeBeforeTax": 258000000,
    "incomeBeforeTaxRatio": 0.0957683742,
    "incomeTaxExpense": 19000000,
    "netIncome": 239000000,
    "netIncomeRatio": 0.0887156644,
    "eps": 1.03,
    "epsdiluted": 1.01,
    "weightedAverageShsOut": 233000000,
    "weightedAverageShsOutDil": 237000000,
    "link": "https://www.sec.gov/Archives/edgar/data/106040/000095012311093040/0000950123-11-093040-index.htm",
    "finalLink": "https://www.sec.gov/Archives/edgar/data/106040/000095012311093040/c22815e10vq.htm"
  },
  {
    "date": "2011-07-01",
    "symbol": "WDC",
    "reportedCurrency": "USD",
    "cik": "0000106040",
    "fillingDate": "2011-08-12",
    "acceptedDate": "2011-08-11 19:03:00",
    "calendarYear": "2011",
    "period": "Q4",
    "revenue": 2403000000,
    "costOfRevenue": 1934000000,
    "grossProfit": 469000000,
    "grossProfitRatio": 0.1951727008,
    "researchAndDevelopmentExpenses": 188000000,
    "generalAndAdministrativeExpenses": 0,
    "sellingAndMarketingExpenses": 0,
    "sellingGeneralAndAdministrativeExpenses": 109000000,
    "otherExpenses": 0,
    "operatingExpenses": 297000000,
    "costAndExpenses": 2231000000,
    "interestIncome": 3000000,
    "interestExpense": 4000000,
    "depreciationAndAmortization": 150000000,
    "ebitda": 325000000,
    "ebitdaratio": 0.1352476072,
    "operatingIncome": 172000000,
    "operatingIncomeRatio": 0.0715771952,
    "totalOtherIncomeExpensesNet": -1000000,
    "incomeBeforeTax": 171000000,
    "incomeBeforeTaxRatio": 0.0711610487,
    "incomeTaxExpense": 13000000,
    "netIncome": 158000000,
    "netIncomeRatio": 0.0657511444,
    "eps": 0,
    "epsdiluted": 0,
    "weightedAverageShsOut": 0,
    "weightedAverageShsOutDil": 0,
    "link": "https://www.sec.gov/Archives/edgar/data/106040/000095012311076255/0000950123-11-076255-index.htm",
    "finalLink": "https://www.sec.gov/Archives/edgar/data/106040/000095012311076255/a59422e10vk.htm"
  },
  {
    "date": "2011-04-01",
    "symbol": "WDC",
    "reportedCurrency": "USD",
    "cik": "0000106040",
    "fillingDate": "2011-05-02",
    "acceptedDate": "2011-04-29 21:14:01",
    "calendarYear": "2011",
    "period": "Q3",
    "revenue": 2252000000,
    "costOfRevenue": 1842000000,
    "grossProfit": 410000000,
    "grossProfitRatio": 0.1820603908,
    "researchAndDevelopmentExpenses": 179000000,
    "generalAndAdministrativeExpenses": 0,
    "sellingAndMarketingExpenses": 0,
    "sellingGeneralAndAdministrativeExpenses": 73000000,
    "otherExpenses": 0,
    "operatingExpenses": 252000000,
    "costAndExpenses": 2094000000,
    "interestIncome": 2000000,
    "interestExpense": 1000000,
    "depreciationAndAmortization": 151000000,
    "ebitda": 311000000,
    "ebitdaratio": 0.1380994671,
    "operatingIncome": 158000000,
    "operatingIncomeRatio": 0.0701598579,
    "totalOtherIncomeExpensesNet": 1000000,
    "incomeBeforeTax": 159000000,
    "incomeBeforeTaxRatio": 0.0706039076,
    "incomeTaxExpense": 13000000,
    "netIncome": 146000000,
    "netIncomeRatio": 0.0648312611,
    "eps": 0.63,
    "epsdiluted": 0.62,
    "weightedAverageShsOut": 232000000,
    "weightedAverageShsOutDil": 236000000,
    "link": "https://www.sec.gov/Archives/edgar/data/106040/000095012311042391/0000950123-11-042391-index.htm",
    "finalLink": "https://www.sec.gov/Archives/edgar/data/106040/000095012311042391/c15158e10vq.htm"
  },
  {
    "date": "2010-12-31",
    "symbol": "WDC",
    "reportedCurrency": "USD",
    "cik": "0000106040",
    "fillingDate": "2011-01-28",
    "acceptedDate": "2011-01-27 21:00:27",
    "calendarYear": "2011",
    "period": "Q2",
    "revenue": 2475000000,
    "costOfRevenue": 2000000000,
    "grossProfit": 475000000,
    "grossProfitRatio": 0.1919191919,
    "researchAndDevelopmentExpenses": 169000000,
    "generalAndAdministrativeExpenses": 0,
    "sellingAndMarketingExpenses": 0,
    "sellingGeneralAndAdministrativeExpenses": 66000000,
    "otherExpenses": 0,
    "operatingExpenses": 235000000,
    "costAndExpenses": 2235000000,
    "interestIncome": 2000000,
    "interestExpense": 3000000,
    "depreciationAndAmortization": 151000000,
    "ebitda": 393000000,
    "ebitdaratio": 0.1587878788,
    "operatingIncome": 240000000,
    "operatingIncomeRatio": 0.096969697,
    "totalOtherIncomeExpensesNet": -1000000,
    "incomeBeforeTax": 239000000,
    "incomeBeforeTaxRatio": 0.0965656566,
    "incomeTaxExpense": 14000000,
    "netIncome": 225000000,
    "netIncomeRatio": 0.0909090909,
    "eps": 0.98,
    "epsdiluted": 0.96,
    "weightedAverageShsOut": 230000000,
    "weightedAverageShsOutDil": 235000000,
    "link": "https://www.sec.gov/Archives/edgar/data/106040/000095012311006257/0000950123-11-006257-index.htm",
    "finalLink": "https://www.sec.gov/Archives/edgar/data/106040/000095012311006257/c10546e10vq.htm"
  },
  {
    "date": "2010-10-01",
    "symbol": "WDC",
    "reportedCurrency": "USD",
    "cik": "0000106040",
    "fillingDate": "2010-10-29",
    "acceptedDate": "2010-10-29 16:26:20",
    "calendarYear": "2011",
    "period": "Q1",
    "revenue": 2396000000,
    "costOfRevenue": 1959000000,
    "grossProfit": 437000000,
    "grossProfitRatio": 0.1823873122,
    "researchAndDevelopmentExpenses": 167000000,
    "generalAndAdministrativeExpenses": 0,
    "sellingAndMarketingExpenses": 0,
    "sellingGeneralAndAdministrativeExpenses": 59000000,
    "otherExpenses": 0,
    "operatingExpenses": 226000000,
    "costAndExpenses": 2185000000,
    "interestIncome": 2000000,
    "interestExpense": 2000000,
    "depreciationAndAmortization": 150000000,
    "ebitda": 363000000,
    "ebitdaratio": 0.1515025042,
    "operatingIncome": 211000000,
    "operatingIncomeRatio": 0.0880634391,
    "totalOtherIncomeExpensesNet": 0,
    "incomeBeforeTax": 211000000,
    "incomeBeforeTaxRatio": 0.0880634391,
    "incomeTaxExpense": 14000000,
    "netIncome": 197000000,
    "netIncomeRatio": 0.0822203673,
    "eps": 0.86,
    "epsdiluted": 0.84,
    "weightedAverageShsOut": 230000000,
    "weightedAverageShsOutDil": 234000000,
    "link": "https://www.sec.gov/Archives/edgar/data/106040/000095012310098182/0000950123-10-098182-index.htm",
    "finalLink": "https://www.sec.gov/Archives/edgar/data/106040/000095012310098182/c06950e10vq.htm"
  },
  {
    "date": "2010-07-02",
    "symbol": "WDC",
    "reportedCurrency": "USD",
    "cik": "0000106040",
    "fillingDate": "2010-08-13",
    "acceptedDate": "2010-08-13 16:56:51",
    "calendarYear": "2010",
    "period": "Q4",
    "revenue": 2382000000,
    "costOfRevenue": 1847000000,
    "grossProfit": 535000000,
    "grossProfitRatio": 0.2246011755,
    "researchAndDevelopmentExpenses": 155000000,
    "generalAndAdministrativeExpenses": 0,
    "sellingAndMarketingExpenses": 0,
    "sellingGeneralAndAdministrativeExpenses": 88000000,
    "otherExpenses": 0,
    "operatingExpenses": 243000000,
    "costAndExpenses": 2090000000,
    "interestIncome": 1000000,
    "interestExpense": 1000000,
    "depreciationAndAmortization": 134000000,
    "ebitda": 427000000,
    "ebitdaratio": 0.1792611251,
    "operatingIncome": 292000000,
    "operatingIncomeRatio": 0.1225860621,
    "totalOtherIncomeExpensesNet": 0,
    "incomeBeforeTax": 292000000,
    "incomeBeforeTaxRatio": 0.1225860621,
    "incomeTaxExpense": 28000000,
    "netIncome": 264000000,
    "netIncomeRatio": 0.1108312343,
    "eps": 0,
    "epsdiluted": 0,
    "weightedAverageShsOut": 0,
    "weightedAverageShsOutDil": 0,
    "link": "https://www.sec.gov/Archives/edgar/data/106040/000095012310077390/0000950123-10-077390-index.htm",
    "finalLink": "https://www.sec.gov/Archives/edgar/data/106040/000095012310077390/a56460e10vk.htm"
  },
  {
    "date": "2010-04-02",
    "symbol": "WDC",
    "reportedCurrency": "USD",
    "cik": "0000106040",
    "fillingDate": "2010-04-30",
    "acceptedDate": "2010-04-30 14:03:16",
    "calendarYear": "2010",
    "period": "Q3",
    "revenue": 2641000000,
    "costOfRevenue": 1976000000,
    "grossProfit": 665000000,
    "grossProfitRatio": 0.2517985612,
    "researchAndDevelopmentExpenses": 160000000,
    "generalAndAdministrativeExpenses": 0,
    "sellingAndMarketingExpenses": 0,
    "sellingGeneralAndAdministrativeExpenses": 64000000,
    "otherExpenses": 0,
    "operatingExpenses": 224000000,
    "costAndExpenses": 2200000000,
    "interestIncome": 1000000,
    "interestExpense": 2000000,
    "depreciationAndAmortization": 129000000,
    "ebitda": 571000000,
    "ebitdaratio": 0.2162059826,
    "operatingIncome": 441000000,
    "operatingIncomeRatio": 0.1669822037,
    "totalOtherIncomeExpensesNet": -1000000,
    "incomeBeforeTax": 440000000,
    "incomeBeforeTaxRatio": 0.1666035593,
    "incomeTaxExpense": 40000000,
    "netIncome": 400000000,
    "netIncomeRatio": 0.1514577811,
    "eps": 1.75,
    "epsdiluted": 1.71,
    "weightedAverageShsOut": 229000000,
    "weightedAverageShsOutDil": 234000000,
    "link": "https://www.sec.gov/Archives/edgar/data/106040/000095012310041578/0000950123-10-041578-index.htm",
    "finalLink": "https://www.sec.gov/Archives/edgar/data/106040/000095012310041578/a55375e10vq.htm"
  },
  {
    "date": "2010-01-01",
    "symbol": "WDC",
    "reportedCurrency": "USD",
    "cik": "0000106040",
    "fillingDate": "2010-01-29",
    "acceptedDate": "2010-01-29 16:25:23",
    "calendarYear": "2010",
    "period": "Q2",
    "revenue": 2619000000,
    "costOfRevenue": 1932000000,
    "grossProfit": 687000000,
    "grossProfitRatio": 0.2623138603,
    "researchAndDevelopmentExpenses": 154000000,
    "generalAndAdministrativeExpenses": 0,
    "sellingAndMarketingExpenses": 0,
    "sellingGeneralAndAdministrativeExpenses": 60000000,
    "otherExpenses": 0,
    "operatingExpenses": 214000000,
    "costAndExpenses": 2146000000,
    "interestIncome": 1000000,
    "interestExpense": 3000000,
    "depreciationAndAmortization": 126000000,
    "ebitda": 600000000,
    "ebitdaratio": 0.2290950745,
    "operatingIncome": 473000000,
    "operatingIncomeRatio": 0.1806032837,
    "totalOtherIncomeExpensesNet": -2000000,
    "incomeBeforeTax": 471000000,
    "incomeBeforeTaxRatio": 0.1798396334,
    "incomeTaxExpense": 42000000,
    "netIncome": 429000000,
    "netIncomeRatio": 0.1638029782,
    "eps": 1.89,
    "epsdiluted": 1.85,
    "weightedAverageShsOut": 227000000,
    "weightedAverageShsOutDil": 232000000,
    "link": "https://www.sec.gov/Archives/edgar/data/106040/000095012310006821/0000950123-10-006821-index.htm",
    "finalLink": "https://www.sec.gov/Archives/edgar/data/106040/000095012310006821/a54504e10vq.htm"
  },
  {
    "date": "2009-10-02",
    "symbol": "WDC",
    "reportedCurrency": "USD",
    "cik": "0000106040",
    "fillingDate": "2009-10-29",
    "acceptedDate": "2009-10-29 16:55:54",
    "calendarYear": "2010",
    "period": "Q1",
    "revenue": 2208000000,
    "costOfRevenue": 1694000000,
    "grossProfit": 514000000,
    "grossProfitRatio": 0.2327898551,
    "researchAndDevelopmentExpenses": 142000000,
    "generalAndAdministrativeExpenses": 0,
    "sellingAndMarketingExpenses": 0,
    "sellingGeneralAndAdministrativeExpenses": 53000000,
    "otherExpenses": 0,
    "operatingExpenses": 195000000,
    "costAndExpenses": 1889000000,
    "interestIncome": 1000000,
    "interestExpense": 3000000,
    "depreciationAndAmortization": 121000000,
    "ebitda": 441000000,
    "ebitdaratio": 0.1997282609,
    "operatingIncome": 319000000,
    "operatingIncomeRatio": 0.1444746377,
    "totalOtherIncomeExpensesNet": -2000000,
    "incomeBeforeTax": 317000000,
    "incomeBeforeTaxRatio": 0.1435688406,
    "incomeTaxExpense": 29000000,
    "netIncome": 288000000,
    "netIncomeRatio": 0.1304347826,
    "eps": 1.28,
    "epsdiluted": 1.25,
    "weightedAverageShsOut": 225000000,
    "weightedAverageShsOutDil": 230000000,
    "link": "https://www.sec.gov/Archives/edgar/data/106040/000095012309054900/0000950123-09-054900-index.htm",
    "finalLink": "https://www.sec.gov/Archives/edgar/data/106040/000095012309054900/a53884e10vq.htm"
  },
  {
    "date": "2009-07-03",
    "symbol": "WDC",
    "reportedCurrency": "USD",
    "cik": "0000106040",
    "fillingDate": "2009-08-14",
    "acceptedDate": "2009-08-13 21:35:54",
    "calendarYear": "2009",
    "period": "Q4",
    "revenue": 1929000000,
    "costOfRevenue": 1559000000,
    "grossProfit": 370000000,
    "grossProfitRatio": 0.1918092276,
    "researchAndDevelopmentExpenses": 132000000,
    "generalAndAdministrativeExpenses": 0,
    "sellingAndMarketingExpenses": 0,
    "sellingGeneralAndAdministrativeExpenses": 52000000,
    "otherExpenses": -23000000,
    "operatingExpenses": 161000000,
    "costAndExpenses": 1720000000,
    "interestIncome": 1000000,
    "interestExpense": 3000000,
    "depreciationAndAmortization": 121000000,
    "ebitda": 331000000,
    "ebitdaratio": 0.1715914982,
    "operatingIncome": 209000000,
    "operatingIncomeRatio": 0.1083462934,
    "totalOtherIncomeExpensesNet": -2000000,
    "incomeBeforeTax": 207000000,
    "incomeBeforeTaxRatio": 0.1073094868,
    "incomeTaxExpense": 11000000,
    "netIncome": 196000000,
    "netIncomeRatio": 0.1016070503,
    "eps": 0,
    "epsdiluted": 0,
    "weightedAverageShsOut": 0,
    "weightedAverageShsOutDil": 0,
    "link": "https://www.sec.gov/Archives/edgar/data/106040/000095012309034923/0000950123-09-034923-index.htm",
    "finalLink": "https://www.sec.gov/Archives/edgar/data/106040/000095012309034923/a53306e10vk.htm"
  },
  {
    "date": "2009-03-27",
    "symbol": "WDC",
    "reportedCurrency": "USD",
    "cik": "0000106040",
    "fillingDate": "2009-04-24",
    "acceptedDate": "2009-04-24 16:44:45",
    "calendarYear": "2009",
    "period": "Q3",
    "revenue": 1592000000,
    "costOfRevenue": 1339000000,
    "grossProfit": 253000000,
    "grossProfitRatio": 0.158919598,
    "researchAndDevelopmentExpenses": 125000000,
    "generalAndAdministrativeExpenses": 0,
    "sellingAndMarketingExpenses": 0,
    "sellingGeneralAndAdministrativeExpenses": 49000000,
    "otherExpenses": 18000000,
    "operatingExpenses": 192000000,
    "costAndExpenses": 1531000000,
    "interestIncome": 1000000,
    "interestExpense": 4000000,
    "depreciationAndAmortization": 119000000,
    "ebitda": 181000000,
    "ebitdaratio": 0.1136934673,
    "operatingIncome": 61000000,
    "operatingIncomeRatio": 0.0383165829,
    "totalOtherIncomeExpensesNet": -3000000,
    "incomeBeforeTax": 58000000,
    "incomeBeforeTaxRatio": 0.0364321608,
    "incomeTaxExpense": 8000000,
    "netIncome": 50000000,
    "netIncomeRatio": 0.0314070352,
    "eps": 0.22,
    "epsdiluted": 0.22,
    "weightedAverageShsOut": 223000000,
    "weightedAverageShsOutDil": 226000000,
    "link": "https://www.sec.gov/Archives/edgar/data/106040/000095013409008354/0000950134-09-008354-index.htm",
    "finalLink": "https://www.sec.gov/Archives/edgar/data/106040/000095013409008354/a52270e10vq.htm"
  },
  {
    "date": "2008-12-26",
    "symbol": "WDC",
    "reportedCurrency": "USD",
    "cik": "0000106040",
    "fillingDate": "2009-01-29",
    "acceptedDate": "2009-01-29 17:23:40",
    "calendarYear": "2009",
    "period": "Q2",
    "revenue": 1823000000,
    "costOfRevenue": 1533000000,
    "grossProfit": 290000000,
    "grossProfitRatio": 0.1590784421,
    "researchAndDevelopmentExpenses": 119000000,
    "generalAndAdministrativeExpenses": 0,
    "sellingAndMarketingExpenses": 0,
    "sellingGeneralAndAdministrativeExpenses": 42000000,
    "otherExpenses": 113000000,
    "operatingExpenses": 274000000,
    "costAndExpenses": 1807000000,
    "interestIncome": 2000000,
    "interestExpense": 11000000,
    "depreciationAndAmortization": 122000000,
    "ebitda": 140000000,
    "ebitdaratio": 0.0767964893,
    "operatingIncome": 16000000,
    "operatingIncomeRatio": 0.0087767416,
    "totalOtherIncomeExpensesNet": -9000000,
    "incomeBeforeTax": 7000000,
    "incomeBeforeTaxRatio": 0.0038398245,
    "incomeTaxExpense": -7000000,
    "netIncome": 14000000,
    "netIncomeRatio": 0.0076796489,
    "eps": 0.06,
    "epsdiluted": 0.06,
    "weightedAverageShsOut": 222000000,
    "weightedAverageShsOutDil": 224000000,
    "link": "https://www.sec.gov/Archives/edgar/data/106040/000089256909000039/0000892569-09-000039-index.htm",
    "finalLink": "https://www.sec.gov/Archives/edgar/data/106040/000089256909000039/a51132e10vq.htm"
  },
  {
    "date": "2008-09-26",
    "symbol": "WDC",
    "reportedCurrency": "USD",
    "cik": "0000106040",
    "fillingDate": "2008-10-31",
    "acceptedDate": "2008-10-31 17:16:06",
    "calendarYear": "2009",
    "period": "Q1",
    "revenue": 2109000000,
    "costOfRevenue": 1685000000,
    "grossProfit": 424000000,
    "grossProfitRatio": 0.2010431484,
    "researchAndDevelopmentExpenses": 133000000,
    "generalAndAdministrativeExpenses": 0,
    "sellingAndMarketingExpenses": 0,
    "sellingGeneralAndAdministrativeExpenses": 57000000,
    "otherExpenses": 0,
    "operatingExpenses": 190000000,
    "costAndExpenses": 1875000000,
    "interestIncome": 0,
    "interestExpense": 0,
    "depreciationAndAmortization": 117000000,
    "ebitda": 351000000,
    "ebitdaratio": 0.1664295875,
    "operatingIncome": 234000000,
    "operatingIncomeRatio": 0.1109530583,
    "totalOtherIncomeExpensesNet": -4000000,
    "incomeBeforeTax": 230000000,
    "incomeBeforeTaxRatio": 0.1090564248,
    "incomeTaxExpense": 19000000,
    "netIncome": 211000000,
    "netIncomeRatio": 0.1000474158,
    "eps": 0.95,
    "epsdiluted": 0.93,
    "weightedAverageShsOut": 222000000,
    "weightedAverageShsOutDil": 226000000,
    "link": "https://www.sec.gov/Archives/edgar/data/106040/000095013408018963/0000950134-08-018963-index.htm",
    "finalLink": "https://www.sec.gov/Archives/edgar/data/106040/000095013408018963/a50261e10vq.htm"
  },
  {
    "date": "2008-06-27",
    "symbol": "WDC",
    "reportedCurrency": "USD",
    "cik": "0000106040",
    "fillingDate": "2008-08-20",
    "acceptedDate": "2008-08-20 17:14:00",
    "calendarYear": "2008",
    "period": "Q4",
    "revenue": 1993000000,
    "costOfRevenue": 1568000000,
    "grossProfit": 425000000,
    "grossProfitRatio": 0.2132463623,
    "researchAndDevelopmentExpenses": 128000000,
    "generalAndAdministrativeExpenses": 0,
    "sellingAndMarketingExpenses": 0,
    "sellingGeneralAndAdministrativeExpenses": 56000000,
    "otherExpenses": 0,
    "operatingExpenses": 184000000,
    "costAndExpenses": 1752000000,
    "interestIncome": 0,
    "interestExpense": 0,
    "depreciationAndAmortization": 113000000,
    "ebitda": 354000000,
    "ebitdaratio": 0.1776216759,
    "operatingIncome": 241000000,
    "operatingIncomeRatio": 0.1209232313,
    "totalOtherIncomeExpensesNet": -4000000,
    "incomeBeforeTax": 237000000,
    "incomeBeforeTaxRatio": 0.1189162067,
    "incomeTaxExpense": 24000000,
    "netIncome": 213000000,
    "netIncomeRatio": 0.1068740592,
    "eps": 0,
    "epsdiluted": 0,
    "weightedAverageShsOut": 0,
    "weightedAverageShsOutDil": 0,
    "link": "https://www.sec.gov/Archives/edgar/data/106040/000089256908001165/0000892569-08-001165-index.htm",
    "finalLink": "https://www.sec.gov/Archives/edgar/data/106040/000089256908001165/a43088e10vk.htm"
  },
  {
    "date": "2008-03-28",
    "symbol": "WDC",
    "reportedCurrency": "USD",
    "cik": "0000106040",
    "fillingDate": "2008-05-06",
    "acceptedDate": "2008-05-06 15:31:07",
    "calendarYear": "2008",
    "period": "Q3",
    "revenue": 2111000000,
    "costOfRevenue": 1634000000,
    "grossProfit": 477000000,
    "grossProfitRatio": 0.225959261,
    "researchAndDevelopmentExpenses": 123000000,
    "generalAndAdministrativeExpenses": 0,
    "sellingAndMarketingExpenses": 0,
    "sellingGeneralAndAdministrativeExpenses": 56000000,
    "otherExpenses": 0,
    "operatingExpenses": 179000000,
    "costAndExpenses": 1813000000,
    "interestIncome": 0,
    "interestExpense": 0,
    "depreciationAndAmortization": 111000000,
    "ebitda": 409000000,
    "ebitdaratio": 0.1937470393,
    "operatingIncome": 298000000,
    "operatingIncomeRatio": 0.1411653245,
    "totalOtherIncomeExpensesNet": -8000000,
    "incomeBeforeTax": 290000000,
    "incomeBeforeTaxRatio": 0.1373756514,
    "incomeTaxExpense": 10000000,
    "netIncome": 280000000,
    "netIncomeRatio": 0.1326385599,
    "eps": 1.26,
    "epsdiluted": 1.23,
    "weightedAverageShsOut": 222000000,
    "weightedAverageShsOutDil": 227000000,
    "link": "https://www.sec.gov/Archives/edgar/data/106040/000095013708006819/0000950137-08-006819-index.htm",
    "finalLink": "https://www.sec.gov/Archives/edgar/data/106040/000095013708006819/a40408e10vq.htm"
  },
  {
    "date": "2007-12-28",
    "symbol": "WDC",
    "reportedCurrency": "USD",
    "cik": "0000106040",
    "fillingDate": "2008-02-05",
    "acceptedDate": "2008-02-05 17:18:10",
    "calendarYear": "2008",
    "period": "Q2",
    "revenue": 2204000000,
    "costOfRevenue": 1691000000,
    "grossProfit": 513000000,
    "grossProfitRatio": 0.2327586207,
    "researchAndDevelopmentExpenses": 122000000,
    "generalAndAdministrativeExpenses": 0,
    "sellingAndMarketingExpenses": 0,
    "sellingGeneralAndAdministrativeExpenses": 59000000,
    "otherExpenses": 0,
    "operatingExpenses": 181000000,
    "costAndExpenses": 1872000000,
    "interestIncome": 8000000,
    "interestExpense": 24000000,
    "depreciationAndAmortization": 111000000,
    "ebitda": 443000000,
    "ebitdaratio": 0.2009981851,
    "operatingIncome": 332000000,
    "operatingIncomeRatio": 0.1506352087,
    "totalOtherIncomeExpensesNet": -16000000,
    "incomeBeforeTax": 316000000,
    "incomeBeforeTaxRatio": 0.1433756806,
    "incomeTaxExpense": 11000000,
    "netIncome": 305000000,
    "netIncomeRatio": 0.138384755,
    "eps": 1.39,
    "epsdiluted": 1.35,
    "weightedAverageShsOut": 220000000,
    "weightedAverageShsOutDil": 226000000,
    "link": "https://www.sec.gov/Archives/edgar/data/106040/000089256908000099/0000892569-08-000099-index.htm",
    "finalLink": "https://www.sec.gov/Archives/edgar/data/106040/000089256908000099/a37671e10vq.htm"
  },
  {
    "date": "2007-09-28",
    "symbol": "WDC",
    "reportedCurrency": "USD",
    "cik": "0000106040",
    "fillingDate": "2007-11-06",
    "acceptedDate": "2007-11-06 15:29:20",
    "calendarYear": "2008",
    "period": "Q1",
    "revenue": 1766000000,
    "costOfRevenue": 1443000000,
    "grossProfit": 323000000,
    "grossProfitRatio": 0.1828992072,
    "researchAndDevelopmentExpenses": 91000000,
    "generalAndAdministrativeExpenses": 0,
    "sellingAndMarketingExpenses": 0,
    "sellingGeneralAndAdministrativeExpenses": 48000000,
    "otherExpenses": 49000000,
    "operatingExpenses": 188000000,
    "costAndExpenses": 1631000000,
    "interestIncome": 9000000,
    "interestExpense": 6000000,
    "depreciationAndAmortization": 78000000,
    "ebitda": 262000000,
    "ebitdaratio": 0.1483578709,
    "operatingIncome": 135000000,
    "operatingIncomeRatio": 0.0764439411,
    "totalOtherIncomeExpensesNet": 3000000,
    "incomeBeforeTax": 138000000,
    "incomeBeforeTaxRatio": 0.0781426954,
    "incomeTaxExpense": 69000000,
    "netIncome": 69000000,
    "netIncomeRatio": 0.0390713477,
    "eps": 0.31,
    "epsdiluted": 0.31,
    "weightedAverageShsOut": 219000000,
    "weightedAverageShsOutDil": 224000000,
    "link": "https://www.sec.gov/Archives/edgar/data/106040/000095013707016647/0000950137-07-016647-index.htm",
    "finalLink": "https://www.sec.gov/Archives/edgar/data/106040/000095013707016647/a34565e10vq.htm"
  },
  {
    "date": "2007-06-29",
    "symbol": "WDC",
    "reportedCurrency": "USD",
    "cik": "0000106040",
    "fillingDate": "2007-08-28",
    "acceptedDate": "2007-08-27 20:53:56",
    "calendarYear": "2007",
    "period": "Q4",
    "revenue": 1367000000,
    "costOfRevenue": 1162000000,
    "grossProfit": 205000000,
    "grossProfitRatio": 0.1499634236,
    "researchAndDevelopmentExpenses": 79000000,
    "generalAndAdministrativeExpenses": 0,
    "sellingAndMarketingExpenses": 0,
    "sellingGeneralAndAdministrativeExpenses": 47000000,
    "otherExpenses": 0,
    "operatingExpenses": 126000000,
    "costAndExpenses": 1288000000,
    "interestIncome": 32000000,
    "interestExpense": 4000000,
    "depreciationAndAmortization": 61000000,
    "ebitda": 140000000,
    "ebitdaratio": 0.1024140454,
    "operatingIncome": 79000000,
    "operatingIncomeRatio": 0.0577907827,
    "totalOtherIncomeExpensesNet": 8000000,
    "incomeBeforeTax": 87000000,
    "incomeBeforeTaxRatio": 0.0636430139,
    "incomeTaxExpense": -125000000,
    "netIncome": 212000000,
    "netIncomeRatio": 0.1550841258,
    "eps": 0,
    "epsdiluted": 0,
    "weightedAverageShsOut": 0,
    "weightedAverageShsOutDil": 0,
    "link": "https://www.sec.gov/Archives/edgar/data/106040/000089256907001093/0000892569-07-001093-index.htm",
    "finalLink": "https://www.sec.gov/Archives/edgar/data/106040/000089256907001093/a33189e10vk.htm"
  },
  {
    "date": "2007-03-30",
    "symbol": "WDC",
    "reportedCurrency": "USD",
    "cik": "0000106040",
    "fillingDate": "2007-05-08",
    "acceptedDate": "2007-05-08 15:28:58",
    "calendarYear": "2007",
    "period": "Q3",
    "revenue": 1410000000,
    "costOfRevenue": 1188000000,
    "grossProfit": 222000000,
    "grossProfitRatio": 0.1574468085,
    "researchAndDevelopmentExpenses": 75000000,
    "generalAndAdministrativeExpenses": 0,
    "sellingAndMarketingExpenses": 0,
    "sellingGeneralAndAdministrativeExpenses": 32000000,
    "otherExpenses": 0,
    "operatingExpenses": 107000000,
    "costAndExpenses": 1295000000,
    "interestIncome": 8000000,
    "interestExpense": 1000000,
    "depreciationAndAmortization": 55000000,
    "ebitda": 170000000,
    "ebitdaratio": 0.1205673759,
    "operatingIncome": 115000000,
    "operatingIncomeRatio": 0.0815602837,
    "totalOtherIncomeExpensesNet": 7000000,
    "incomeBeforeTax": 122000000,
    "incomeBeforeTaxRatio": 0.0865248227,
    "incomeTaxExpense": 1000000,
    "netIncome": 121000000,
    "netIncomeRatio": 0.0858156028,
    "eps": 0.55,
    "epsdiluted": 0.53,
    "weightedAverageShsOut": 220000000,
    "weightedAverageShsOutDil": 226000000,
    "link": "https://www.sec.gov/Archives/edgar/data/106040/000095013707006989/0000950137-07-006989-index.htm",
    "finalLink": "https://www.sec.gov/Archives/edgar/data/106040/000095013707006989/a29755e10vq.htm"
  },
  {
    "date": "2006-12-29",
    "symbol": "WDC",
    "reportedCurrency": "USD",
    "cik": "0000106040",
    "fillingDate": "2007-02-07",
    "acceptedDate": "2007-02-06 17:55:15",
    "calendarYear": "2007",
    "period": "Q2",
    "revenue": 1428000000,
    "costOfRevenue": 1173000000,
    "grossProfit": 255000000,
    "grossProfitRatio": 0.1785714286,
    "researchAndDevelopmentExpenses": 77000000,
    "generalAndAdministrativeExpenses": 0,
    "sellingAndMarketingExpenses": 0,
    "sellingGeneralAndAdministrativeExpenses": 56000000,
    "otherExpenses": 0,
    "operatingExpenses": 133000000,
    "costAndExpenses": 1306000000,
    "interestIncome": 8000000,
    "interestExpense": 2000000,
    "depreciationAndAmortization": 49000000,
    "ebitda": 171000000,
    "ebitdaratio": 0.1197478992,
    "operatingIncome": 122000000,
    "operatingIncomeRatio": 0.0854341737,
    "totalOtherIncomeExpensesNet": 6000000,
    "incomeBeforeTax": 128000000,
    "incomeBeforeTaxRatio": 0.0896358543,
    "incomeTaxExpense": 0,
    "netIncome": 128000000,
    "netIncomeRatio": 0.0896358543,
    "eps": 0.58,
    "epsdiluted": 0.57,
    "weightedAverageShsOut": 220000000,
    "weightedAverageShsOutDil": 226000000,
    "link": "https://www.sec.gov/Archives/edgar/data/106040/000095013707001579/0000950137-07-001579-index.htm",
    "finalLink": "https://www.sec.gov/Archives/edgar/data/106040/000095013707001579/a26781e10vq.htm"
  },
  {
    "date": "2006-09-29",
    "symbol": "WDC",
    "reportedCurrency": "USD",
    "cik": "0000106040",
    "fillingDate": "2006-11-24",
    "acceptedDate": "2006-11-22 21:52:02",
    "calendarYear": "2007",
    "period": "Q1",
    "revenue": 1264000000,
    "costOfRevenue": 1046000000,
    "grossProfit": 218000000,
    "grossProfitRatio": 0.1724683544,
    "researchAndDevelopmentExpenses": 75000000,
    "generalAndAdministrativeExpenses": 0,
    "sellingAndMarketingExpenses": 0,
    "sellingGeneralAndAdministrativeExpenses": 44000000,
    "otherExpenses": 0,
    "operatingExpenses": 119000000,
    "costAndExpenses": 1165000000,
    "interestIncome": 7000000,
    "interestExpense": 0,
    "depreciationAndAmortization": 45000000,
    "ebitda": 144000000,
    "ebitdaratio": 0.1139240506,
    "operatingIncome": 99000000,
    "operatingIncomeRatio": 0.0783227848,
    "totalOtherIncomeExpensesNet": 7000000,
    "incomeBeforeTax": 106000000,
    "incomeBeforeTaxRatio": 0.0838607595,
    "incomeTaxExpense": 3000000,
    "netIncome": 103000000,
    "netIncomeRatio": 0.0814873418,
    "eps": 0.47,
    "epsdiluted": 0.46,
    "weightedAverageShsOut": 219000000,
    "weightedAverageShsOutDil": 225000000,
    "link": "https://www.sec.gov/Archives/edgar/data/106040/000089256906001404/0000892569-06-001404-index.htm",
    "finalLink": "https://www.sec.gov/Archives/edgar/data/106040/000089256906001404/a24977e10vq.htm"
  },
  {
    "date": "2006-06-30",
    "symbol": "WDC",
    "reportedCurrency": "USD",
    "cik": "0000106040",
    "fillingDate": "2006-11-20",
    "acceptedDate": "2006-11-20 12:25:11",
    "calendarYear": "2006",
    "period": "Q4",
    "revenue": 1085500000,
    "costOfRevenue": 881200000,
    "grossProfit": 204300000,
    "grossProfitRatio": 0.188208199,
    "researchAndDevelopmentExpenses": 72300000,
    "generalAndAdministrativeExpenses": 0,
    "sellingAndMarketingExpenses": 0,
    "sellingGeneralAndAdministrativeExpenses": 39100000,
    "otherExpenses": 0,
    "operatingExpenses": 111400000,
    "costAndExpenses": 992600000,
    "interestIncome": 19500000,
    "interestExpense": 3700000,
    "depreciationAndAmortization": 43700000,
    "ebitda": 136600000,
    "ebitdaratio": 0.1258406264,
    "operatingIncome": 92900000,
    "operatingIncomeRatio": 0.0855826808,
    "totalOtherIncomeExpensesNet": 5700000,
    "incomeBeforeTax": 98600000,
    "incomeBeforeTaxRatio": 0.0908337172,
    "incomeTaxExpense": -20000000,
    "netIncome": 118600000,
    "netIncomeRatio": 0.1092584063,
    "eps": 0,
    "epsdiluted": 0,
    "weightedAverageShsOut": 0,
    "weightedAverageShsOutDil": 0,
    "link": "https://www.sec.gov/Archives/edgar/data/106040/000089256906001395/0000892569-06-001395-index.htm",
    "finalLink": "https://www.sec.gov/Archives/edgar/data/106040/000089256906001395/a23647e10vk.htm"
  },
  {
    "date": "2006-03-31",
    "symbol": "WDC",
    "reportedCurrency": "USD",
    "cik": "0000106040",
    "fillingDate": "2006-05-09",
    "acceptedDate": "2006-05-08 18:35:57",
    "calendarYear": "2006",
    "period": "Q3",
    "revenue": 1129000000,
    "costOfRevenue": 911000000,
    "grossProfit": 218000000,
    "grossProfitRatio": 0.1930912312,
    "researchAndDevelopmentExpenses": 79000000,
    "generalAndAdministrativeExpenses": 0,
    "sellingAndMarketingExpenses": 0,
    "sellingGeneralAndAdministrativeExpenses": 39000000,
    "otherExpenses": 0,
    "operatingExpenses": 118000000,
    "costAndExpenses": 1029000000,
    "interestIncome": 6000000,
    "interestExpense": 1200000,
    "depreciationAndAmortization": 42000000,
    "ebitda": 142000000,
    "ebitdaratio": 0.1257750221,
    "operatingIncome": 100000000,
    "operatingIncomeRatio": 0.0885739593,
    "totalOtherIncomeExpensesNet": 5000000,
    "incomeBeforeTax": 105000000,
    "incomeBeforeTaxRatio": 0.0930026572,
    "incomeTaxExpense": 3000000,
    "netIncome": 102000000,
    "netIncomeRatio": 0.0903454384,
    "eps": 0.47,
    "epsdiluted": 0.45,
    "weightedAverageShsOut": 217000000,
    "weightedAverageShsOutDil": 227000000,
    "link": "https://www.sec.gov/Archives/edgar/data/106040/000095013706005557/0000950137-06-005557-index.htm",
    "finalLink": "https://www.sec.gov/Archives/edgar/data/106040/000095013706005557/a20192e10vq.htm"
  },
  {
    "date": "2005-12-30",
    "symbol": "WDC",
    "reportedCurrency": "USD",
    "cik": "0000106040",
    "fillingDate": "2006-02-08",
    "acceptedDate": "2006-02-08 14:34:09",
    "calendarYear": "2006",
    "period": "Q2",
    "revenue": 1117000000,
    "costOfRevenue": 889000000,
    "grossProfit": 228000000,
    "grossProfitRatio": 0.2041181737,
    "researchAndDevelopmentExpenses": 76000000,
    "generalAndAdministrativeExpenses": 0,
    "sellingAndMarketingExpenses": 0,
    "sellingGeneralAndAdministrativeExpenses": 48000000,
    "otherExpenses": 0,
    "operatingExpenses": 124000000,
    "costAndExpenses": 1013000000,
    "interestIncome": 3700000,
    "interestExpense": 900000,
    "depreciationAndAmortization": 38000000,
    "ebitda": 142000000,
    "ebitdaratio": 0.127126231,
    "operatingIncome": 104000000,
    "operatingIncomeRatio": 0.0931065354,
    "totalOtherIncomeExpensesNet": 3000000,
    "incomeBeforeTax": 107000000,
    "incomeBeforeTaxRatio": 0.0957923008,
    "incomeTaxExpense": 3000000,
    "netIncome": 104000000,
    "netIncomeRatio": 0.0931065354,
    "eps": 0.49,
    "epsdiluted": 0.47,
    "weightedAverageShsOut": 213000000,
    "weightedAverageShsOutDil": 221000000,
    "link": "https://www.sec.gov/Archives/edgar/data/106040/000095013706001502/0000950137-06-001502-index.htm",
    "finalLink": "https://www.sec.gov/Archives/edgar/data/106040/000095013706001502/a17011e10vq.htm"
  },
  {
    "date": "2005-09-30",
    "symbol": "WDC",
    "reportedCurrency": "USD",
    "cik": "0000106040",
    "fillingDate": "2005-11-09",
    "acceptedDate": "2005-11-09 15:01:44",
    "calendarYear": "2006",
    "period": "Q1",
    "revenue": 1010000000,
    "costOfRevenue": 832000000,
    "grossProfit": 178000000,
    "grossProfitRatio": 0.1762376238,
    "researchAndDevelopmentExpenses": 70000000,
    "generalAndAdministrativeExpenses": 0,
    "sellingAndMarketingExpenses": 0,
    "sellingGeneralAndAdministrativeExpenses": 40000000,
    "otherExpenses": 0,
    "operatingExpenses": 110000000,
    "costAndExpenses": 942000000,
    "interestIncome": 0,
    "interestExpense": 0,
    "depreciationAndAmortization": 36000000,
    "ebitda": 104000000,
    "ebitdaratio": 0.102970297,
    "operatingIncome": 68000000,
    "operatingIncomeRatio": 0.0673267327,
    "totalOtherIncomeExpensesNet": 2000000,
    "incomeBeforeTax": 70000000,
    "incomeBeforeTaxRatio": 0.0693069307,
    "incomeTaxExpense": 2000000,
    "netIncome": 69000000,
    "netIncomeRatio": 0.0683168317,
    "eps": 0.32,
    "epsdiluted": 0.31,
    "weightedAverageShsOut": 213000000,
    "weightedAverageShsOutDil": 221000000,
    "link": "https://www.sec.gov/Archives/edgar/data/106040/000095013705013547/0000950137-05-013547-index.htm",
    "finalLink": "https://www.sec.gov/Archives/edgar/data/106040/000095013705013547/a14327e10vq.htm"
  },
  {
    "date": "2005-07-01",
    "symbol": "WDC",
    "reportedCurrency": "USD",
    "cik": "0000106040",
    "fillingDate": "2005-09-14",
    "acceptedDate": "2005-09-14 14:50:30",
    "calendarYear": "2005",
    "period": "Q4",
    "revenue": 940400000,
    "costOfRevenue": 780900000,
    "grossProfit": 159500000,
    "grossProfitRatio": 0.1696086772,
    "researchAndDevelopmentExpenses": 64100000,
    "generalAndAdministrativeExpenses": 0,
    "sellingAndMarketingExpenses": 0,
    "sellingGeneralAndAdministrativeExpenses": 57000000,
    "otherExpenses": 0,
    "operatingExpenses": 121100000,
    "costAndExpenses": 902000000,
    "interestIncome": 0,
    "interestExpense": 0,
    "depreciationAndAmortization": 37600000,
    "ebitda": 76000000,
    "ebitdaratio": 0.0808166738,
    "operatingIncome": 38400000,
    "operatingIncomeRatio": 0.0408336878,
    "totalOtherIncomeExpensesNet": 2700000,
    "incomeBeforeTax": 41100000,
    "incomeBeforeTaxRatio": 0.0437048065,
    "incomeTaxExpense": -100000,
    "netIncome": 41200000,
    "netIncomeRatio": 0.0438111442,
    "eps": 0,
    "epsdiluted": 0,
    "weightedAverageShsOut": 0,
    "weightedAverageShsOutDil": 0,
    "link": "https://www.sec.gov/Archives/edgar/data/106040/000095013705011286/0000950137-05-011286-index.htm",
    "finalLink": "https://www.sec.gov/Archives/edgar/data/106040/000095013705011286/a12474e10vk.htm"
  },
  {
    "date": "2005-04-01",
    "symbol": "WDC",
    "reportedCurrency": "USD",
    "cik": "0000106040",
    "fillingDate": "2005-05-06",
    "acceptedDate": "2005-05-06 15:59:20",
    "calendarYear": "2005",
    "period": "Q3",
    "revenue": 919900000,
    "costOfRevenue": 752900000,
    "grossProfit": 167000000,
    "grossProfitRatio": 0.1815414719,
    "researchAndDevelopmentExpenses": 60700000,
    "generalAndAdministrativeExpenses": 0,
    "sellingAndMarketingExpenses": 0,
    "sellingGeneralAndAdministrativeExpenses": 35600000,
    "otherExpenses": 0,
    "operatingExpenses": 96300000,
    "costAndExpenses": 849200000,
    "interestIncome": 0,
    "interestExpense": 0,
    "depreciationAndAmortization": 33800000,
    "ebitda": 104500000,
    "ebitdaratio": 0.1135993043,
    "operatingIncome": 70700000,
    "operatingIncomeRatio": 0.07685618,
    "totalOtherIncomeExpensesNet": 1900000,
    "incomeBeforeTax": 72600000,
    "incomeBeforeTaxRatio": 0.0789216219,
    "incomeTaxExpense": 1800000,
    "netIncome": 70800000,
    "netIncomeRatio": 0.0769648875,
    "eps": 0.34,
    "epsdiluted": 0.32,
    "weightedAverageShsOut": 208800000,
    "weightedAverageShsOutDil": 218700000,
    "link": "https://www.sec.gov/Archives/edgar/data/106040/000095013705005511/0000950137-05-005511-index.htm",
    "finalLink": "https://www.sec.gov/Archives/edgar/data/106040/000095013705005511/a08284e10vq.htm"
  },
  {
    "date": "2004-12-31",
    "symbol": "WDC",
    "reportedCurrency": "USD",
    "cik": "0000106040",
    "fillingDate": "2005-02-09",
    "acceptedDate": "2005-02-09 15:08:14",
    "calendarYear": "2005",
    "period": "Q2",
    "revenue": 954900000,
    "costOfRevenue": 804700000,
    "grossProfit": 150200000,
    "grossProfitRatio": 0.1572939575,
    "researchAndDevelopmentExpenses": 59700000,
    "generalAndAdministrativeExpenses": 0,
    "sellingAndMarketingExpenses": 0,
    "sellingGeneralAndAdministrativeExpenses": 33900000,
    "otherExpenses": 0,
    "operatingExpenses": 93600000,
    "costAndExpenses": 898300000,
    "interestIncome": 0,
    "interestExpense": 0,
    "depreciationAndAmortization": 32700000,
    "ebitda": 89300000,
    "ebitdaratio": 0.0935176458,
    "operatingIncome": 56600000,
    "operatingIncomeRatio": 0.0592732223,
    "totalOtherIncomeExpensesNet": 800000,
    "incomeBeforeTax": 57400000,
    "incomeBeforeTaxRatio": 0.0601110064,
    "incomeTaxExpense": 1400000,
    "netIncome": 56000000,
    "netIncomeRatio": 0.0586448843,
    "eps": 0.27,
    "epsdiluted": 0.26,
    "weightedAverageShsOut": 205100000,
    "weightedAverageShsOutDil": 213600000,
    "link": "https://www.sec.gov/Archives/edgar/data/106040/000095013705001423/0000950137-05-001423-index.htm",
    "finalLink": "https://www.sec.gov/Archives/edgar/data/106040/000095013705001423/a05270e10vq.htm"
  },
  {
    "date": "2004-10-01",
    "symbol": "WDC",
    "reportedCurrency": "USD",
    "cik": "0000106040",
    "fillingDate": "2004-11-09",
    "acceptedDate": "2004-11-09 16:19:13",
    "calendarYear": "2005",
    "period": "Q1",
    "revenue": 823600000,
    "costOfRevenue": 710500000,
    "grossProfit": 113100000,
    "grossProfitRatio": 0.1373239437,
    "researchAndDevelopmentExpenses": 54000000,
    "generalAndAdministrativeExpenses": 0,
    "sellingAndMarketingExpenses": 0,
    "sellingGeneralAndAdministrativeExpenses": 27900000,
    "otherExpenses": 0,
    "operatingExpenses": 81900000,
    "costAndExpenses": 792400000,
    "interestIncome": 0,
    "interestExpense": 0,
    "depreciationAndAmortization": 28800000,
    "ebitda": 60000000,
    "ebitdaratio": 0.0728508985,
    "operatingIncome": 31200000,
    "operatingIncomeRatio": 0.0378824672,
    "totalOtherIncomeExpensesNet": 0,
    "incomeBeforeTax": 31200000,
    "incomeBeforeTaxRatio": 0.0378824672,
    "incomeTaxExpense": 800000,
    "netIncome": 30400000,
    "netIncomeRatio": 0.0369111219,
    "eps": 0.15,
    "epsdiluted": 0.14,
    "weightedAverageShsOut": 205200000,
    "weightedAverageShsOutDil": 212600000,
    "link": "https://www.sec.gov/Archives/edgar/data/106040/000095013704009675/0000950137-04-009675-index.htm",
    "finalLink": "https://www.sec.gov/Archives/edgar/data/106040/000095013704009675/a02899e10vq.htm"
  },
  {
    "date": "2004-07-02",
    "symbol": "WDC",
    "reportedCurrency": "USD",
    "cik": "0000106040",
    "fillingDate": "2004-09-14",
    "acceptedDate": "2004-09-14 16:12:31",
    "calendarYear": "2004",
    "period": "Q4",
    "revenue": 748800000,
    "costOfRevenue": 647900000,
    "grossProfit": 100900000,
    "grossProfitRatio": 0.1347489316,
    "researchAndDevelopmentExpenses": 46800000,
    "generalAndAdministrativeExpenses": 0,
    "sellingAndMarketingExpenses": 0,
    "sellingGeneralAndAdministrativeExpenses": 24300000,
    "otherExpenses": -151800000,
    "operatingExpenses": -80700000,
    "costAndExpenses": 567200000,
    "interestIncome": 0,
    "interestExpense": 0,
    "depreciationAndAmortization": 27700000,
    "ebitda": 209300000,
    "ebitdaratio": 0.2795138889,
    "operatingIncome": 181600000,
    "operatingIncomeRatio": 0.2425213675,
    "totalOtherIncomeExpensesNet": -151800000,
    "incomeBeforeTax": 29800000,
    "incomeBeforeTaxRatio": 0.0397970085,
    "incomeTaxExpense": 200000,
    "netIncome": 29600000,
    "netIncomeRatio": 0.0395299145,
    "eps": 0,
    "epsdiluted": 0,
    "weightedAverageShsOut": 0,
    "weightedAverageShsOutDil": 0,
    "link": "https://www.sec.gov/Archives/edgar/data/106040/000095013704007712/0000950137-04-007712-index.htm",
    "finalLink": "https://www.sec.gov/Archives/edgar/data/106040/000095013704007712/a01568e10vk.htm"
  },
  {
    "date": "2004-03-26",
    "symbol": "WDC",
    "reportedCurrency": "USD",
    "cik": "0000106040",
    "fillingDate": "2004-05-06",
    "acceptedDate": "2004-05-06 17:04:24",
    "calendarYear": "2004",
    "period": "Q3",
    "revenue": 748900000,
    "costOfRevenue": 626300000,
    "grossProfit": 122600000,
    "grossProfitRatio": 0.1637067699,
    "researchAndDevelopmentExpenses": 46500000,
    "generalAndAdministrativeExpenses": 0,
    "sellingAndMarketingExpenses": 0,
    "sellingGeneralAndAdministrativeExpenses": 27200000,
    "otherExpenses": 0,
    "operatingExpenses": 73700000,
    "costAndExpenses": 700000000,
    "interestIncome": 0,
    "interestExpense": 100000,
    "depreciationAndAmortization": 26800000,
    "ebitda": 75700000,
    "ebitdaratio": 0.1010815863,
    "operatingIncome": 48900000,
    "operatingIncomeRatio": 0.0652957671,
    "totalOtherIncomeExpensesNet": 100000,
    "incomeBeforeTax": 49000000,
    "incomeBeforeTaxRatio": 0.0654292963,
    "incomeTaxExpense": 1100000,
    "netIncome": 47900000,
    "netIncomeRatio": 0.0639604754,
    "eps": 0.23,
    "epsdiluted": 0.22,
    "weightedAverageShsOut": 206700000,
    "weightedAverageShsOutDil": 217500000,
    "link": "https://www.sec.gov/Archives/edgar/data/106040/000095013704003661/0000950137-04-003661-index.htm",
    "finalLink": "https://www.sec.gov/Archives/edgar/data/106040/000095013704003661/a98665e10vq.htm"
  },
  {
    "date": "2003-12-26",
    "symbol": "WDC",
    "reportedCurrency": "USD",
    "cik": "0000106040",
    "fillingDate": "2004-02-03",
    "acceptedDate": "2004-02-03 16:00:33",
    "calendarYear": "2004",
    "period": "Q2",
    "revenue": 834800000,
    "costOfRevenue": 693000000,
    "grossProfit": 141800000,
    "grossProfitRatio": 0.1698610446,
    "researchAndDevelopmentExpenses": 44000000,
    "generalAndAdministrativeExpenses": 0,
    "sellingAndMarketingExpenses": 0,
    "sellingGeneralAndAdministrativeExpenses": 26500000,
    "otherExpenses": 0,
    "operatingExpenses": 70500000,
    "costAndExpenses": 763500000,
    "interestIncome": 0,
    "interestExpense": 0,
    "depreciationAndAmortization": 25800000,
    "ebitda": 97100000,
    "ebitdaratio": 0.1163152851,
    "operatingIncome": 71300000,
    "operatingIncomeRatio": 0.085409679,
    "totalOtherIncomeExpensesNet": 0,
    "incomeBeforeTax": 71300000,
    "incomeBeforeTaxRatio": 0.085409679,
    "incomeTaxExpense": 2500000,
    "netIncome": 68800000,
    "netIncomeRatio": 0.0824149497,
    "eps": 0.33,
    "epsdiluted": 0.32,
    "weightedAverageShsOut": 205400000,
    "weightedAverageShsOutDil": 217900000,
    "link": "https://www.sec.gov/Archives/edgar/data/106040/000089256904000137/0000892569-04-000137-index.htm",
    "finalLink": "https://www.sec.gov/Archives/edgar/data/106040/000089256904000137/a96035e10vq.htm"
  },
  {
    "date": "2003-09-26",
    "symbol": "WDC",
    "reportedCurrency": "USD",
    "cik": "0000106040",
    "fillingDate": "2003-11-07",
    "acceptedDate": "2003-11-07 15:32:33",
    "calendarYear": "2004",
    "period": "Q1",
    "revenue": 714200000,
    "costOfRevenue": 618000000,
    "grossProfit": 96200000,
    "grossProfitRatio": 0.1346961635,
    "researchAndDevelopmentExpenses": 63700000,
    "generalAndAdministrativeExpenses": 0,
    "sellingAndMarketingExpenses": 0,
    "sellingGeneralAndAdministrativeExpenses": 27600000,
    "otherExpenses": 0,
    "operatingExpenses": 91300000,
    "costAndExpenses": 709300000,
    "interestIncome": 0,
    "interestExpense": 300000,
    "depreciationAndAmortization": 21400000,
    "ebitda": 26300000,
    "ebitdaratio": 0.0368244189,
    "operatingIncome": 4900000,
    "operatingIncomeRatio": 0.0068608233,
    "totalOtherIncomeExpensesNet": 300000,
    "incomeBeforeTax": 5200000,
    "incomeBeforeTaxRatio": 0.0072808737,
    "incomeTaxExpense": 200000,
    "netIncome": 5000000,
    "netIncomeRatio": 0.0070008401,
    "eps": 0.02,
    "epsdiluted": 0.02,
    "weightedAverageShsOut": 204100000,
    "weightedAverageShsOutDil": 215900000,
    "link": "https://www.sec.gov/Archives/edgar/data/106040/000089256903002515/0000892569-03-002515-index.htm",
    "finalLink": "https://www.sec.gov/Archives/edgar/data/106040/000089256903002515/a94249e10vq.htm"
  },
  {
    "date": "2003-06-27",
    "symbol": "WDC",
    "reportedCurrency": "USD",
    "cik": "0000106040",
    "fillingDate": "2003-09-23",
    "acceptedDate": "2003-09-23 17:24:55",
    "calendarYear": "2003",
    "period": "Q4",
    "revenue": 680262000,
    "costOfRevenue": 587106000,
    "grossProfit": 93156000,
    "grossProfitRatio": 0.1369413549,
    "researchAndDevelopmentExpenses": 33650000,
    "generalAndAdministrativeExpenses": 0,
    "sellingAndMarketingExpenses": 0,
    "sellingGeneralAndAdministrativeExpenses": 31123000,
    "otherExpenses": 0,
    "operatingExpenses": 64773000,
    "costAndExpenses": 651879000,
    "interestIncome": 0,
    "interestExpense": 1600000,
    "depreciationAndAmortization": 14102000,
    "ebitda": 42485000,
    "ebitdaratio": 0.0624538781,
    "operatingIncome": 28383000,
    "operatingIncomeRatio": 0.04172363,
    "totalOtherIncomeExpensesNet": 3965000,
    "incomeBeforeTax": 32348000,
    "incomeBeforeTaxRatio": 0.0475522666,
    "incomeTaxExpense": 1305000,
    "netIncome": 31023000,
    "netIncomeRatio": 0.0456044877,
    "eps": 0,
    "epsdiluted": 0,
    "weightedAverageShsOut": 0,
    "weightedAverageShsOutDil": 0,
    "link": "https://www.sec.gov/Archives/edgar/data/106040/000089256903002216/0000892569-03-002216-index.htm",
    "finalLink": "https://www.sec.gov/Archives/edgar/data/106040/000089256903002216/a93092e10vk.htm"
  },
  {
    "date": "2003-03-28",
    "symbol": "WDC",
    "reportedCurrency": "USD",
    "cik": "0000106040",
    "fillingDate": "2003-05-09",
    "acceptedDate": "2003-05-09 15:05:05",
    "calendarYear": "2003",
    "period": "Q3",
    "revenue": 705839000,
    "costOfRevenue": 583819000,
    "grossProfit": 122020000,
    "grossProfitRatio": 0.1728722839,
    "researchAndDevelopmentExpenses": 34726000,
    "generalAndAdministrativeExpenses": 0,
    "sellingAndMarketingExpenses": 0,
    "sellingGeneralAndAdministrativeExpenses": 30205000,
    "otherExpenses": 0,
    "operatingExpenses": 64931000,
    "costAndExpenses": 648750000,
    "interestIncome": 0,
    "interestExpense": 0,
    "depreciationAndAmortization": 12862000,
    "ebitda": 69951000,
    "ebitdaratio": 0.0991033366,
    "operatingIncome": 57089000,
    "operatingIncomeRatio": 0.0808810508,
    "totalOtherIncomeExpensesNet": -316000,
    "incomeBeforeTax": 56773000,
    "incomeBeforeTaxRatio": 0.0804333566,
    "incomeTaxExpense": 2271000,
    "netIncome": 54502000,
    "netIncomeRatio": 0.077215909,
    "eps": 0.28,
    "epsdiluted": 0.26,
    "weightedAverageShsOut": 196258000,
    "weightedAverageShsOutDil": 207724000,
    "link": "https://www.sec.gov/Archives/edgar/data/106040/000089256903001205/0000892569-03-001205-index.htm",
    "finalLink": "https://www.sec.gov/Archives/edgar/data/106040/000089256903001205/a89926e10vq.htm"
  },
  {
    "date": "2002-12-27",
    "symbol": "WDC",
    "reportedCurrency": "USD",
    "cik": "0000106040",
    "fillingDate": "2003-02-07",
    "acceptedDate": "2003-02-07 15:37:46",
    "calendarYear": "2003",
    "period": "Q2",
    "revenue": 749490000,
    "costOfRevenue": 605409000,
    "grossProfit": 144081000,
    "grossProfitRatio": 0.1922387223,
    "researchAndDevelopmentExpenses": 34410000,
    "generalAndAdministrativeExpenses": 0,
    "sellingAndMarketingExpenses": 0,
    "sellingGeneralAndAdministrativeExpenses": 33628000,
    "otherExpenses": 0,
    "operatingExpenses": 68038000,
    "costAndExpenses": 673447000,
    "interestIncome": 0,
    "interestExpense": 0,
    "depreciationAndAmortization": 11802000,
    "ebitda": 87845000,
    "ebitdaratio": 0.117206367,
    "operatingIncome": 76043000,
    "operatingIncomeRatio": 0.1014596592,
    "totalOtherIncomeExpensesNet": -780000,
    "incomeBeforeTax": 75263000,
    "incomeBeforeTaxRatio": 0.1004189516,
    "incomeTaxExpense": 2223000,
    "netIncome": 74360000,
    "netIncomeRatio": 0.0992141323,
    "eps": 0.38,
    "epsdiluted": 0.36,
    "weightedAverageShsOut": 193725000,
    "weightedAverageShsOutDil": 204123000,
    "link": "https://www.sec.gov/Archives/edgar/data/106040/000089256903000314/0000892569-03-000314-index.htm",
    "finalLink": "https://www.sec.gov/Archives/edgar/data/106040/000089256903000314/a87431e10vq.htm"
  },
  {
    "date": "2002-09-27",
    "symbol": "WDC",
    "reportedCurrency": "USD",
    "cik": "0000106040",
    "fillingDate": "2002-11-08",
    "acceptedDate": "2002-11-08 15:50:49",
    "calendarYear": "2003",
    "period": "Q1",
    "revenue": 582909000,
    "costOfRevenue": 499266000,
    "grossProfit": 83643000,
    "grossProfitRatio": 0.1434923805,
    "researchAndDevelopmentExpenses": 31914000,
    "generalAndAdministrativeExpenses": 0,
    "sellingAndMarketingExpenses": 0,
    "sellingGeneralAndAdministrativeExpenses": 26444000,
    "otherExpenses": 0,
    "operatingExpenses": 58358000,
    "costAndExpenses": 557624000,
    "interestIncome": 0,
    "interestExpense": 0,
    "depreciationAndAmortization": 11634000,
    "ebitda": 36919000,
    "ebitdaratio": 0.0633357865,
    "operatingIncome": 25285000,
    "operatingIncomeRatio": 0.0433772681,
    "totalOtherIncomeExpensesNet": -1269000,
    "incomeBeforeTax": 24016000,
    "incomeBeforeTaxRatio": 0.041200256,
    "incomeTaxExpense": 1801000,
    "netIncome": 22215000,
    "netIncomeRatio": 0.0381105799,
    "eps": 0.12,
    "epsdiluted": 0.11,
    "weightedAverageShsOut": 192464000,
    "weightedAverageShsOutDil": 196823000,
    "link": "https://www.sec.gov/Archives/edgar/data/106040/000089256902002190/0000892569-02-002190-index.htm",
    "finalLink": "https://www.sec.gov/Archives/edgar/data/106040/000089256902002190/a85682e10vq.htm"
  },
  {
    "date": "2002-06-28",
    "symbol": "WDC",
    "reportedCurrency": "USD",
    "cik": "0000106040",
    "fillingDate": "2002-09-25",
    "acceptedDate": "2002-09-25 15:09:24",
    "calendarYear": "2002",
    "period": "Q4",
    "revenue": 540672000,
    "costOfRevenue": 466654000,
    "grossProfit": 74018000,
    "grossProfitRatio": 0.1369000059,
    "researchAndDevelopmentExpenses": 24088000,
    "generalAndAdministrativeExpenses": 0,
    "sellingAndMarketingExpenses": 0,
    "sellingGeneralAndAdministrativeExpenses": 22726000,
    "otherExpenses": 0,
    "operatingExpenses": 46814000,
    "costAndExpenses": 513468000,
    "interestIncome": 0,
    "interestExpense": 1419000,
    "depreciationAndAmortization": 11470000,
    "ebitda": 38674000,
    "ebitdaratio": 0.071529504,
    "operatingIncome": 27204000,
    "operatingIncomeRatio": 0.0503151634,
    "totalOtherIncomeExpensesNet": -1350000,
    "incomeBeforeTax": 25854000,
    "incomeBeforeTaxRatio": 0.0478182706,
    "incomeTaxExpense": 484000,
    "netIncome": 13118000,
    "netIncomeRatio": 0.0242623994,
    "eps": 0,
    "epsdiluted": 0,
    "weightedAverageShsOut": 0,
    "weightedAverageShsOutDil": 0,
    "link": "https://www.sec.gov/Archives/edgar/data/106040/000089256902001988/0000892569-02-001988-index.htm",
    "finalLink": "https://www.sec.gov/Archives/edgar/data/106040/000089256902001988/a83140e10vk.htm"
  },
  {
    "date": "2002-03-29",
    "symbol": "WDC",
    "reportedCurrency": "USD",
    "cik": "0000106040",
    "fillingDate": "2002-05-06",
    "acceptedDate": "2002-05-06 16:57:13",
    "calendarYear": "2002",
    "period": "Q3",
    "revenue": 594867000,
    "costOfRevenue": 513849000,
    "grossProfit": 81018000,
    "grossProfitRatio": 0.1361951495,
    "researchAndDevelopmentExpenses": 33206000,
    "generalAndAdministrativeExpenses": 0,
    "sellingAndMarketingExpenses": 0,
    "sellingGeneralAndAdministrativeExpenses": 29760000,
    "otherExpenses": 0,
    "operatingExpenses": 62966000,
    "costAndExpenses": 576815000,
    "interestIncome": 0,
    "interestExpense": 0,
    "depreciationAndAmortization": 11715000,
    "ebitda": 29767000,
    "ebitdaratio": 0.0500397568,
    "operatingIncome": 18052000,
    "operatingIncomeRatio": 0.0303462791,
    "totalOtherIncomeExpensesNet": -492000,
    "incomeBeforeTax": 17560000,
    "incomeBeforeTaxRatio": 0.0295192035,
    "incomeTaxExpense": -1624000,
    "netIncome": 19198000,
    "netIncomeRatio": 0.0322727601,
    "eps": 0.1,
    "epsdiluted": 0.1,
    "weightedAverageShsOut": 190091000,
    "weightedAverageShsOutDil": 198355000,
    "link": "https://www.sec.gov/Archives/edgar/data/106040/000095012302004719/0000950123-02-004719-index.htm",
    "finalLink": "https://www.sec.gov/Archives/edgar/data/106040/000095012302004719/a80963e10-q.htm"
  },
  {
    "date": "2001-12-28",
    "symbol": "WDC",
    "reportedCurrency": "USD",
    "cik": "0000106040",
    "fillingDate": "2002-02-08",
    "acceptedDate": "2002-02-08 00:00:00",
    "calendarYear": "2002",
    "period": "Q2",
    "revenue": 574670000,
    "costOfRevenue": 504112000,
    "grossProfit": 70558000,
    "grossProfitRatio": 0.1227800303,
    "researchAndDevelopmentExpenses": 29212000,
    "generalAndAdministrativeExpenses": 0,
    "sellingAndMarketingExpenses": 0,
    "sellingGeneralAndAdministrativeExpenses": 28494000,
    "otherExpenses": 0,
    "operatingExpenses": 57706000,
    "costAndExpenses": 561818000,
    "interestIncome": 0,
    "interestExpense": 0,
    "depreciationAndAmortization": 11349000,
    "ebitda": 24201000,
    "ebitdaratio": 0.0421128648,
    "operatingIncome": 12852000,
    "operatingIncomeRatio": 0.0223641394,
    "totalOtherIncomeExpensesNet": 2593000,
    "incomeBeforeTax": 15445000,
    "incomeBeforeTaxRatio": 0.0268762942,
    "incomeTaxExpense": 0,
    "netIncome": 12594000,
    "netIncomeRatio": 0.0219151861,
    "eps": 0.07,
    "epsdiluted": 0.07,
    "weightedAverageShsOut": 187691000,
    "weightedAverageShsOutDil": 191624000,
    "link": "https://www.sec.gov/Archives/edgar/data/106040/000089256902000227/0000892569-02-000227-index.htm",
    "finalLink": "https://www.sec.gov/Archives/edgar/data/106040/000089256902000227/a78894e10-q.htm"
  },
  {
    "date": "2001-09-28",
    "symbol": "WDC",
    "reportedCurrency": "USD",
    "cik": "0000106040",
    "fillingDate": "2001-11-13",
    "acceptedDate": "2001-11-13 00:00:00",
    "calendarYear": "2002",
    "period": "Q1",
    "revenue": 440943000,
    "costOfRevenue": 384936000,
    "grossProfit": 56007000,
    "grossProfitRatio": 0.1270164171,
    "researchAndDevelopmentExpenses": 28845000,
    "generalAndAdministrativeExpenses": 0,
    "sellingAndMarketingExpenses": 0,
    "sellingGeneralAndAdministrativeExpenses": 27368000,
    "otherExpenses": 0,
    "operatingExpenses": 56213000,
    "costAndExpenses": 441149000,
    "interestIncome": 0,
    "interestExpense": 156000,
    "depreciationAndAmortization": 11260000,
    "ebitda": 11054000,
    "ebitdaratio": 0.0250689998,
    "operatingIncome": -206000,
    "operatingIncomeRatio": -0.0004671806,
    "totalOtherIncomeExpensesNet": -351000,
    "incomeBeforeTax": -557000,
    "incomeBeforeTaxRatio": -0.0012632018,
    "incomeTaxExpense": 0,
    "netIncome": 20518000,
    "netIncomeRatio": 0.0465320914,
    "eps": -0.11,
    "epsdiluted": -0.11,
    "weightedAverageShsOut": 186635000,
    "weightedAverageShsOutDil": 186635000,
    "link": "https://www.sec.gov/Archives/edgar/data/106040/000089256901500984/0000892569-01-500984-index.htm",
    "finalLink": "https://www.sec.gov/Archives/edgar/data/106040/000089256901500984/a77118e10-q.htm"
  },
  {
    "date": "2001-06-29",
    "symbol": "WDC",
    "reportedCurrency": "USD",
    "cik": "0000106040",
    "fillingDate": "2001-09-27",
    "acceptedDate": "2001-09-27 00:00:00",
    "calendarYear": "2001",
    "period": "Q4",
    "revenue": 449081000,
    "costOfRevenue": 435549000,
    "grossProfit": 13532000,
    "grossProfitRatio": 0.0301326487,
    "researchAndDevelopmentExpenses": 14632000,
    "generalAndAdministrativeExpenses": 0,
    "sellingAndMarketingExpenses": 0,
    "sellingGeneralAndAdministrativeExpenses": 16261000,
    "otherExpenses": -39692000,
    "operatingExpenses": -8799000,
    "costAndExpenses": 426750000,
    "interestIncome": 0,
    "interestExpense": 0,
    "depreciationAndAmortization": 12213000,
    "ebitda": 34544000,
    "ebitdaratio": 0.0769215353,
    "operatingIncome": 22331000,
    "operatingIncomeRatio": 0.049725996,
    "totalOtherIncomeExpensesNet": -22331000,
    "incomeBeforeTax": 0,
    "incomeBeforeTaxRatio": 0,
    "incomeTaxExpense": 0,
    "netIncome": -64084000,
    "netIncomeRatio": -0.1427003146,
    "eps": 0,
    "epsdiluted": 0,
    "weightedAverageShsOut": 0,
    "weightedAverageShsOutDil": 0,
    "link": "https://www.sec.gov/Archives/edgar/data/106040/000109581101505236/0001095811-01-505236-index.htm",
    "finalLink": "https://www.sec.gov/Archives/edgar/data/106040/000109581101505236/a75704e10-k.htm"
  },
  {
    "date": "2001-03-30",
    "symbol": "WDC",
    "reportedCurrency": "USD",
    "cik": "0000106040",
    "fillingDate": "2001-05-14",
    "acceptedDate": "2001-05-14 00:00:00",
    "calendarYear": "2001",
    "period": "Q3",
    "revenue": 511723000,
    "costOfRevenue": 448428000,
    "grossProfit": 63295000,
    "grossProfitRatio": 0.1236899651,
    "researchAndDevelopmentExpenses": 32085000,
    "generalAndAdministrativeExpenses": 0,
    "sellingAndMarketingExpenses": 0,
    "sellingGeneralAndAdministrativeExpenses": 30225000,
    "otherExpenses": 0,
    "operatingExpenses": 62310000,
    "costAndExpenses": 510738000,
    "interestIncome": 0,
    "interestExpense": 0,
    "depreciationAndAmortization": 12905000,
    "ebitda": 13890000,
    "ebitdaratio": 0.0271435914,
    "operatingIncome": 985000,
    "operatingIncomeRatio": 0.0019248695,
    "totalOtherIncomeExpensesNet": -985000,
    "incomeBeforeTax": 0,
    "incomeBeforeTaxRatio": 0,
    "incomeTaxExpense": 0,
    "netIncome": -5748000,
    "netIncomeRatio": -0.0112326395,
    "eps": -0.03,
    "epsdiluted": -0.03,
    "weightedAverageShsOut": 176250000,
    "weightedAverageShsOutDil": 176250000,
    "link": "https://www.sec.gov/Archives/edgar/data/106040/000089256901500299/0000892569-01-500299-index.htm",
    "finalLink": "https://www.sec.gov/Archives/edgar/data/106040/000089256901500299/a72481e10-q.txt"
  },
  {
    "date": "2000-12-29",
    "symbol": "WDC",
    "reportedCurrency": "USD",
    "cik": "0000106040",
    "fillingDate": "2001-02-12",
    "acceptedDate": "2001-02-12 00:00:00",
    "calendarYear": "2001",
    "period": "Q2",
    "revenue": 530720000,
    "costOfRevenue": 454182000,
    "grossProfit": 76538000,
    "grossProfitRatio": 0.1442154055,
    "researchAndDevelopmentExpenses": 37367000,
    "generalAndAdministrativeExpenses": 0,
    "sellingAndMarketingExpenses": 0,
    "sellingGeneralAndAdministrativeExpenses": 35771000,
    "otherExpenses": 13027000,
    "operatingExpenses": 86165000,
    "costAndExpenses": 540347000,
    "interestIncome": 0,
    "interestExpense": 0,
    "depreciationAndAmortization": 13073000,
    "ebitda": 3446000,
    "ebitdaratio": 0.006493066,
    "operatingIncome": -9627000,
    "operatingIncomeRatio": -0.0181395086,
    "totalOtherIncomeExpensesNet": 9627000,
    "incomeBeforeTax": 0,
    "incomeBeforeTaxRatio": 0,
    "incomeTaxExpense": 0,
    "netIncome": 1788000,
    "netIncomeRatio": 0.0033690081,
    "eps": 0.01,
    "epsdiluted": 0.01,
    "weightedAverageShsOut": 171175000,
    "weightedAverageShsOutDil": 171175000,
    "link": "https://www.sec.gov/Archives/edgar/data/106040/000109581101001019/0001095811-01-001019-index.htm",
    "finalLink": "https://www.sec.gov/Archives/edgar/data/106040/000109581101001019/a69414e10-q.txt"
  },
  {
    "date": "2000-09-29",
    "symbol": "WDC",
    "reportedCurrency": "USD",
    "cik": "0000106040",
    "fillingDate": "2000-11-13",
    "acceptedDate": "2000-11-13 00:00:00",
    "calendarYear": "2001",
    "period": "Q1",
    "revenue": 424366000,
    "costOfRevenue": 398430000,
    "grossProfit": 25936000,
    "grossProfitRatio": 0.0611170546,
    "researchAndDevelopmentExpenses": 32001000,
    "generalAndAdministrativeExpenses": 0,
    "sellingAndMarketingExpenses": 0,
    "sellingGeneralAndAdministrativeExpenses": 29523000,
    "otherExpenses": 0,
    "operatingExpenses": 61524000,
    "costAndExpenses": 459954000,
    "interestIncome": 0,
    "interestExpense": 0,
    "depreciationAndAmortization": 13714000,
    "ebitda": -21874000,
    "ebitdaratio": -0.0515451285,
    "operatingIncome": -35588000,
    "operatingIncomeRatio": -0.0838615723,
    "totalOtherIncomeExpensesNet": 35588000,
    "incomeBeforeTax": 0,
    "incomeBeforeTaxRatio": 0,
    "incomeTaxExpense": 0,
    "netIncome": -35526000,
    "netIncomeRatio": -0.083715472,
    "eps": -0.24,
    "epsdiluted": -0.24,
    "weightedAverageShsOut": 148044000,
    "weightedAverageShsOutDil": 148044000,
    "link": "https://www.sec.gov/Archives/edgar/data/106040/000109581100004682/0001095811-00-004682-index.htm",
    "finalLink": "https://www.sec.gov/Archives/edgar/data/106040/000109581100004682/a67154e10-q.txt"
  },
  {
    "date": "2000-06-30",
    "symbol": "WDC",
    "reportedCurrency": "USD",
    "cik": "0000106040",
    "fillingDate": "2000-09-28",
    "acceptedDate": "2000-09-28 00:00:00",
    "calendarYear": "2000",
    "period": "Q4",
    "revenue": 473862000,
    "costOfRevenue": 418773000,
    "grossProfit": 55089000,
    "grossProfitRatio": 0.1162553655,
    "researchAndDevelopmentExpenses": 35202000,
    "generalAndAdministrativeExpenses": 0,
    "sellingAndMarketingExpenses": 0,
    "sellingGeneralAndAdministrativeExpenses": 21461000,
    "otherExpenses": 13503000,
    "operatingExpenses": 70166000,
    "costAndExpenses": 488939000,
    "interestIncome": 0,
    "interestExpense": 0,
    "depreciationAndAmortization": 13503000,
    "ebitda": -1574000,
    "ebitdaratio": -0.0033216422,
    "operatingIncome": -15077000,
    "operatingIncomeRatio": -0.0318172801,
    "totalOtherIncomeExpensesNet": 15077000,
    "incomeBeforeTax": 0,
    "incomeBeforeTaxRatio": 0,
    "incomeTaxExpense": 0,
    "netIncome": 4165000,
    "netIncomeRatio": 0.0087894788,
    "eps": 0,
    "epsdiluted": 0,
    "weightedAverageShsOut": 0,
    "weightedAverageShsOutDil": 0,
    "link": "https://www.sec.gov/Archives/edgar/data/106040/000109581100003657/0001095811-00-003657-index.htm",
    "finalLink": "https://www.sec.gov/Archives/edgar/data/106040/000109581100003657/a65804e10-k.htm"
  },
  {
    "date": "2000-03-31",
    "symbol": "WDC",
    "reportedCurrency": "USD",
    "cik": "0000106040",
    "fillingDate": "2000-05-15",
    "acceptedDate": "2000-05-15 00:00:00",
    "calendarYear": "2000",
    "period": "Q3",
    "revenue": 516587000,
    "costOfRevenue": 487254000,
    "grossProfit": 29333000,
    "grossProfitRatio": 0.0567823039,
    "researchAndDevelopmentExpenses": 33770000,
    "generalAndAdministrativeExpenses": 0,
    "sellingAndMarketingExpenses": 0,
    "sellingGeneralAndAdministrativeExpenses": 33970000,
    "otherExpenses": 17749000,
    "operatingExpenses": 85489000,
    "costAndExpenses": 572743000,
    "interestIncome": 0,
    "interestExpense": 0,
    "depreciationAndAmortization": 17749000,
    "ebitda": -38407000,
    "ebitdaratio": -0.074347593,
    "operatingIncome": -56156000,
    "operatingIncomeRatio": -0.108705794,
    "totalOtherIncomeExpensesNet": 56156000,
    "incomeBeforeTax": 0,
    "incomeBeforeTaxRatio": 0,
    "incomeTaxExpense": 0,
    "netIncome": -70669000,
    "netIncomeRatio": -0.1367998033,
    "eps": -0.53,
    "epsdiluted": -0.53,
    "weightedAverageShsOut": 133903000,
    "weightedAverageShsOutDil": 133903000,
    "link": "https://www.sec.gov/Archives/edgar/data/106040/000109581100001487/0001095811-00-001487-index.htm",
    "finalLink": "https://www.sec.gov/Archives/edgar/data/106040/000109581100001487/0001095811-00-001487.txt"
  },
  {
    "date": "1999-12-31",
    "symbol": "WDC",
    "reportedCurrency": "USD",
    "cik": "0000106040",
    "fillingDate": "2000-02-14",
    "acceptedDate": "2000-02-14 00:00:00",
    "calendarYear": "2000",
    "period": "Q2",
    "revenue": 560200000,
    "costOfRevenue": 517400000,
    "grossProfit": 42800000,
    "grossProfitRatio": 0.0764012853,
    "researchAndDevelopmentExpenses": 44100000,
    "generalAndAdministrativeExpenses": 0,
    "sellingAndMarketingExpenses": 0,
    "sellingGeneralAndAdministrativeExpenses": 39100000,
    "otherExpenses": 22500000,
    "operatingExpenses": 105700000,
    "costAndExpenses": 623100000,
    "interestIncome": 0,
    "interestExpense": 0,
    "depreciationAndAmortization": 22500000,
    "ebitda": -40400000,
    "ebitdaratio": -0.072117101,
    "operatingIncome": -62900000,
    "operatingIncomeRatio": -0.1122813281,
    "totalOtherIncomeExpensesNet": 62900000,
    "incomeBeforeTax": 0,
    "incomeBeforeTaxRatio": 0,
    "incomeTaxExpense": 0,
    "netIncome": -15200000,
    "netIncomeRatio": -0.0271331667,
    "eps": -0.13,
    "epsdiluted": -0.13,
    "weightedAverageShsOut": 121128000,
    "weightedAverageShsOutDil": 121128000,
    "link": "https://www.sec.gov/Archives/edgar/data/106040/000089256900000212/0000892569-00-000212-index.htm",
    "finalLink": "https://www.sec.gov/Archives/edgar/data/106040/000089256900000212/0000892569-00-000212.txt"
  },
  {
    "date": "1999-10-02",
    "symbol": "WDC",
    "reportedCurrency": "USD",
    "cik": "0000106040",
    "fillingDate": "1999-11-16",
    "acceptedDate": "1999-11-16 00:00:00",
    "calendarYear": "2000",
    "period": "Q1",
    "revenue": 407000000,
    "costOfRevenue": 447600000,
    "grossProfit": -40600000,
    "grossProfitRatio": -0.0997542998,
    "researchAndDevelopmentExpenses": 50100000,
    "generalAndAdministrativeExpenses": 0,
    "sellingAndMarketingExpenses": 0,
    "sellingGeneralAndAdministrativeExpenses": 43800000,
    "otherExpenses": 24700000,
    "operatingExpenses": 118600000,
    "costAndExpenses": 566200000,
    "interestIncome": 0,
    "interestExpense": 0,
    "depreciationAndAmortization": 24700000,
    "ebitda": -134500000,
    "ebitdaratio": -0.3304668305,
    "operatingIncome": -159200000,
    "operatingIncomeRatio": -0.3911547912,
    "totalOtherIncomeExpensesNet": 159200000,
    "incomeBeforeTax": 0,
    "incomeBeforeTaxRatio": 0,
    "incomeTaxExpense": 0,
    "netIncome": -106300000,
    "netIncomeRatio": -0.2611793612,
    "eps": -1.11,
    "epsdiluted": -1.11,
    "weightedAverageShsOut": 95765766,
    "weightedAverageShsOutDil": 95765766,
    "link": "https://www.sec.gov/Archives/edgar/data/106040/000089256999003120/0000892569-99-003120-index.htm",
    "finalLink": "https://www.sec.gov/Archives/edgar/data/106040/000089256999003120/0000892569-99-003120.txt"
  },
  {
    "date": "1999-07-03",
    "symbol": "WDC",
    "reportedCurrency": "USD",
    "cik": "0000106040",
    "fillingDate": "1999-10-01",
    "acceptedDate": "1999-10-01 00:00:00",
    "calendarYear": "1999",
    "period": "Q4",
    "revenue": 709300000,
    "costOfRevenue": 659200000,
    "grossProfit": 50100000,
    "grossProfitRatio": 0.0706330185,
    "researchAndDevelopmentExpenses": 52000000,
    "generalAndAdministrativeExpenses": 0,
    "sellingAndMarketingExpenses": 0,
    "sellingGeneralAndAdministrativeExpenses": 44600000,
    "otherExpenses": 29300000,
    "operatingExpenses": 125900000,
    "costAndExpenses": 785100000,
    "interestIncome": 0,
    "interestExpense": 0,
    "depreciationAndAmortization": 29300000,
    "ebitda": -46500000,
    "ebitdaratio": -0.065557592,
    "operatingIncome": -75800000,
    "operatingIncomeRatio": -0.1068659242,
    "totalOtherIncomeExpensesNet": 75800000,
    "incomeBeforeTax": 0,
    "incomeBeforeTaxRatio": 0,
    "incomeTaxExpense": 0,
    "netIncome": -101500000,
    "netIncomeRatio": -0.1430988298,
    "eps": 0,
    "epsdiluted": 0,
    "weightedAverageShsOut": 0,
    "weightedAverageShsOutDil": 0,
    "link": "https://www.sec.gov/Archives/edgar/data/106040/000089256999002580/0000892569-99-002580-index.htm",
    "finalLink": "https://www.sec.gov/Archives/edgar/data/106040/000089256999002580/0000892569-99-002580-d1.html"
  },
  {
    "date": "1999-03-27",
    "symbol": "WDC",
    "reportedCurrency": "USD",
    "cik": "0000106040",
    "fillingDate": "1999-05-11",
    "acceptedDate": "1999-05-11 00:00:00",
    "calendarYear": "1999",
    "period": "Q3",
    "revenue": 668500000,
    "costOfRevenue": 594100000,
    "grossProfit": 74400000,
    "grossProfitRatio": 0.1112939417,
    "researchAndDevelopmentExpenses": 62700000,
    "generalAndAdministrativeExpenses": 0,
    "sellingAndMarketingExpenses": 0,
    "sellingGeneralAndAdministrativeExpenses": 46200000,
    "otherExpenses": 34500000,
    "operatingExpenses": 143400000,
    "costAndExpenses": 737500000,
    "interestIncome": 0,
    "interestExpense": 0,
    "depreciationAndAmortization": 34500000,
    "ebitda": -34500000,
    "ebitdaratio": -0.0516080778,
    "operatingIncome": -69000000,
    "operatingIncomeRatio": -0.1032161556,
    "totalOtherIncomeExpensesNet": 69000000,
    "incomeBeforeTax": 0,
    "incomeBeforeTaxRatio": 0,
    "incomeTaxExpense": 0,
    "netIncome": -114300000,
    "netIncomeRatio": -0.1709798055,
    "eps": -1.27,
    "epsdiluted": -1.27,
    "weightedAverageShsOut": 90000000,
    "weightedAverageShsOutDil": 90000000,
    "link": "https://www.sec.gov/Archives/edgar/data/106040/000089256999001321/0000892569-99-001321-index.htm",
    "finalLink": "https://www.sec.gov/Archives/edgar/data/106040/0000892569-99-001321.txt"
  },
  {
    "date": "1998-12-26",
    "symbol": "WDC",
    "reportedCurrency": "USD",
    "cik": "0000106040",
    "fillingDate": "1999-02-08",
    "acceptedDate": "1999-02-08 00:00:00",
    "calendarYear": "1999",
    "period": "Q2",
    "revenue": 738600000,
    "costOfRevenue": 685800000,
    "grossProfit": 52800000,
    "grossProfitRatio": 0.0714865963,
    "researchAndDevelopmentExpenses": 50400000,
    "generalAndAdministrativeExpenses": 0,
    "sellingAndMarketingExpenses": 0,
    "sellingGeneralAndAdministrativeExpenses": 47800000,
    "otherExpenses": 33600000,
    "operatingExpenses": 131800000,
    "costAndExpenses": 817600000,
    "interestIncome": 0,
    "interestExpense": 0,
    "depreciationAndAmortization": 33700000,
    "ebitda": -45300000,
    "ebitdaratio": -0.0613322502,
    "operatingIncome": -79000000,
    "operatingIncomeRatio": -0.1069591118,
    "totalOtherIncomeExpensesNet": 79000000,
    "incomeBeforeTax": 0,
    "incomeBeforeTaxRatio": 0,
    "incomeTaxExpense": 0,
    "netIncome": -82300000,
    "netIncomeRatio": -0.1114270241,
    "eps": -0.93,
    "epsdiluted": -0.93,
    "weightedAverageShsOut": 88494624,
    "weightedAverageShsOutDil": 88494624,
    "link": "https://www.sec.gov/Archives/edgar/data/106040/000089256999000222/0000892569-99-000222-index.htm",
    "finalLink": "https://www.sec.gov/Archives/edgar/data/106040/0000892569-99-000222.txt"
  },
  {
    "date": "1998-09-26",
    "symbol": "WDC",
    "reportedCurrency": "USD",
    "cik": "0000106040",
    "fillingDate": "1998-11-10",
    "acceptedDate": "1998-11-10 00:00:00",
    "calendarYear": "1999",
    "period": "Q1",
    "revenue": 650900000,
    "costOfRevenue": 700000000,
    "grossProfit": -49100000,
    "grossProfitRatio": -0.0754340144,
    "researchAndDevelopmentExpenses": 51900000,
    "generalAndAdministrativeExpenses": 0,
    "sellingAndMarketingExpenses": 0,
    "sellingGeneralAndAdministrativeExpenses": 57300000,
    "otherExpenses": 33600000,
    "operatingExpenses": 142800000,
    "costAndExpenses": 842800000,
    "interestIncome": 0,
    "interestExpense": 0,
    "depreciationAndAmortization": 33600000,
    "ebitda": -158300000,
    "ebitdaratio": -0.2432017207,
    "operatingIncome": -191900000,
    "operatingIncomeRatio": -0.2948225534,
    "totalOtherIncomeExpensesNet": 191900000,
    "incomeBeforeTax": 0,
    "incomeBeforeTaxRatio": 0,
    "incomeTaxExpense": 0,
    "netIncome": -194700000,
    "netIncomeRatio": -0.2991242894,
    "eps": -2.2,
    "epsdiluted": -2.2,
    "weightedAverageShsOut": 88500000,
    "weightedAverageShsOutDil": 88500000,
    "link": "https://www.sec.gov/Archives/edgar/data/106040/000089256998002948/0000892569-98-002948-index.htm",
    "finalLink": "https://www.sec.gov/Archives/edgar/data/106040/0000892569-98-002948.txt"
  },
  {
    "date": "1998-06-27",
    "symbol": "WDC",
    "reportedCurrency": "USD",
    "cik": "0000106040",
    "fillingDate": "1998-09-01",
    "acceptedDate": "1998-09-01 00:00:00",
    "calendarYear": "1998",
    "period": "Q4",
    "revenue": 650500000,
    "costOfRevenue": 659500000,
    "grossProfit": -9000000,
    "grossProfitRatio": -0.0138355111,
    "researchAndDevelopmentExpenses": 70000000,
    "generalAndAdministrativeExpenses": 0,
    "sellingAndMarketingExpenses": 0,
    "sellingGeneralAndAdministrativeExpenses": 50700000,
    "otherExpenses": 32800000,
    "operatingExpenses": 153500000,
    "costAndExpenses": 813000000,
    "interestIncome": 0,
    "interestExpense": 0,
    "depreciationAndAmortization": 32800000,
    "ebitda": -129700000,
    "ebitdaratio": -0.1993850884,
    "operatingIncome": -162500000,
    "operatingIncomeRatio": -0.2498078401,
    "totalOtherIncomeExpensesNet": -200000,
    "incomeBeforeTax": -162700000,
    "incomeBeforeTaxRatio": -0.2501152959,
    "incomeTaxExpense": 0,
    "netIncome": -162700000,
    "netIncomeRatio": -0.2501152959,
    "eps": 0,
    "epsdiluted": 0,
    "weightedAverageShsOut": 0,
    "weightedAverageShsOutDil": 0,
    "link": "https://www.sec.gov/Archives/edgar/data/106040/000089256998002462/0000892569-98-002462-index.htm",
    "finalLink": "https://www.sec.gov/Archives/edgar/data/106040/0000892569-98-002462.txt"
  },
  {
    "date": "1998-03-28",
    "symbol": "WDC",
    "reportedCurrency": "USD",
    "cik": "0000106040",
    "fillingDate": "1998-05-12",
    "acceptedDate": "1998-05-12 00:00:00",
    "calendarYear": "1998",
    "period": "Q3",
    "revenue": 831300000,
    "costOfRevenue": 768600000,
    "grossProfit": 62700000,
    "grossProfitRatio": 0.0754240346,
    "researchAndDevelopmentExpenses": 46900000,
    "generalAndAdministrativeExpenses": 0,
    "sellingAndMarketingExpenses": 0,
    "sellingGeneralAndAdministrativeExpenses": 47600000,
    "otherExpenses": 26400000,
    "operatingExpenses": 120900000,
    "costAndExpenses": 889500000,
    "interestIncome": 0,
    "interestExpense": 0,
    "depreciationAndAmortization": 26400000,
    "ebitda": -31800000,
    "ebitdaratio": -0.0382533381,
    "operatingIncome": -58200000,
    "operatingIncomeRatio": -0.0700108264,
    "totalOtherIncomeExpensesNet": -500000,
    "incomeBeforeTax": -58700000,
    "incomeBeforeTaxRatio": -0.070612294,
    "incomeTaxExpense": -13700000,
    "netIncome": -45000000,
    "netIncomeRatio": -0.0541320823,
    "eps": -0.51,
    "epsdiluted": -0.51,
    "weightedAverageShsOut": 88235294,
    "weightedAverageShsOutDil": 88235294,
    "link": "https://www.sec.gov/Archives/edgar/data/106040/000089256998001367/0000892569-98-001367-index.htm",
    "finalLink": "https://www.sec.gov/Archives/edgar/data/106040/0000892569-98-001367.txt"
  },
  {
    "date": "1997-12-27",
    "symbol": "WDC",
    "reportedCurrency": "USD",
    "cik": "0000106040",
    "fillingDate": "1998-02-05",
    "acceptedDate": "1998-02-05 00:00:00",
    "calendarYear": "1998",
    "period": "Q2",
    "revenue": 969600000,
    "costOfRevenue": 999700000,
    "grossProfit": -30100000,
    "grossProfitRatio": -0.0310437294,
    "researchAndDevelopmentExpenses": 44500000,
    "generalAndAdministrativeExpenses": 0,
    "sellingAndMarketingExpenses": 0,
    "sellingGeneralAndAdministrativeExpenses": 47200000,
    "otherExpenses": 25400000,
    "operatingExpenses": 117100000,
    "costAndExpenses": 1116800000,
    "interestIncome": 0,
    "interestExpense": 0,
    "depreciationAndAmortization": 25400000,
    "ebitda": -121800000,
    "ebitdaratio": -0.1256188119,
    "operatingIncome": -147200000,
    "operatingIncomeRatio": -0.1518151815,
    "totalOtherIncomeExpensesNet": 147200000,
    "incomeBeforeTax": 0,
    "incomeBeforeTaxRatio": 0,
    "incomeTaxExpense": 0,
    "netIncome": -145200000,
    "netIncomeRatio": -0.1497524752,
    "eps": -1.66,
    "epsdiluted": -1.66,
    "weightedAverageShsOut": 87469880,
    "weightedAverageShsOutDil": 87469880,
    "link": "https://www.sec.gov/Archives/edgar/data/106040/000089256998000250/0000892569-98-000250-index.htm",
    "finalLink": "https://www.sec.gov/Archives/edgar/data/106040/0000892569-98-000250.txt"
  },
  {
    "date": "1997-09-27",
    "symbol": "WDC",
    "reportedCurrency": "USD",
    "cik": "0000106040",
    "fillingDate": "1997-11-07",
    "acceptedDate": "1997-11-07 00:00:00",
    "calendarYear": "1998",
    "period": "Q1",
    "revenue": 1090200000,
    "costOfRevenue": 907100000,
    "grossProfit": 183100000,
    "grossProfitRatio": 0.1679508347,
    "researchAndDevelopmentExpenses": 42300000,
    "generalAndAdministrativeExpenses": 0,
    "sellingAndMarketingExpenses": 0,
    "sellingGeneralAndAdministrativeExpenses": 46700000,
    "otherExpenses": 22000000,
    "operatingExpenses": 111000000,
    "costAndExpenses": 1018100000,
    "interestIncome": 0,
    "interestExpense": 0,
    "depreciationAndAmortization": 22000000,
    "ebitda": 94100000,
    "ebitdaratio": 0.0863144377,
    "operatingIncome": 72100000,
    "operatingIncomeRatio": 0.0661346542,
    "totalOtherIncomeExpensesNet": 2500000,
    "incomeBeforeTax": 74600000,
    "incomeBeforeTaxRatio": 0.0684278114,
    "incomeTaxExpense": 11900000,
    "netIncome": 62700000,
    "netIncomeRatio": 0.057512383,
    "eps": 0.72,
    "epsdiluted": 0.67,
    "weightedAverageShsOut": 87083333,
    "weightedAverageShsOutDil": 93582090,
    "link": "https://www.sec.gov/Archives/edgar/data/106040/000089256997003029/0000892569-97-003029-index.htm",
    "finalLink": "https://www.sec.gov/Archives/edgar/data/106040/0000892569-97-003029.txt"
  },
  {
    "date": "1997-06-28",
    "symbol": "WDC",
    "reportedCurrency": "USD",
    "cik": "0000106040",
    "fillingDate": "1997-09-12",
    "acceptedDate": "1997-09-12 00:00:00",
    "calendarYear": "1997",
    "period": "Q4",
    "revenue": 1079900000,
    "costOfRevenue": 873700000,
    "grossProfit": 206200000,
    "grossProfitRatio": 0.1909436059,
    "researchAndDevelopmentExpenses": 40300000,
    "generalAndAdministrativeExpenses": 0,
    "sellingAndMarketingExpenses": 0,
    "sellingGeneralAndAdministrativeExpenses": 49000000,
    "otherExpenses": 17100000,
    "operatingExpenses": 106400000,
    "costAndExpenses": 980100000,
    "interestIncome": 0,
    "interestExpense": 0,
    "depreciationAndAmortization": 17100000,
    "ebitda": 116900000,
    "ebitdaratio": 0.108250764,
    "operatingIncome": 99800000,
    "operatingIncomeRatio": 0.0924159644,
    "totalOtherIncomeExpensesNet": 3600000,
    "incomeBeforeTax": 103400000,
    "incomeBeforeTaxRatio": 0.0957496064,
    "incomeTaxExpense": 15500000,
    "netIncome": 87900000,
    "netIncomeRatio": 0.0813964256,
    "eps": 0,
    "epsdiluted": 0,
    "weightedAverageShsOut": 0,
    "weightedAverageShsOutDil": 0,
    "link": "https://www.sec.gov/Archives/edgar/data/106040/000089256997002550/0000892569-97-002550-index.htm",
    "finalLink": "https://www.sec.gov/Archives/edgar/data/106040/000089256997002550/"
  },
  {
    "date": "1997-03-29",
    "symbol": "WDC",
    "reportedCurrency": "USD",
    "cik": "0000106040",
    "fillingDate": "1997-05-09",
    "acceptedDate": "1997-05-09 00:00:00",
    "calendarYear": "1997",
    "period": "Q3",
    "revenue": 1096200000,
    "costOfRevenue": 893300000,
    "grossProfit": 202900000,
    "grossProfitRatio": 0.185093961,
    "researchAndDevelopmentExpenses": 39700000,
    "generalAndAdministrativeExpenses": 0,
    "sellingAndMarketingExpenses": 0,
    "sellingGeneralAndAdministrativeExpenses": 51100000,
    "otherExpenses": 18100000,
    "operatingExpenses": 108900000,
    "costAndExpenses": 1002200000,
    "interestIncome": 0,
    "interestExpense": 0,
    "depreciationAndAmortization": 18100000,
    "ebitda": 112100000,
    "ebitdaratio": 0.1022623609,
    "operatingIncome": 94000000,
    "operatingIncomeRatio": 0.0857507754,
    "totalOtherIncomeExpensesNet": 3200000,
    "incomeBeforeTax": 97200000,
    "incomeBeforeTaxRatio": 0.0886699507,
    "incomeTaxExpense": 14600000,
    "netIncome": 82600000,
    "netIncomeRatio": 0.0753512133,
    "eps": 0.95,
    "epsdiluted": 0.88,
    "weightedAverageShsOut": 86947368,
    "weightedAverageShsOutDil": 93863636,
    "link": "https://www.sec.gov/Archives/edgar/data/106040/000089256997001284/0000892569-97-001284-index.htm",
    "finalLink": "https://www.sec.gov/Archives/edgar/data/106040/0000892569-97-001284.txt"
  },
  {
    "date": "1996-12-28",
    "symbol": "WDC",
    "reportedCurrency": "USD",
    "cik": "0000106040",
    "fillingDate": "1997-02-10",
    "acceptedDate": "1997-02-10 00:00:00",
    "calendarYear": "1997",
    "period": "Q2",
    "revenue": 1118600000,
    "costOfRevenue": 942000000,
    "grossProfit": 176600000,
    "grossProfitRatio": 0.1578759163,
    "researchAndDevelopmentExpenses": 36000000,
    "generalAndAdministrativeExpenses": 0,
    "sellingAndMarketingExpenses": 0,
    "sellingGeneralAndAdministrativeExpenses": 55600000,
    "otherExpenses": 13300000,
    "operatingExpenses": 104900000,
    "costAndExpenses": 1046900000,
    "interestIncome": 0,
    "interestExpense": 0,
    "depreciationAndAmortization": 13300000,
    "ebitda": 85000000,
    "ebitdaratio": 0.0759878419,
    "operatingIncome": 71700000,
    "operatingIncomeRatio": 0.0640979796,
    "totalOtherIncomeExpensesNet": 3800000,
    "incomeBeforeTax": 75500000,
    "incomeBeforeTaxRatio": 0.0674950831,
    "incomeTaxExpense": 11300000,
    "netIncome": 64200000,
    "netIncomeRatio": 0.05739317,
    "eps": 0.73,
    "epsdiluted": 0.68,
    "weightedAverageShsOut": 87945205,
    "weightedAverageShsOutDil": 94411765,
    "link": "https://www.sec.gov/Archives/edgar/data/106040/000089256997000307/0000892569-97-000307-index.htm",
    "finalLink": "https://www.sec.gov/Archives/edgar/data/106040/0000892569-97-000307.txt"
  },
  {
    "date": "1996-09-28",
    "symbol": "WDC",
    "reportedCurrency": "USD",
    "cik": "0000106040",
    "fillingDate": "1996-11-12",
    "acceptedDate": "1996-11-12 00:00:00",
    "calendarYear": "1997",
    "period": "Q1",
    "revenue": 883100000,
    "costOfRevenue": 755200000,
    "grossProfit": 127900000,
    "grossProfitRatio": 0.14483071,
    "researchAndDevelopmentExpenses": 34300000,
    "generalAndAdministrativeExpenses": 0,
    "sellingAndMarketingExpenses": 0,
    "sellingGeneralAndAdministrativeExpenses": 42900000,
    "otherExpenses": 15000000,
    "operatingExpenses": 92200000,
    "costAndExpenses": 847400000,
    "interestIncome": 0,
    "interestExpense": 0,
    "depreciationAndAmortization": 15000000,
    "ebitda": 50700000,
    "ebitdaratio": 0.0574113917,
    "operatingIncome": 35700000,
    "operatingIncomeRatio": 0.0404257728,
    "totalOtherIncomeExpensesNet": 3100000,
    "incomeBeforeTax": 38800000,
    "incomeBeforeTaxRatio": 0.0439361341,
    "incomeTaxExpense": 5900000,
    "netIncome": 32900000,
    "netIncomeRatio": 0.037255124,
    "eps": 0.38,
    "epsdiluted": 0.36,
    "weightedAverageShsOut": 86578947,
    "weightedAverageShsOutDil": 91388889,
    "link": "https://www.sec.gov/Archives/edgar/data/106040/000089256996002292/0000892569-96-002292-index.htm",
    "finalLink": "https://www.sec.gov/Archives/edgar/data/106040/0000892569-96-002292.txt"
  },
  {
    "date": "1996-06-29",
    "symbol": "WDC",
    "reportedCurrency": "USD",
    "cik": "0000106040",
    "fillingDate": "1996-09-18",
    "acceptedDate": "1996-09-18 00:00:00",
    "calendarYear": "1996",
    "period": "Q4",
    "revenue": 820700000,
    "costOfRevenue": 703700000,
    "grossProfit": 117000000,
    "grossProfitRatio": 0.1425612282,
    "researchAndDevelopmentExpenses": 34300000,
    "generalAndAdministrativeExpenses": 0,
    "sellingAndMarketingExpenses": 0,
    "sellingGeneralAndAdministrativeExpenses": 39100000,
    "otherExpenses": 12500000,
    "operatingExpenses": 85900000,
    "costAndExpenses": 789600000,
    "interestIncome": 0,
    "interestExpense": 0,
    "depreciationAndAmortization": 12500000,
    "ebitda": 43600000,
    "ebitdaratio": 0.0531253808,
    "operatingIncome": 31100000,
    "operatingIncomeRatio": 0.0378944803,
    "totalOtherIncomeExpensesNet": 3000000,
    "incomeBeforeTax": 34100000,
    "incomeBeforeTaxRatio": 0.0415498964,
    "incomeTaxExpense": 1400000,
    "netIncome": 32700000,
    "netIncomeRatio": 0.0398440356,
    "eps": 0,
    "epsdiluted": 0,
    "weightedAverageShsOut": 0,
    "weightedAverageShsOutDil": 0,
    "link": "https://www.sec.gov/Archives/edgar/data/106040/000089256996001855/0000892569-96-001855-index.htm",
    "finalLink": "https://www.sec.gov/Archives/edgar/data/106040/0000892569-96-001855.txt"
  },
  {
    "date": "1996-03-30",
    "symbol": "WDC",
    "reportedCurrency": "USD",
    "cik": "0000106040",
    "fillingDate": "1996-05-13",
    "acceptedDate": "1996-05-13 00:00:00",
    "calendarYear": "1996",
    "period": "Q3",
    "revenue": 728400000,
    "costOfRevenue": 621800000,
    "grossProfit": 106600000,
    "grossProfitRatio": 0.1463481604,
    "researchAndDevelopmentExpenses": 36700000,
    "generalAndAdministrativeExpenses": 0,
    "sellingAndMarketingExpenses": 0,
    "sellingGeneralAndAdministrativeExpenses": 37600000,
    "otherExpenses": 13200000,
    "operatingExpenses": 87500000,
    "costAndExpenses": 709300000,
    "interestIncome": 0,
    "interestExpense": 0,
    "depreciationAndAmortization": 13200000,
    "ebitda": 32300000,
    "ebitdaratio": 0.0443437672,
    "operatingIncome": 19100000,
    "operatingIncomeRatio": 0.0262218561,
    "totalOtherIncomeExpensesNet": 3200000,
    "incomeBeforeTax": 22300000,
    "incomeBeforeTaxRatio": 0.0306150467,
    "incomeTaxExpense": 2900000,
    "netIncome": 19400000,
    "netIncomeRatio": 0.0266337177,
    "eps": 0.21,
    "epsdiluted": 0.21,
    "weightedAverageShsOut": 92380952,
    "weightedAverageShsOutDil": 92380952,
    "link": "https://www.sec.gov/Archives/edgar/data/106040/000089256996000580/0000892569-96-000580-index.htm",
    "finalLink": "https://www.sec.gov/Archives/edgar/data/106040/0000892569-96-000580.txt"
  },
  {
    "date": "1995-12-30",
    "symbol": "WDC",
    "reportedCurrency": "USD",
    "cik": "0000106040",
    "fillingDate": "1996-02-12",
    "acceptedDate": "1996-02-12 00:00:00",
    "calendarYear": "1996",
    "period": "Q2",
    "revenue": 758000000,
    "costOfRevenue": 641000000,
    "grossProfit": 117000000,
    "grossProfitRatio": 0.154353562,
    "researchAndDevelopmentExpenses": 38700000,
    "generalAndAdministrativeExpenses": 0,
    "sellingAndMarketingExpenses": 0,
    "sellingGeneralAndAdministrativeExpenses": 43500000,
    "otherExpenses": 13600000,
    "operatingExpenses": 95800000,
    "costAndExpenses": 736800000,
    "interestIncome": 0,
    "interestExpense": 0,
    "depreciationAndAmortization": 13600000,
    "ebitda": 34800000,
    "ebitdaratio": 0.0459102902,
    "operatingIncome": 21200000,
    "operatingIncomeRatio": 0.0279683377,
    "totalOtherIncomeExpensesNet": 20400000,
    "incomeBeforeTax": 41600000,
    "incomeBeforeTaxRatio": 0.0548812665,
    "incomeTaxExpense": 5200000,
    "netIncome": 36400000,
    "netIncomeRatio": 0.0480211082,
    "eps": 0.38,
    "epsdiluted": 0.38,
    "weightedAverageShsOut": 95789474,
    "weightedAverageShsOutDil": 95789474,
    "link": "https://www.sec.gov/Archives/edgar/data/106040/000089256996000140/0000892569-96-000140-index.htm",
    "finalLink": "https://www.sec.gov/Archives/edgar/data/106040/0000892569-96-000140.txt"
  },
  {
    "date": "1995-09-30",
    "symbol": "WDC",
    "reportedCurrency": "USD",
    "cik": "0000106040",
    "fillingDate": "1995-11-13",
    "acceptedDate": "1995-11-13 00:00:00",
    "calendarYear": "1996",
    "period": "Q1",
    "revenue": 558100000,
    "costOfRevenue": 465000000,
    "grossProfit": 93100000,
    "grossProfitRatio": 0.1668159828,
    "researchAndDevelopmentExpenses": 40700000,
    "generalAndAdministrativeExpenses": 0,
    "sellingAndMarketingExpenses": 0,
    "sellingGeneralAndAdministrativeExpenses": 33900000,
    "otherExpenses": 12300000,
    "operatingExpenses": 86900000,
    "costAndExpenses": 551900000,
    "interestIncome": 0,
    "interestExpense": 0,
    "depreciationAndAmortization": 12300000,
    "ebitda": 18500000,
    "ebitdaratio": 0.0331481813,
    "operatingIncome": 6200000,
    "operatingIncomeRatio": 0.0111091202,
    "totalOtherIncomeExpensesNet": 3600000,
    "incomeBeforeTax": 9800000,
    "incomeBeforeTaxRatio": 0.0175595771,
    "incomeTaxExpense": 1500000,
    "netIncome": 8300000,
    "netIncomeRatio": 0.0148718868,
    "eps": 0.08,
    "epsdiluted": 0.08,
    "weightedAverageShsOut": 103750000,
    "weightedAverageShsOutDil": 103750000,
    "link": "https://www.sec.gov/Archives/edgar/data/106040/000089256995000628/0000892569-95-000628-index.htm",
    "finalLink": "https://www.sec.gov/Archives/edgar/data/106040/0000892569-95-000628.txt"
  }
]