[
  {
    "date": "2025-06-27",
    "symbol": "WDC",
    "reportedCurrency": "USD",
    "cik": "0000106040",
    "fillingDate": "2025-08-14",
    "acceptedDate": "2025-08-13 20:28:03",
    "calendarYear": "2025",
    "period": "FY",
    "revenue": 9520000000,
    "costOfRevenue": 5828000000,
    "grossProfit": 3692000000,
    "grossProfitRatio": 0.3878151261,
    "researchAndDevelopmentExpenses": 994000000,
    "generalAndAdministrativeExpenses": 0,
    "sellingAndMarketingExpenses": 0,
    "sellingGeneralAndAdministrativeExpenses": 568000000,
    "otherExpenses": -204000000,
    "operatingExpenses": 1358000000,
    "costAndExpenses": 7186000000,
    "interestIncome": 45000000,
    "interestExpense": 357000000,
    "depreciationAndAmortization": 451000000,
    "ebitda": 1938000000,
    "ebitdaratio": 0.2035714286,
    "operatingIncome": 2334000000,
    "operatingIncomeRatio": 0.2451680672,
    "totalOtherIncomeExpensesNet": -1204000000,
    "incomeBeforeTax": 1130000000,
    "incomeBeforeTaxRatio": 0.118697479,
    "incomeTaxExpense": -513000000,
    "netIncome": 1861000000,
    "netIncomeRatio": 0.1954831933,
    "eps": 5.31,
    "epsdiluted": 5.12,
    "weightedAverageShsOut": 347000000,
    "weightedAverageShsOutDil": 359000000,
    "link": "https://www.sec.gov/Archives/edgar/data/106040/000010604025000038/0000106040-25-000038-index.htm",
    "finalLink": "https://www.sec.gov/Archives/edgar/data/106040/000010604025000038/wdc-20250627.htm"
  },
  {
    "date": "2024-06-28",
    "symbol": "WDC",
    "reportedCurrency": "USD",
    "cik": "0000106040",
    "fillingDate": "2024-08-20",
    "acceptedDate": "2024-08-19 17:39:43",
    "calendarYear": "2024",
    "period": "FY",
    "revenue": 6317000000,
    "costOfRevenue": 4544000000,
    "grossProfit": 1773000000,
    "grossProfitRatio": 0.2806712047,
    "researchAndDevelopmentExpenses": 950000000,
    "generalAndAdministrativeExpenses": 0,
    "sellingAndMarketingExpenses": 0,
    "sellingGeneralAndAdministrativeExpenses": 726000000,
    "otherExpenses": 500000000,
    "operatingExpenses": 2176000000,
    "costAndExpenses": 6720000000,
    "interestIncome": 33000000,
    "interestExpense": 414000000,
    "depreciationAndAmortization": 568000000,
    "ebitda": 243000000,
    "ebitdaratio": 0.038467627,
    "operatingIncome": -403000000,
    "operatingIncomeRatio": -0.0637961057,
    "totalOtherIncomeExpensesNet": -336000000,
    "incomeBeforeTax": -739000000,
    "incomeBeforeTaxRatio": -0.116985911,
    "incomeTaxExpense": 26000000,
    "netIncome": -798000000,
    "netIncomeRatio": -0.1263257876,
    "eps": -2.61,
    "epsdiluted": -2.61,
    "weightedAverageShsOut": 326000000,
    "weightedAverageShsOutDil": 326000000,
    "link": "https://www.sec.gov/Archives/edgar/data/106040/000010604024000031/0000106040-24-000031-index.htm",
    "finalLink": "https://www.sec.gov/Archives/edgar/data/106040/000010604024000031/wdc-20240628.htm"
  },
  {
    "date": "2023-06-30",
    "symbol": "WDC",
    "reportedCurrency": "USD",
    "cik": "0000106040",
    "fillingDate": "2023-08-22",
    "acceptedDate": "2023-08-21 19:53:42",
    "calendarYear": "2023",
    "period": "FY",
    "revenue": 6255000000,
    "costOfRevenue": 4864000000,
    "grossProfit": 1391000000,
    "grossProfitRatio": 0.2223820943,
    "researchAndDevelopmentExpenses": 986000000,
    "generalAndAdministrativeExpenses": 0,
    "sellingAndMarketingExpenses": 0,
    "sellingGeneralAndAdministrativeExpenses": 807000000,
    "otherExpenses": 146000000,
    "operatingExpenses": 1939000000,
    "costAndExpenses": 6803000000,
    "interestIncome": 19000000,
    "interestExpense": 310000000,
    "depreciationAndAmortization": 828000000,
    "ebitda": 289000000,
    "ebitdaratio": 0.0462030376,
    "operatingIncome": -548000000,
    "operatingIncomeRatio": -0.0876099121,
    "totalOtherIncomeExpensesNet": -301000000,
    "incomeBeforeTax": -849000000,
    "incomeBeforeTaxRatio": -0.1357314149,
    "incomeTaxExpense": 53000000,
    "netIncome": -1684000000,
    "netIncomeRatio": -0.2692246203,
    "eps": -5.37,
    "epsdiluted": -5.37,
    "weightedAverageShsOut": 318000000,
    "weightedAverageShsOutDil": 318000000,
    "link": "https://www.sec.gov/Archives/edgar/data/106040/000010604023000024/0000106040-23-000024-index.htm",
    "finalLink": "https://www.sec.gov/Archives/edgar/data/106040/000010604023000024/wdc-20230630.htm"
  },
  {
    "date": "2022-07-01",
    "symbol": "WDC",
    "reportedCurrency": "USD",
    "cik": "0000106040",
    "fillingDate": "2022-08-25",
    "acceptedDate": "2022-08-24 20:22:12",
    "calendarYear": "2022",
    "period": "FY",
    "revenue": 18793000000,
    "costOfRevenue": 12919000000,
    "grossProfit": 5874000000,
    "grossProfitRatio": 0.3125631884,
    "researchAndDevelopmentExpenses": 2323000000,
    "generalAndAdministrativeExpenses": 0,
    "sellingAndMarketingExpenses": 0,
    "sellingGeneralAndAdministrativeExpenses": 1117000000,
    "otherExpenses": 43000000,
    "operatingExpenses": 3483000000,
    "costAndExpenses": 16402000000,
    "interestIncome": 6000000,
    "interestExpense": 304000000,
    "depreciationAndAmortization": 929000000,
    "ebitda": 3404000000,
    "ebitdaratio": 0.1811312723,
    "operatingIncome": 2391000000,
    "operatingIncomeRatio": 0.1272282233,
    "totalOtherIncomeExpensesNet": -220000000,
    "incomeBeforeTax": 2171000000,
    "incomeBeforeTaxRatio": 0.1155217368,
    "incomeTaxExpense": 625000000,
    "netIncome": 1546000000,
    "netIncomeRatio": 0.082264673,
    "eps": 4.81,
    "epsdiluted": 4.75,
    "weightedAverageShsOut": 312000000,
    "weightedAverageShsOutDil": 316000000,
    "link": "https://www.sec.gov/Archives/edgar/data/106040/000010604022000055/0000106040-22-000055-index.htm",
    "finalLink": "https://www.sec.gov/Archives/edgar/data/106040/000010604022000055/wdc-20220701.htm"
  },
  {
    "date": "2021-07-02",
    "symbol": "WDC",
    "reportedCurrency": "USD",
    "cik": "0000106040",
    "fillingDate": "2021-08-27",
    "acceptedDate": "2021-08-26 20:29:30",
    "calendarYear": "2021",
    "period": "FY",
    "revenue": 16922000000,
    "costOfRevenue": 12401000000,
    "grossProfit": 4521000000,
    "grossProfitRatio": 0.2671670015,
    "researchAndDevelopmentExpenses": 2243000000,
    "generalAndAdministrativeExpenses": 0,
    "sellingAndMarketingExpenses": 0,
    "sellingGeneralAndAdministrativeExpenses": 1105000000,
    "otherExpenses": -47000000,
    "operatingExpenses": 3301000000,
    "costAndExpenses": 15702000000,
    "interestIncome": 7000000,
    "interestExpense": 326000000,
    "depreciationAndAmortization": 1212000000,
    "ebitda": 2465000000,
    "ebitdaratio": 0.1456683607,
    "operatingIncome": 1220000000,
    "operatingIncomeRatio": 0.072095497,
    "totalOtherIncomeExpensesNet": -293000000,
    "incomeBeforeTax": 927000000,
    "incomeBeforeTaxRatio": 0.0547807588,
    "incomeTaxExpense": 106000000,
    "netIncome": 821000000,
    "netIncomeRatio": 0.0485167238,
    "eps": 2.69,
    "epsdiluted": 2.66,
    "weightedAverageShsOut": 305000000,
    "weightedAverageShsOutDil": 309000000,
    "link": "https://www.sec.gov/Archives/edgar/data/106040/000010604021000040/0000106040-21-000040-index.htm",
    "finalLink": "https://www.sec.gov/Archives/edgar/data/106040/000010604021000040/wdc-20210702.htm"
  },
  {
    "date": "2020-07-03",
    "symbol": "WDC",
    "reportedCurrency": "USD",
    "cik": "0000106040",
    "fillingDate": "2020-08-28",
    "acceptedDate": "2020-08-27 21:53:38",
    "calendarYear": "2020",
    "period": "FY",
    "revenue": 16736000000,
    "costOfRevenue": 12955000000,
    "grossProfit": 3781000000,
    "grossProfitRatio": 0.2259201721,
    "researchAndDevelopmentExpenses": 2261000000,
    "generalAndAdministrativeExpenses": 0,
    "sellingAndMarketingExpenses": 0,
    "sellingGeneralAndAdministrativeExpenses": 1153000000,
    "otherExpenses": 32000000,
    "operatingExpenses": 3446000000,
    "costAndExpenses": 16401000000,
    "interestIncome": 28000000,
    "interestExpense": 413000000,
    "depreciationAndAmortization": 1566000000,
    "ebitda": 1933000000,
    "ebitdaratio": 0.115499522,
    "operatingIncome": 335000000,
    "operatingIncomeRatio": 0.0200167304,
    "totalOtherIncomeExpensesNet": -381000000,
    "incomeBeforeTax": -46000000,
    "incomeBeforeTaxRatio": -0.002748566,
    "incomeTaxExpense": 204000000,
    "netIncome": -250000000,
    "netIncomeRatio": -0.0149378585,
    "eps": -0.84,
    "epsdiluted": -0.84,
    "weightedAverageShsOut": 298000000,
    "weightedAverageShsOutDil": 298000000,
    "link": "https://www.sec.gov/Archives/edgar/data/106040/000010604020000049/0000106040-20-000049-index.htm",
    "finalLink": "https://www.sec.gov/Archives/edgar/data/106040/000010604020000049/wdc-20200703.htm"
  },
  {
    "date": "2019-06-28",
    "symbol": "WDC",
    "reportedCurrency": "USD",
    "cik": "0000106040",
    "fillingDate": "2019-08-27",
    "acceptedDate": "2019-08-27 14:53:35",
    "calendarYear": "2019",
    "period": "FY",
    "revenue": 16569000000,
    "costOfRevenue": 12817000000,
    "grossProfit": 3752000000,
    "grossProfitRatio": 0.2264469793,
    "researchAndDevelopmentExpenses": 2182000000,
    "generalAndAdministrativeExpenses": 0,
    "sellingAndMarketingExpenses": 0,
    "sellingGeneralAndAdministrativeExpenses": 1317000000,
    "otherExpenses": 166000000,
    "operatingExpenses": 3665000000,
    "costAndExpenses": 16482000000,
    "interestIncome": 57000000,
    "interestExpense": 469000000,
    "depreciationAndAmortization": 1812000000,
    "ebitda": 1994000000,
    "ebitdaratio": 0.120345223,
    "operatingIncome": 87000000,
    "operatingIncomeRatio": 0.0052507695,
    "totalOtherIncomeExpensesNet": -374000000,
    "incomeBeforeTax": -287000000,
    "incomeBeforeTaxRatio": -0.017321504,
    "incomeTaxExpense": 467000000,
    "netIncome": -754000000,
    "netIncomeRatio": -0.0455066691,
    "eps": -2.58,
    "epsdiluted": -2.58,
    "weightedAverageShsOut": 292000000,
    "weightedAverageShsOutDil": 292000000,
    "link": "https://www.sec.gov/Archives/edgar/data/106040/000010604019000058/0000106040-19-000058-index.htm",
    "finalLink": "https://www.sec.gov/Archives/edgar/data/106040/000010604019000058/wdc-2019q410xkdoc.htm"
  },
  {
    "date": "2018-06-29",
    "symbol": "WDC",
    "reportedCurrency": "USD",
    "cik": "0000106040",
    "fillingDate": "2018-08-24",
    "acceptedDate": "2018-08-24 16:45:52",
    "calendarYear": "2018",
    "period": "FY",
    "revenue": 20647000000,
    "costOfRevenue": 12942000000,
    "grossProfit": 7705000000,
    "grossProfitRatio": 0.3731777014,
    "researchAndDevelopmentExpenses": 2400000000,
    "generalAndAdministrativeExpenses": 0,
    "sellingAndMarketingExpenses": 0,
    "sellingGeneralAndAdministrativeExpenses": 1473000000,
    "otherExpenses": 215000000,
    "operatingExpenses": 4088000000,
    "costAndExpenses": 17030000000,
    "interestIncome": 60000000,
    "interestExpense": 676000000,
    "depreciationAndAmortization": 2056000000,
    "ebitda": 4817000000,
    "ebitdaratio": 0.233302659,
    "operatingIncome": 3617000000,
    "operatingIncomeRatio": 0.1751828353,
    "totalOtherIncomeExpensesNet": -1532000000,
    "incomeBeforeTax": 2085000000,
    "incomeBeforeTaxRatio": 0.1009831937,
    "incomeTaxExpense": 1410000000,
    "netIncome": 675000000,
    "netIncomeRatio": 0.0326924008,
    "eps": 2.27,
    "epsdiluted": 2.2,
    "weightedAverageShsOut": 297000000,
    "weightedAverageShsOutDil": 307000000,
    "link": "https://www.sec.gov/Archives/edgar/data/106040/000010604018000029/0000106040-18-000029-index.htm",
    "finalLink": "https://www.sec.gov/Archives/edgar/data/106040/000010604018000029/wdc-2018q410xkdoc.htm"
  },
  {
    "date": "2017-06-30",
    "symbol": "WDC",
    "reportedCurrency": "USD",
    "cik": "0000106040",
    "fillingDate": "2017-08-29",
    "acceptedDate": "2017-08-28 21:32:48",
    "calendarYear": "2017",
    "period": "FY",
    "revenue": 19093000000,
    "costOfRevenue": 13021000000,
    "grossProfit": 6072000000,
    "grossProfitRatio": 0.3180223118,
    "researchAndDevelopmentExpenses": 2441000000,
    "generalAndAdministrativeExpenses": 0,
    "sellingAndMarketingExpenses": 0,
    "sellingGeneralAndAdministrativeExpenses": 1445000000,
    "otherExpenses": 232000000,
    "operatingExpenses": 4118000000,
    "costAndExpenses": 17139000000,
    "interestIncome": 26000000,
    "interestExpense": 847000000,
    "depreciationAndAmortization": 2128000000,
    "ebitda": 3744000000,
    "ebitdaratio": 0.1960928089,
    "operatingIncome": 1954000000,
    "operatingIncomeRatio": 0.1023411722,
    "totalOtherIncomeExpensesNet": -1185000000,
    "incomeBeforeTax": 769000000,
    "incomeBeforeTaxRatio": 0.0402765411,
    "incomeTaxExpense": 372000000,
    "netIncome": 397000000,
    "netIncomeRatio": 0.0207929608,
    "eps": 1.38,
    "epsdiluted": 1.34,
    "weightedAverageShsOut": 288000000,
    "weightedAverageShsOutDil": 296000000,
    "link": "https://www.sec.gov/Archives/edgar/data/106040/000010604017000027/0000106040-17-000027-index.htm",
    "finalLink": "https://www.sec.gov/Archives/edgar/data/106040/000010604017000027/wdc-2017q410xkxdoc.htm"
  },
  {
    "date": "2016-07-01",
    "symbol": "WDC",
    "reportedCurrency": "USD",
    "cik": "0000106040",
    "fillingDate": "2016-08-29",
    "acceptedDate": "2016-08-26 21:44:04",
    "calendarYear": "2016",
    "period": "FY",
    "revenue": 12994000000,
    "costOfRevenue": 9559000000,
    "grossProfit": 3435000000,
    "grossProfitRatio": 0.2643527782,
    "researchAndDevelopmentExpenses": 1627000000,
    "generalAndAdministrativeExpenses": 0,
    "sellingAndMarketingExpenses": 0,
    "sellingGeneralAndAdministrativeExpenses": 997000000,
    "otherExpenses": 345000000,
    "operatingExpenses": 2969000000,
    "costAndExpenses": 12528000000,
    "interestIncome": 26000000,
    "interestExpense": 266000000,
    "depreciationAndAmortization": 1154000000,
    "ebitda": 1573000000,
    "ebitdaratio": 0.1210558719,
    "operatingIncome": 466000000,
    "operatingIncomeRatio": 0.0358627059,
    "totalOtherIncomeExpensesNet": -313000000,
    "incomeBeforeTax": 153000000,
    "incomeBeforeTaxRatio": 0.0117746652,
    "incomeTaxExpense": -89000000,
    "netIncome": 242000000,
    "netIncomeRatio": 0.0186239803,
    "eps": 1.01,
    "epsdiluted": 1,
    "weightedAverageShsOut": 239000000,
    "weightedAverageShsOutDil": 242000000,
    "link": "https://www.sec.gov/Archives/edgar/data/106040/000010604016000033/0000106040-16-000033-index.htm",
    "finalLink": "https://www.sec.gov/Archives/edgar/data/106040/000010604016000033/wdc-7116x10k.htm"
  },
  {
    "date": "2015-07-03",
    "symbol": "WDC",
    "reportedCurrency": "USD",
    "cik": "0000106040",
    "fillingDate": "2015-08-21",
    "acceptedDate": "2015-08-21 17:13:13",
    "calendarYear": "2015",
    "period": "FY",
    "revenue": 14572000000,
    "costOfRevenue": 10351000000,
    "grossProfit": 4221000000,
    "grossProfitRatio": 0.2896651112,
    "researchAndDevelopmentExpenses": 1646000000,
    "generalAndAdministrativeExpenses": 0,
    "sellingAndMarketingExpenses": 0,
    "sellingGeneralAndAdministrativeExpenses": 788000000,
    "otherExpenses": 176000000,
    "operatingExpenses": 2610000000,
    "costAndExpenses": 12961000000,
    "interestIncome": 14000000,
    "interestExpense": 49000000,
    "depreciationAndAmortization": 1114000000,
    "ebitda": 2740000000,
    "ebitdaratio": 0.1880318419,
    "operatingIncome": 1611000000,
    "operatingIncomeRatio": 0.1105544881,
    "totalOtherIncomeExpensesNet": -34000000,
    "incomeBeforeTax": 1577000000,
    "incomeBeforeTaxRatio": 0.1082212462,
    "incomeTaxExpense": 112000000,
    "netIncome": 1465000000,
    "netIncomeRatio": 0.1005352731,
    "eps": 6.31,
    "epsdiluted": 6.18,
    "weightedAverageShsOut": 232000000,
    "weightedAverageShsOutDil": 237000000,
    "link": "https://www.sec.gov/Archives/edgar/data/106040/000010604015000010/0000106040-15-000010-index.htm",
    "finalLink": "https://www.sec.gov/Archives/edgar/data/106040/000010604015000010/wdc731510k.htm"
  },
  {
    "date": "2014-06-27",
    "symbol": "WDC",
    "reportedCurrency": "USD",
    "cik": "0000106040",
    "fillingDate": "2014-08-15",
    "acceptedDate": "2014-08-14 19:40:13",
    "calendarYear": "2014",
    "period": "FY",
    "revenue": 15130000000,
    "costOfRevenue": 10770000000,
    "grossProfit": 4360000000,
    "grossProfitRatio": 0.2881692003,
    "researchAndDevelopmentExpenses": 1661000000,
    "generalAndAdministrativeExpenses": 0,
    "sellingAndMarketingExpenses": 0,
    "sellingGeneralAndAdministrativeExpenses": 813000000,
    "otherExpenses": 95000000,
    "operatingExpenses": 2569000000,
    "costAndExpenses": 13339000000,
    "interestIncome": 15000000,
    "interestExpense": 56000000,
    "depreciationAndAmortization": 1244000000,
    "ebitda": 3052000000,
    "ebitdaratio": 0.2017184402,
    "operatingIncome": 1791000000,
    "operatingIncomeRatio": 0.1183740912,
    "totalOtherIncomeExpensesNet": -39000000,
    "incomeBeforeTax": 1752000000,
    "incomeBeforeTaxRatio": 0.1157964309,
    "incomeTaxExpense": 135000000,
    "netIncome": 1617000000,
    "netIncomeRatio": 0.1068737607,
    "eps": 6.88,
    "epsdiluted": 6.68,
    "weightedAverageShsOut": 235000000,
    "weightedAverageShsOutDil": 242000000,
    "link": "https://www.sec.gov/Archives/edgar/data/106040/000010604014000015/0000106040-14-000015-index.htm",
    "finalLink": "https://www.sec.gov/Archives/edgar/data/106040/000010604014000015/wdc6271410k.htm"
  },
  {
    "date": "2013-06-28",
    "symbol": "WDC",
    "reportedCurrency": "USD",
    "cik": "0000106040",
    "fillingDate": "2013-08-19",
    "acceptedDate": "2013-08-16 20:12:31",
    "calendarYear": "2013",
    "period": "FY",
    "revenue": 15351000000,
    "costOfRevenue": 10988000000,
    "grossProfit": 4363000000,
    "grossProfitRatio": 0.284216012,
    "researchAndDevelopmentExpenses": 1572000000,
    "generalAndAdministrativeExpenses": 0,
    "sellingAndMarketingExpenses": 0,
    "sellingGeneralAndAdministrativeExpenses": 706000000,
    "otherExpenses": 819000000,
    "operatingExpenses": 3097000000,
    "costAndExpenses": 14085000000,
    "interestIncome": 11000000,
    "interestExpense": 55000000,
    "depreciationAndAmortization": 1233000000,
    "ebitda": 2510000000,
    "ebitdaratio": 0.1635072634,
    "operatingIncome": 1266000000,
    "operatingIncomeRatio": 0.0824701974,
    "totalOtherIncomeExpensesNet": -44000000,
    "incomeBeforeTax": 1222000000,
    "incomeBeforeTaxRatio": 0.0796039346,
    "incomeTaxExpense": 242000000,
    "netIncome": 980000000,
    "netIncomeRatio": 0.0638394893,
    "eps": 4.07,
    "epsdiluted": 3.98,
    "weightedAverageShsOut": 241000000,
    "weightedAverageShsOutDil": 246000000,
    "link": "https://www.sec.gov/Archives/edgar/data/106040/000119312513338607/0001193125-13-338607-index.htm",
    "finalLink": "https://www.sec.gov/Archives/edgar/data/106040/000119312513338607/d547947d10k.htm"
  },
  {
    "date": "2012-06-29",
    "symbol": "WDC",
    "reportedCurrency": "USD",
    "cik": "0000106040",
    "fillingDate": "2012-08-20",
    "acceptedDate": "2012-08-17 18:58:09",
    "calendarYear": "2012",
    "period": "FY",
    "revenue": 12478000000,
    "costOfRevenue": 8840000000,
    "grossProfit": 3638000000,
    "grossProfitRatio": 0.2915531335,
    "researchAndDevelopmentExpenses": 1055000000,
    "generalAndAdministrativeExpenses": 0,
    "sellingAndMarketingExpenses": 0,
    "sellingGeneralAndAdministrativeExpenses": 518000000,
    "otherExpenses": 294000000,
    "operatingExpenses": 1867000000,
    "costAndExpenses": 10707000000,
    "interestIncome": 12000000,
    "interestExpense": 26000000,
    "depreciationAndAmortization": 825000000,
    "ebitda": 2608000000,
    "ebitdaratio": 0.2090078538,
    "operatingIncome": 1771000000,
    "operatingIncomeRatio": 0.1419297964,
    "totalOtherIncomeExpensesNet": -14000000,
    "incomeBeforeTax": 1757000000,
    "incomeBeforeTaxRatio": 0.1408078218,
    "incomeTaxExpense": 145000000,
    "netIncome": 1612000000,
    "netIncomeRatio": 0.1291873698,
    "eps": 6.69,
    "epsdiluted": 6.58,
    "weightedAverageShsOut": 241000000,
    "weightedAverageShsOutDil": 245000000,
    "link": "https://www.sec.gov/Archives/edgar/data/106040/000119312512361018/0001193125-12-361018-index.htm",
    "finalLink": "https://www.sec.gov/Archives/edgar/data/106040/000119312512361018/d356205d10k.htm"
  },
  {
    "date": "2011-07-01",
    "symbol": "WDC",
    "reportedCurrency": "USD",
    "cik": "0000106040",
    "fillingDate": "2011-08-12",
    "acceptedDate": "2011-08-11 19:03:00",
    "calendarYear": "2011",
    "period": "FY",
    "revenue": 9526000000,
    "costOfRevenue": 7735000000,
    "grossProfit": 1791000000,
    "grossProfitRatio": 0.1880117573,
    "researchAndDevelopmentExpenses": 703000000,
    "generalAndAdministrativeExpenses": 0,
    "sellingAndMarketingExpenses": 0,
    "sellingGeneralAndAdministrativeExpenses": 282000000,
    "otherExpenses": 25000000,
    "operatingExpenses": 1010000000,
    "costAndExpenses": 8745000000,
    "interestIncome": 9000000,
    "interestExpense": 1000000,
    "depreciationAndAmortization": 602000000,
    "ebitda": 1392000000,
    "ebitdaratio": 0.1461263909,
    "operatingIncome": 781000000,
    "operatingIncomeRatio": 0.0819861432,
    "totalOtherIncomeExpensesNet": -1000000,
    "incomeBeforeTax": 780000000,
    "incomeBeforeTaxRatio": 0.0818811673,
    "incomeTaxExpense": 54000000,
    "netIncome": 726000000,
    "netIncomeRatio": 0.0762124711,
    "eps": 3.14,
    "epsdiluted": 3.09,
    "weightedAverageShsOut": 231000000,
    "weightedAverageShsOutDil": 235000000,
    "link": "https://www.sec.gov/Archives/edgar/data/106040/000095012311076255/0000950123-11-076255-index.htm",
    "finalLink": "https://www.sec.gov/Archives/edgar/data/106040/000095012311076255/a59422e10vk.htm"
  },
  {
    "date": "2010-07-02",
    "symbol": "WDC",
    "reportedCurrency": "USD",
    "cik": "0000106040",
    "fillingDate": "2010-08-13",
    "acceptedDate": "2010-08-13 16:56:51",
    "calendarYear": "2010",
    "period": "FY",
    "revenue": 9850000000,
    "costOfRevenue": 7449000000,
    "grossProfit": 2401000000,
    "grossProfitRatio": 0.2437563452,
    "researchAndDevelopmentExpenses": 611000000,
    "generalAndAdministrativeExpenses": 0,
    "sellingAndMarketingExpenses": 0,
    "sellingGeneralAndAdministrativeExpenses": 265000000,
    "otherExpenses": 0,
    "operatingExpenses": 876000000,
    "costAndExpenses": 8325000000,
    "interestIncome": 4000000,
    "interestExpense": 9000000,
    "depreciationAndAmortization": 510000000,
    "ebitda": 2039000000,
    "ebitdaratio": 0.2070050761,
    "operatingIncome": 1525000000,
    "operatingIncomeRatio": 0.154822335,
    "totalOtherIncomeExpensesNet": -5000000,
    "incomeBeforeTax": 1520000000,
    "incomeBeforeTaxRatio": 0.1543147208,
    "incomeTaxExpense": 138000000,
    "netIncome": 1382000000,
    "netIncomeRatio": 0.1403045685,
    "eps": 6.06,
    "epsdiluted": 5.93,
    "weightedAverageShsOut": 228000000,
    "weightedAverageShsOutDil": 233000000,
    "link": "https://www.sec.gov/Archives/edgar/data/106040/000095012310077390/0000950123-10-077390-index.htm",
    "finalLink": "https://www.sec.gov/Archives/edgar/data/106040/000095012310077390/a56460e10vk.htm"
  },
  {
    "date": "2009-07-03",
    "symbol": "WDC",
    "reportedCurrency": "USD",
    "cik": "0000106040",
    "fillingDate": "2009-08-14",
    "acceptedDate": "2009-08-13 21:35:54",
    "calendarYear": "2009",
    "period": "FY",
    "revenue": 7453000000,
    "costOfRevenue": 6116000000,
    "grossProfit": 1337000000,
    "grossProfitRatio": 0.1793908493,
    "researchAndDevelopmentExpenses": 509000000,
    "generalAndAdministrativeExpenses": 0,
    "sellingAndMarketingExpenses": 0,
    "sellingGeneralAndAdministrativeExpenses": 201000000,
    "otherExpenses": 108000000,
    "operatingExpenses": 818000000,
    "costAndExpenses": 6934000000,
    "interestIncome": 9000000,
    "interestExpense": 27000000,
    "depreciationAndAmortization": 479000000,
    "ebitda": 1007000000,
    "ebitdaratio": 0.1351133772,
    "operatingIncome": 519000000,
    "operatingIncomeRatio": 0.069636388,
    "totalOtherIncomeExpensesNet": -18000000,
    "incomeBeforeTax": 501000000,
    "incomeBeforeTaxRatio": 0.0672212532,
    "incomeTaxExpense": 31000000,
    "netIncome": 470000000,
    "netIncomeRatio": 0.0630618543,
    "eps": 2.12,
    "epsdiluted": 2.08,
    "weightedAverageShsOut": 222000000,
    "weightedAverageShsOutDil": 226000000,
    "link": "https://www.sec.gov/Archives/edgar/data/106040/000095012309034923/0000950123-09-034923-index.htm",
    "finalLink": "https://www.sec.gov/Archives/edgar/data/106040/000095012309034923/a53306e10vk.htm"
  },
  {
    "date": "2008-06-27",
    "symbol": "WDC",
    "reportedCurrency": "USD",
    "cik": "0000106040",
    "fillingDate": "2008-08-20",
    "acceptedDate": "2008-08-20 17:14:00",
    "calendarYear": "2008",
    "period": "FY",
    "revenue": 8074000000,
    "costOfRevenue": 6335000000,
    "grossProfit": 1739000000,
    "grossProfitRatio": 0.2153827099,
    "researchAndDevelopmentExpenses": 464000000,
    "generalAndAdministrativeExpenses": 0,
    "sellingAndMarketingExpenses": 0,
    "sellingGeneralAndAdministrativeExpenses": 220000000,
    "otherExpenses": 49000000,
    "operatingExpenses": 733000000,
    "costAndExpenses": 7068000000,
    "interestIncome": 27000000,
    "interestExpense": 52000000,
    "depreciationAndAmortization": 413000000,
    "ebitda": 1446000000,
    "ebitdaratio": 0.1790933862,
    "operatingIncome": 1006000000,
    "operatingIncomeRatio": 0.1245974734,
    "totalOtherIncomeExpensesNet": -25000000,
    "incomeBeforeTax": 981000000,
    "incomeBeforeTaxRatio": 0.1215011147,
    "incomeTaxExpense": 114000000,
    "netIncome": 867000000,
    "netIncomeRatio": 0.1073817191,
    "eps": 3.92,
    "epsdiluted": 3.84,
    "weightedAverageShsOut": 221000000,
    "weightedAverageShsOutDil": 226000000,
    "link": "https://www.sec.gov/Archives/edgar/data/106040/000089256908001165/0000892569-08-001165-index.htm",
    "finalLink": "https://www.sec.gov/Archives/edgar/data/106040/000089256908001165/a43088e10vk.htm"
  },
  {
    "date": "2007-06-29",
    "symbol": "WDC",
    "reportedCurrency": "USD",
    "cik": "0000106040",
    "fillingDate": "2007-08-28",
    "acceptedDate": "2007-08-27 20:53:56",
    "calendarYear": "2007",
    "period": "FY",
    "revenue": 5468000000,
    "costOfRevenue": 4568000000,
    "grossProfit": 900000000,
    "grossProfitRatio": 0.1645940015,
    "researchAndDevelopmentExpenses": 306000000,
    "generalAndAdministrativeExpenses": 0,
    "sellingAndMarketingExpenses": 0,
    "sellingGeneralAndAdministrativeExpenses": 179000000,
    "otherExpenses": 0,
    "operatingExpenses": 485000000,
    "costAndExpenses": 5053000000,
    "interestIncome": 0,
    "interestExpense": 0,
    "depreciationAndAmortization": 210000000,
    "ebitda": 625000000,
    "ebitdaratio": 0.1143013899,
    "operatingIncome": 415000000,
    "operatingIncomeRatio": 0.0758961229,
    "totalOtherIncomeExpensesNet": 28000000,
    "incomeBeforeTax": 443000000,
    "incomeBeforeTaxRatio": 0.0810168252,
    "incomeTaxExpense": -121000000,
    "netIncome": 564000000,
    "netIncomeRatio": 0.1031455743,
    "eps": 2.57,
    "epsdiluted": 2.5,
    "weightedAverageShsOut": 219000000,
    "weightedAverageShsOutDil": 226000000,
    "link": "https://www.sec.gov/Archives/edgar/data/106040/000089256907001093/0000892569-07-001093-index.htm",
    "finalLink": "https://www.sec.gov/Archives/edgar/data/106040/000089256907001093/a33189e10vk.htm"
  },
  {
    "date": "2006-06-30",
    "symbol": "WDC",
    "reportedCurrency": "USD",
    "cik": "0000106040",
    "fillingDate": "2006-11-20",
    "acceptedDate": "2006-11-20 12:25:11",
    "calendarYear": "2006",
    "period": "FY",
    "revenue": 4341000000,
    "costOfRevenue": 3513000000,
    "grossProfit": 828000000,
    "grossProfitRatio": 0.190739461,
    "researchAndDevelopmentExpenses": 297000000,
    "generalAndAdministrativeExpenses": 0,
    "sellingAndMarketingExpenses": 0,
    "sellingGeneralAndAdministrativeExpenses": 166000000,
    "otherExpenses": -1000000,
    "operatingExpenses": 462000000,
    "costAndExpenses": 3975000000,
    "interestIncome": 19500000,
    "interestExpense": 3700000,
    "depreciationAndAmortization": 160000000,
    "ebitda": 525000000,
    "ebitdaratio": 0.1209398756,
    "operatingIncome": 366000000,
    "operatingIncomeRatio": 0.0843123704,
    "totalOtherIncomeExpensesNet": 16000000,
    "incomeBeforeTax": 382000000,
    "incomeBeforeTaxRatio": 0.0879981571,
    "incomeTaxExpense": -13000000,
    "netIncome": 395000000,
    "netIncomeRatio": 0.0909928588,
    "eps": 1.84,
    "epsdiluted": 1.76,
    "weightedAverageShsOut": 215000000,
    "weightedAverageShsOutDil": 224000000,
    "link": "https://www.sec.gov/Archives/edgar/data/106040/000089256906001395/0000892569-06-001395-index.htm",
    "finalLink": "https://www.sec.gov/Archives/edgar/data/106040/000089256906001395/a23647e10vk.htm"
  },
  {
    "date": "2005-07-01",
    "symbol": "WDC",
    "reportedCurrency": "USD",
    "cik": "0000106040",
    "fillingDate": "2005-09-14",
    "acceptedDate": "2005-09-14 14:50:30",
    "calendarYear": "2005",
    "period": "FY",
    "revenue": 3638800000,
    "costOfRevenue": 3049200000,
    "grossProfit": 589600000,
    "grossProfitRatio": 0.1620314389,
    "researchAndDevelopmentExpenses": 239800000,
    "generalAndAdministrativeExpenses": 0,
    "sellingAndMarketingExpenses": 0,
    "sellingGeneralAndAdministrativeExpenses": 155100000,
    "otherExpenses": 0,
    "operatingExpenses": 394900000,
    "costAndExpenses": 3444100000,
    "interestIncome": 0,
    "interestExpense": 5000000,
    "depreciationAndAmortization": 131000000,
    "ebitda": 325700000,
    "ebitdaratio": 0.08950753,
    "operatingIncome": 194700000,
    "operatingIncomeRatio": 0.0535066505,
    "totalOtherIncomeExpensesNet": 5400000,
    "incomeBeforeTax": 200100000,
    "incomeBeforeTaxRatio": 0.0549906563,
    "incomeTaxExpense": 4100000,
    "netIncome": 196000000,
    "netIncomeRatio": 0.0538639112,
    "eps": 0.94,
    "epsdiluted": 0.9,
    "weightedAverageShsOut": 208510638,
    "weightedAverageShsOutDil": 217777778,
    "link": "https://www.sec.gov/Archives/edgar/data/106040/000095013705011286/0000950137-05-011286-index.htm",
    "finalLink": "https://www.sec.gov/Archives/edgar/data/106040/000095013705011286/a12474e10vk.htm"
  },
  {
    "date": "2004-07-02",
    "symbol": "WDC",
    "reportedCurrency": "USD",
    "cik": "0000106040",
    "fillingDate": "2004-09-14",
    "acceptedDate": "2004-09-14 16:12:31",
    "calendarYear": "2004",
    "period": "FY",
    "revenue": 3046700000,
    "costOfRevenue": 2585300000,
    "grossProfit": 461400000,
    "grossProfitRatio": 0.1514425444,
    "researchAndDevelopmentExpenses": 201800000,
    "generalAndAdministrativeExpenses": 0,
    "sellingAndMarketingExpenses": 0,
    "sellingGeneralAndAdministrativeExpenses": 106100000,
    "otherExpenses": 0,
    "operatingExpenses": 307900000,
    "costAndExpenses": 2893200000,
    "interestIncome": 0,
    "interestExpense": 0,
    "depreciationAndAmortization": 100400000,
    "ebitda": 253900000,
    "ebitdaratio": 0.0833360685,
    "operatingIncome": 153500000,
    "operatingIncomeRatio": 0.0503823809,
    "totalOtherIncomeExpensesNet": 300000,
    "incomeBeforeTax": 153800000,
    "incomeBeforeTaxRatio": 0.0504808481,
    "incomeTaxExpense": 4000000,
    "netIncome": 149800000,
    "netIncomeRatio": 0.0491679522,
    "eps": 0.73,
    "epsdiluted": 0.69,
    "weightedAverageShsOut": 205205479,
    "weightedAverageShsOutDil": 217101449,
    "link": "https://www.sec.gov/Archives/edgar/data/106040/000095013704007712/0000950137-04-007712-index.htm",
    "finalLink": "https://www.sec.gov/Archives/edgar/data/106040/000095013704007712/a01568e10vk.htm"
  },
  {
    "date": "2003-06-27",
    "symbol": "WDC",
    "reportedCurrency": "USD",
    "cik": "0000106040",
    "fillingDate": "2003-09-23",
    "acceptedDate": "2003-09-23 17:24:55",
    "calendarYear": "2003",
    "period": "FY",
    "revenue": 2718500000,
    "costOfRevenue": 2275600000,
    "grossProfit": 442900000,
    "grossProfitRatio": 0.1629207283,
    "researchAndDevelopmentExpenses": 134700000,
    "generalAndAdministrativeExpenses": 0,
    "sellingAndMarketingExpenses": 0,
    "sellingGeneralAndAdministrativeExpenses": 121400000,
    "otherExpenses": 0,
    "operatingExpenses": 256100000,
    "costAndExpenses": 2531700000,
    "interestIncome": 0,
    "interestExpense": 0,
    "depreciationAndAmortization": 50400000,
    "ebitda": 237200000,
    "ebitdaratio": 0.0872540004,
    "operatingIncome": 186800000,
    "operatingIncomeRatio": 0.0687143645,
    "totalOtherIncomeExpensesNet": 2900000,
    "incomeBeforeTax": 189700000,
    "incomeBeforeTaxRatio": 0.0697811293,
    "incomeTaxExpense": 7600000,
    "netIncome": 182100000,
    "netIncomeRatio": 0.0669854699,
    "eps": 0.91,
    "epsdiluted": 0.87,
    "weightedAverageShsOut": 200109890,
    "weightedAverageShsOutDil": 209310345,
    "link": "https://www.sec.gov/Archives/edgar/data/106040/000089256903002216/0000892569-03-002216-index.htm",
    "finalLink": "https://www.sec.gov/Archives/edgar/data/106040/000089256903002216/a93092e10vk.htm"
  },
  {
    "date": "2002-06-28",
    "symbol": "WDC",
    "reportedCurrency": "USD",
    "cik": "0000106040",
    "fillingDate": "2002-09-25",
    "acceptedDate": "2002-09-25 15:09:24",
    "calendarYear": "2002",
    "period": "FY",
    "revenue": 2151152000,
    "costOfRevenue": 1869551000,
    "grossProfit": 281601000,
    "grossProfitRatio": 0.1309070675,
    "researchAndDevelopmentExpenses": 120128000,
    "generalAndAdministrativeExpenses": 0,
    "sellingAndMarketingExpenses": 0,
    "sellingGeneralAndAdministrativeExpenses": 110797000,
    "otherExpenses": 0,
    "operatingExpenses": 230925000,
    "costAndExpenses": 2100476000,
    "interestIncome": 0,
    "interestExpense": 0,
    "depreciationAndAmortization": 45794000,
    "ebitda": 96470000,
    "ebitdaratio": 0.0448457385,
    "operatingIncome": 50676000,
    "operatingIncomeRatio": 0.0235576101,
    "totalOtherIncomeExpensesNet": 1419000,
    "incomeBeforeTax": 52095000,
    "incomeBeforeTaxRatio": 0.0242172566,
    "incomeTaxExpense": -1140000,
    "netIncome": 65428000,
    "netIncomeRatio": 0.0304153309,
    "eps": 0.35,
    "epsdiluted": 0.34,
    "weightedAverageShsOut": 189000000,
    "weightedAverageShsOutDil": 193700000,
    "link": "https://www.sec.gov/Archives/edgar/data/106040/000089256902001988/0000892569-02-001988-index.htm",
    "finalLink": "https://www.sec.gov/Archives/edgar/data/106040/000089256902001988/a83140e10vk.htm"
  },
  {
    "date": "2001-06-29",
    "symbol": "WDC",
    "reportedCurrency": "USD",
    "cik": "0000106040",
    "fillingDate": "2001-09-27",
    "acceptedDate": "2001-09-27 00:00:00",
    "calendarYear": "2001",
    "period": "FY",
    "revenue": 1953392000,
    "costOfRevenue": 1745654000,
    "grossProfit": 207738000,
    "grossProfitRatio": 0.1063473179,
    "researchAndDevelopmentExpenses": 113382000,
    "generalAndAdministrativeExpenses": 0,
    "sellingAndMarketingExpenses": 0,
    "sellingGeneralAndAdministrativeExpenses": 115832000,
    "otherExpenses": 0,
    "operatingExpenses": 229214000,
    "costAndExpenses": 1974868000,
    "interestIncome": 0,
    "interestExpense": 0,
    "depreciationAndAmortization": 51905000,
    "ebitda": 30429000,
    "ebitdaratio": 0.0155775185,
    "operatingIncome": -21476000,
    "operatingIncomeRatio": -0.010994209,
    "totalOtherIncomeExpensesNet": -53115000,
    "incomeBeforeTax": -74591000,
    "incomeBeforeTaxRatio": -0.0381853719,
    "incomeTaxExpense": 0,
    "netIncome": -98863000,
    "netIncomeRatio": -0.0506109373,
    "eps": -0.31,
    "epsdiluted": -0.31,
    "weightedAverageShsOut": 165156000,
    "weightedAverageShsOutDil": 165156000,
    "link": "https://www.sec.gov/Archives/edgar/data/106040/000109581101505236/0001095811-01-505236-index.htm",
    "finalLink": "https://www.sec.gov/Archives/edgar/data/106040/000109581101505236/a75704e10-k.htm"
  },
  {
    "date": "2000-06-30",
    "symbol": "WDC",
    "reportedCurrency": "USD",
    "cik": "0000106040",
    "fillingDate": "2000-09-28",
    "acceptedDate": "2000-09-28 00:00:00",
    "calendarYear": "2000",
    "period": "FY",
    "revenue": 1957199000,
    "costOfRevenue": 1947594000,
    "grossProfit": 9605000,
    "grossProfitRatio": 0.0049075235,
    "researchAndDevelopmentExpenses": 150658000,
    "generalAndAdministrativeExpenses": 0,
    "sellingAndMarketingExpenses": 0,
    "sellingGeneralAndAdministrativeExpenses": 126986000,
    "otherExpenses": 85837000,
    "operatingExpenses": 363481000,
    "costAndExpenses": 2311075000,
    "interestIncome": 0,
    "interestExpense": 0,
    "depreciationAndAmortization": 78283000,
    "ebitda": -189756000,
    "ebitdaratio": -0.0969528392,
    "operatingIncome": -353876000,
    "operatingIncomeRatio": -0.1808073681,
    "totalOtherIncomeExpensesNet": 4874000,
    "incomeBeforeTax": -349002000,
    "incomeBeforeTaxRatio": -0.1783170746,
    "incomeTaxExpense": -19500000,
    "netIncome": -188016000,
    "netIncomeRatio": -0.0960638136,
    "eps": -2.69,
    "epsdiluted": -2.69,
    "weightedAverageShsOut": 116983000,
    "weightedAverageShsOutDil": 116983000,
    "link": "https://www.sec.gov/Archives/edgar/data/106040/000109581100003657/0001095811-00-003657-index.htm",
    "finalLink": "https://www.sec.gov/Archives/edgar/data/106040/000109581100003657/a65804e10-k.htm"
  },
  {
    "date": "1999-07-03",
    "symbol": "WDC",
    "reportedCurrency": "USD",
    "cik": "0000106040",
    "fillingDate": "1999-10-01",
    "acceptedDate": "1999-10-01 00:00:00",
    "calendarYear": "1999",
    "period": "FY",
    "revenue": 2767200000,
    "costOfRevenue": 2639000000,
    "grossProfit": 128200000,
    "grossProfitRatio": 0.0463284186,
    "researchAndDevelopmentExpenses": 217000000,
    "generalAndAdministrativeExpenses": 0,
    "sellingAndMarketingExpenses": 0,
    "sellingGeneralAndAdministrativeExpenses": 196000000,
    "otherExpenses": 131100000,
    "operatingExpenses": 544100000,
    "costAndExpenses": 3183100000,
    "interestIncome": 0,
    "interestExpense": 0,
    "depreciationAndAmortization": 131066000,
    "ebitda": -284800000,
    "ebitdaratio": -0.1029199191,
    "operatingIncome": -415900000,
    "operatingIncomeRatio": -0.1502963284,
    "totalOtherIncomeExpensesNet": 415900000,
    "incomeBeforeTax": 0,
    "incomeBeforeTaxRatio": 0,
    "incomeTaxExpense": 0,
    "netIncome": -492700000,
    "netIncomeRatio": -0.1780500145,
    "eps": -5.51,
    "epsdiluted": -5.51,
    "weightedAverageShsOut": 89478000,
    "weightedAverageShsOutDil": 89478000,
    "link": "https://www.sec.gov/Archives/edgar/data/106040/000089256999002580/0000892569-99-002580-index.htm",
    "finalLink": "https://www.sec.gov/Archives/edgar/data/106040/000089256999002580/0000892569-99-002580-d1.html"
  },
  {
    "date": "1998-06-27",
    "symbol": "WDC",
    "reportedCurrency": "USD",
    "cik": "0000106040",
    "fillingDate": "1998-09-01",
    "acceptedDate": "1998-09-01 00:00:00",
    "calendarYear": "1998",
    "period": "FY",
    "revenue": 3541500000,
    "costOfRevenue": 3334900000,
    "grossProfit": 206600000,
    "grossProfitRatio": 0.0583368629,
    "researchAndDevelopmentExpenses": 203700000,
    "generalAndAdministrativeExpenses": 0,
    "sellingAndMarketingExpenses": 0,
    "sellingGeneralAndAdministrativeExpenses": 192100000,
    "otherExpenses": 106600000,
    "operatingExpenses": 502400000,
    "costAndExpenses": 3837300000,
    "interestIncome": 0,
    "interestExpense": 4000000,
    "depreciationAndAmortization": 106600000,
    "ebitda": -189200000,
    "ebitdaratio": -0.0534236905,
    "operatingIncome": -295800000,
    "operatingIncomeRatio": -0.0835239305,
    "totalOtherIncomeExpensesNet": 3800000,
    "incomeBeforeTax": -292000000,
    "incomeBeforeTaxRatio": -0.0824509389,
    "incomeTaxExpense": -1800000,
    "netIncome": -290200000,
    "netIncomeRatio": -0.0819426797,
    "eps": -3.32,
    "epsdiluted": -3.32,
    "weightedAverageShsOut": 87525000,
    "weightedAverageShsOutDil": 87525000,
    "link": "https://www.sec.gov/Archives/edgar/data/106040/000089256998002462/0000892569-98-002462-index.htm",
    "finalLink": "https://www.sec.gov/Archives/edgar/data/106040/0000892569-98-002462.txt"
  },
  {
    "date": "1997-06-28",
    "symbol": "WDC",
    "reportedCurrency": "USD",
    "cik": "0000106040",
    "fillingDate": "1997-09-12",
    "acceptedDate": "1997-09-12 00:00:00",
    "calendarYear": "1997",
    "period": "FY",
    "revenue": 4177900000,
    "costOfRevenue": 3464100000,
    "grossProfit": 713800000,
    "grossProfitRatio": 0.1708513847,
    "researchAndDevelopmentExpenses": 150200000,
    "generalAndAdministrativeExpenses": 0,
    "sellingAndMarketingExpenses": 0,
    "sellingGeneralAndAdministrativeExpenses": 198500000,
    "otherExpenses": 63500000,
    "operatingExpenses": 412200000,
    "costAndExpenses": 3876300000,
    "interestIncome": 0,
    "interestExpense": 0,
    "depreciationAndAmortization": 63500000,
    "ebitda": 365100000,
    "ebitdaratio": 0.0873884009,
    "operatingIncome": 301600000,
    "operatingIncomeRatio": 0.0721893774,
    "totalOtherIncomeExpensesNet": 13200000,
    "incomeBeforeTax": 314800000,
    "incomeBeforeTaxRatio": 0.0753488595,
    "incomeTaxExpense": 47200000,
    "netIncome": 267600000,
    "netIncomeRatio": 0.0640513176,
    "eps": 3.07,
    "epsdiluted": 2.86,
    "weightedAverageShsOut": 87166124,
    "weightedAverageShsOutDil": 93566434,
    "link": "https://www.sec.gov/Archives/edgar/data/106040/000089256997002550/0000892569-97-002550-index.htm",
    "finalLink": "https://www.sec.gov/Archives/edgar/data/106040/000089256997002550/"
  },
  {
    "date": "1996-06-29",
    "symbol": "WDC",
    "reportedCurrency": "USD",
    "cik": "0000106040",
    "fillingDate": "1996-09-18",
    "acceptedDate": "1996-09-18 00:00:00",
    "calendarYear": "1996",
    "period": "FY",
    "revenue": 2865200000,
    "costOfRevenue": 2431600000,
    "grossProfit": 433600000,
    "grossProfitRatio": 0.1513332403,
    "researchAndDevelopmentExpenses": 150400000,
    "generalAndAdministrativeExpenses": 0,
    "sellingAndMarketingExpenses": 0,
    "sellingGeneralAndAdministrativeExpenses": 304600000,
    "otherExpenses": -98800000,
    "operatingExpenses": 356200000,
    "costAndExpenses": 2787800000,
    "interestIncome": 0,
    "interestExpense": 13000000,
    "depreciationAndAmortization": 51600000,
    "ebitda": 129000000,
    "ebitdaratio": 0.045023035,
    "operatingIncome": 77400000,
    "operatingIncomeRatio": 0.027013821,
    "totalOtherIncomeExpensesNet": 30500000,
    "incomeBeforeTax": 107900000,
    "incomeBeforeTaxRatio": 0.0376588022,
    "incomeTaxExpense": 11000000,
    "netIncome": 96900000,
    "netIncomeRatio": 0.0338196286,
    "eps": 1.05,
    "epsdiluted": 1.01,
    "weightedAverageShsOut": 92285714,
    "weightedAverageShsOutDil": 95940594,
    "link": "https://www.sec.gov/Archives/edgar/data/106040/000089256996001855/0000892569-96-001855-index.htm",
    "finalLink": "https://www.sec.gov/Archives/edgar/data/106040/0000892569-96-001855.txt"
  },
  {
    "date": "1995-07-01",
    "symbol": "WDC",
    "reportedCurrency": "USD",
    "cik": "0000106040",
    "fillingDate": "1995-09-29",
    "acceptedDate": "1995-09-29 00:00:00",
    "calendarYear": "1995",
    "period": "FY",
    "revenue": 2130900000,
    "costOfRevenue": 1693200000,
    "grossProfit": 437700000,
    "grossProfitRatio": 0.2054061664,
    "researchAndDevelopmentExpenses": 130800000,
    "generalAndAdministrativeExpenses": 0,
    "sellingAndMarketingExpenses": 0,
    "sellingGeneralAndAdministrativeExpenses": 130300000,
    "otherExpenses": 43600000,
    "operatingExpenses": 304700000,
    "costAndExpenses": 1997900000,
    "interestIncome": 0,
    "interestExpense": 9000000,
    "depreciationAndAmortization": 43600000,
    "ebitda": 176600000,
    "ebitdaratio": 0.0828757802,
    "operatingIncome": 133000000,
    "operatingIncomeRatio": 0.062414942,
    "totalOtherIncomeExpensesNet": 12000000,
    "incomeBeforeTax": 145000000,
    "incomeBeforeTaxRatio": 0.0680463654,
    "incomeTaxExpense": 21700000,
    "netIncome": 123300000,
    "netIncomeRatio": 0.0578628748,
    "eps": 1.28,
    "epsdiluted": 1.24,
    "weightedAverageShsOut": 96396000,
    "weightedAverageShsOutDil": 102840000,
    "link": "https://www.sec.gov/Archives/edgar/data/106040/000089256995000540/0000892569-95-000540-index.htm",
    "finalLink": "https://www.sec.gov/Archives/edgar/data/106040/0000892569-95-000540.txt"
  },
  {
    "date": "1994-06-30",
    "symbol": "WDC",
    "reportedCurrency": "USD",
    "cik": "0000106040",
    "fillingDate": "1994-09-23",
    "acceptedDate": "1994-09-23 00:00:00",
    "calendarYear": "1994",
    "period": "FY",
    "revenue": 1539700000,
    "costOfRevenue": 1175600000,
    "grossProfit": 364100000,
    "grossProfitRatio": 0.2364746379,
    "researchAndDevelopmentExpenses": 112800000,
    "generalAndAdministrativeExpenses": 0,
    "sellingAndMarketingExpenses": 0,
    "sellingGeneralAndAdministrativeExpenses": 113200000,
    "otherExpenses": 46200000,
    "operatingExpenses": 272200000,
    "costAndExpenses": 1447800000,
    "interestIncome": 0,
    "interestExpense": 0,
    "depreciationAndAmortization": 46200000,
    "ebitda": 138100000,
    "ebitdaratio": 0.0896927973,
    "operatingIncome": 91900000,
    "operatingIncomeRatio": 0.059686952,
    "totalOtherIncomeExpensesNet": -5900000,
    "incomeBeforeTax": 86000000,
    "incomeBeforeTaxRatio": 0.0558550367,
    "incomeTaxExpense": 12900000,
    "netIncome": 73100000,
    "netIncomeRatio": 0.0474767812,
    "eps": 0.89,
    "epsdiluted": 0.85,
    "weightedAverageShsOut": 82726000,
    "weightedAverageShsOutDil": 91360000,
    "link": "https://www.sec.gov/Archives/edgar/data/106040/000089256994000280/0000892569-94-000280-index.htm",
    "finalLink": "https://www.sec.gov/Archives/edgar/data/106040/0000892569-94-000280.txt"
  },
  {
    "date": "1993-06-30",
    "symbol": "WDC",
    "reportedCurrency": "USD",
    "cik": "0000106040",
    "fillingDate": "1993-06-30",
    "acceptedDate": "1993-06-30 00:00:00",
    "calendarYear": "1993",
    "period": "FY",
    "revenue": 1225200000,
    "costOfRevenue": 989400000,
    "grossProfit": 235800000,
    "grossProfitRatio": 0.1924583741,
    "researchAndDevelopmentExpenses": 0,
    "generalAndAdministrativeExpenses": 0,
    "sellingAndMarketingExpenses": 0,
    "sellingGeneralAndAdministrativeExpenses": 192100000,
    "otherExpenses": 53700000,
    "operatingExpenses": 245800000,
    "costAndExpenses": 1235200000,
    "interestIncome": 0,
    "interestExpense": 0,
    "depreciationAndAmortization": 53700000,
    "ebitda": 43700000,
    "ebitdaratio": 0.0356676461,
    "operatingIncome": -10000000,
    "operatingIncomeRatio": -0.0081619327,
    "totalOtherIncomeExpensesNet": 10000000,
    "incomeBeforeTax": 0,
    "incomeBeforeTaxRatio": 0,
    "incomeTaxExpense": 0,
    "netIncome": -25100000,
    "netIncomeRatio": -0.0204864512,
    "eps": -0.4,
    "epsdiluted": -0.4,
    "weightedAverageShsOut": 62750000,
    "weightedAverageShsOutDil": 62750000,
    "link": null,
    "finalLink": null
  },
  {
    "date": "1992-06-30",
    "symbol": "WDC",
    "reportedCurrency": "USD",
    "cik": "0000106040",
    "fillingDate": "1992-06-30",
    "acceptedDate": "1992-06-30 00:00:00",
    "calendarYear": "1992",
    "period": "FY",
    "revenue": 938300000,
    "costOfRevenue": 776900000,
    "grossProfit": 161400000,
    "grossProfitRatio": 0.1720132154,
    "researchAndDevelopmentExpenses": 0,
    "generalAndAdministrativeExpenses": 0,
    "sellingAndMarketingExpenses": 0,
    "sellingGeneralAndAdministrativeExpenses": 177600000,
    "otherExpenses": 50800000,
    "operatingExpenses": 228400000,
    "costAndExpenses": 1005300000,
    "interestIncome": 0,
    "interestExpense": 0,
    "depreciationAndAmortization": 50800000,
    "ebitda": -16200000,
    "ebitdaratio": -0.017265267,
    "operatingIncome": -67000000,
    "operatingIncomeRatio": -0.0714057338,
    "totalOtherIncomeExpensesNet": -4400000,
    "incomeBeforeTax": -71400000,
    "incomeBeforeTaxRatio": -0.0760950655,
    "incomeTaxExpense": 1500000,
    "netIncome": -72900000,
    "netIncomeRatio": -0.0776937014,
    "eps": -1.25,
    "epsdiluted": -1.25,
    "weightedAverageShsOut": 58320000,
    "weightedAverageShsOutDil": 58320000,
    "link": null,
    "finalLink": null
  },
  {
    "date": "1991-06-30",
    "symbol": "WDC",
    "reportedCurrency": "USD",
    "cik": "0000106040",
    "fillingDate": "1991-06-30",
    "acceptedDate": "1991-06-30 00:00:00",
    "calendarYear": "1991",
    "period": "FY",
    "revenue": 986200000,
    "costOfRevenue": 769300000,
    "grossProfit": 216900000,
    "grossProfitRatio": 0.2199351044,
    "researchAndDevelopmentExpenses": 0,
    "generalAndAdministrativeExpenses": 0,
    "sellingAndMarketingExpenses": 0,
    "sellingGeneralAndAdministrativeExpenses": 199300000,
    "otherExpenses": 53800000,
    "operatingExpenses": 253100000,
    "costAndExpenses": 1022400000,
    "interestIncome": 0,
    "interestExpense": 0,
    "depreciationAndAmortization": 53800000,
    "ebitda": 17600000,
    "ebitdaratio": 0.0178462786,
    "operatingIncome": -36200000,
    "operatingIncomeRatio": -0.0367065504,
    "totalOtherIncomeExpensesNet": -96300000,
    "incomeBeforeTax": -132500000,
    "incomeBeforeTaxRatio": -0.1343540864,
    "incomeTaxExpense": 1700000,
    "netIncome": -134200000,
    "netIncomeRatio": -0.1360778747,
    "eps": -2.3,
    "epsdiluted": -2.3,
    "weightedAverageShsOut": 58347826,
    "weightedAverageShsOutDil": 58347826,
    "link": null,
    "finalLink": null
  },
  {
    "date": "1990-06-30",
    "symbol": "WDC",
    "reportedCurrency": "USD",
    "cik": "0000106040",
    "fillingDate": "1990-06-30",
    "acceptedDate": "1990-06-30 00:00:00",
    "calendarYear": "1990",
    "period": "FY",
    "revenue": 1070500000,
    "costOfRevenue": 760800000,
    "grossProfit": 309700000,
    "grossProfitRatio": 0.2893040635,
    "researchAndDevelopmentExpenses": 0,
    "generalAndAdministrativeExpenses": 0,
    "sellingAndMarketingExpenses": 0,
    "sellingGeneralAndAdministrativeExpenses": 222200000,
    "otherExpenses": 47600000,
    "operatingExpenses": 269800000,
    "costAndExpenses": 1030600000,
    "interestIncome": 0,
    "interestExpense": 0,
    "depreciationAndAmortization": 47600000,
    "ebitda": 87500000,
    "ebitdaratio": 0.0817375058,
    "operatingIncome": 39900000,
    "operatingIncomeRatio": 0.0372723027,
    "totalOtherIncomeExpensesNet": -7700000,
    "incomeBeforeTax": 32200000,
    "incomeBeforeTaxRatio": 0.0300794021,
    "incomeTaxExpense": 8000000,
    "netIncome": 24200000,
    "netIncomeRatio": 0.0226062588,
    "eps": 0.41,
    "epsdiluted": 0.41,
    "weightedAverageShsOut": 59024390,
    "weightedAverageShsOutDil": 59024390,
    "link": null,
    "finalLink": null
  },
  {
    "date": "1989-06-30",
    "symbol": "WDC",
    "reportedCurrency": "USD",
    "cik": "0000106040",
    "fillingDate": "1989-06-30",
    "acceptedDate": "1989-06-29 20:00:00",
    "calendarYear": "1989",
    "period": "FY",
    "revenue": 992100000,
    "costOfRevenue": 666500000,
    "grossProfit": 325600000,
    "grossProfitRatio": 0.3281927225,
    "researchAndDevelopmentExpenses": 0,
    "generalAndAdministrativeExpenses": 0,
    "sellingAndMarketingExpenses": 0,
    "sellingGeneralAndAdministrativeExpenses": 221600000,
    "otherExpenses": 45200000,
    "operatingExpenses": 266800000,
    "costAndExpenses": 933300000,
    "interestIncome": 0,
    "interestExpense": 0,
    "depreciationAndAmortization": 45200000,
    "ebitda": 104000000,
    "ebitdaratio": 0.1048281423,
    "operatingIncome": 58800000,
    "operatingIncomeRatio": 0.0592682189,
    "totalOtherIncomeExpensesNet": -13400000,
    "incomeBeforeTax": 45400000,
    "incomeBeforeTaxRatio": 0.045761516,
    "incomeTaxExpense": 11100000,
    "netIncome": 34300000,
    "netIncomeRatio": 0.0345731277,
    "eps": 0.59,
    "epsdiluted": 0.59,
    "weightedAverageShsOut": 58135593,
    "weightedAverageShsOutDil": 58135593,
    "link": "",
    "finalLink": ""
  },
  {
    "date": "1988-06-30",
    "symbol": "WDC",
    "reportedCurrency": "USD",
    "cik": "0000106040",
    "fillingDate": "1988-06-30",
    "acceptedDate": "1988-06-29 20:00:00",
    "calendarYear": "1988",
    "period": "FY",
    "revenue": 768300000,
    "costOfRevenue": 512500000,
    "grossProfit": 255800000,
    "grossProfitRatio": 0.3329428609,
    "researchAndDevelopmentExpenses": 0,
    "generalAndAdministrativeExpenses": 0,
    "sellingAndMarketingExpenses": 0,
    "sellingGeneralAndAdministrativeExpenses": 170300000,
    "otherExpenses": 28600000,
    "operatingExpenses": 198900000,
    "costAndExpenses": 711400000,
    "interestIncome": 0,
    "interestExpense": 0,
    "depreciationAndAmortization": 28600000,
    "ebitda": 85500000,
    "ebitdaratio": 0.1112846544,
    "operatingIncome": 56900000,
    "operatingIncomeRatio": 0.0740596121,
    "totalOtherIncomeExpensesNet": -1800000,
    "incomeBeforeTax": 55100000,
    "incomeBeforeTaxRatio": 0.0717167773,
    "incomeTaxExpense": 12100000,
    "netIncome": 43000000,
    "netIncomeRatio": 0.0559677209,
    "eps": 0.76,
    "epsdiluted": 0.76,
    "weightedAverageShsOut": 56578947,
    "weightedAverageShsOutDil": 56578947,
    "link": "",
    "finalLink": ""
  },
  {
    "date": "1987-06-30",
    "symbol": "WDC",
    "reportedCurrency": "USD",
    "cik": "0000106040",
    "fillingDate": "1987-06-30",
    "acceptedDate": "1987-06-29 20:00:00",
    "calendarYear": "1987",
    "period": "FY",
    "revenue": 462500000,
    "costOfRevenue": 274300000,
    "grossProfit": 188200000,
    "grossProfitRatio": 0.4069189189,
    "researchAndDevelopmentExpenses": 0,
    "generalAndAdministrativeExpenses": 0,
    "sellingAndMarketingExpenses": 0,
    "sellingGeneralAndAdministrativeExpenses": 111900000,
    "otherExpenses": 18000000,
    "operatingExpenses": 129900000,
    "costAndExpenses": 404200000,
    "interestIncome": 0,
    "interestExpense": 0,
    "depreciationAndAmortization": 18000000,
    "ebitda": 76300000,
    "ebitdaratio": 0.164972973,
    "operatingIncome": 58300000,
    "operatingIncomeRatio": 0.1260540541,
    "totalOtherIncomeExpensesNet": -800000,
    "incomeBeforeTax": 57500000,
    "incomeBeforeTaxRatio": 0.1243243243,
    "incomeTaxExpense": 14700000,
    "netIncome": 42800000,
    "netIncomeRatio": 0.0925405405,
    "eps": 0.89,
    "epsdiluted": 0.83,
    "weightedAverageShsOut": 48089888,
    "weightedAverageShsOutDil": 51566265,
    "link": "",
    "finalLink": ""
  },
  {
    "date": "1986-06-30",
    "symbol": "WDC",
    "reportedCurrency": "USD",
    "cik": "0000106040",
    "fillingDate": "1986-06-30",
    "acceptedDate": "1986-06-29 20:00:00",
    "calendarYear": "1986",
    "period": "FY",
    "revenue": 277600000,
    "costOfRevenue": 164000000,
    "grossProfit": 113600000,
    "grossProfitRatio": 0.409221902,
    "researchAndDevelopmentExpenses": 0,
    "generalAndAdministrativeExpenses": 0,
    "sellingAndMarketingExpenses": 0,
    "sellingGeneralAndAdministrativeExpenses": 70100000,
    "otherExpenses": 12900000,
    "operatingExpenses": 83000000,
    "costAndExpenses": 247000000,
    "interestIncome": 0,
    "interestExpense": 0,
    "depreciationAndAmortization": 12900000,
    "ebitda": 43500000,
    "ebitdaratio": 0.1567002882,
    "operatingIncome": 30600000,
    "operatingIncomeRatio": 0.1102305476,
    "totalOtherIncomeExpensesNet": -2800000,
    "incomeBeforeTax": 27800000,
    "incomeBeforeTaxRatio": 0.1001440922,
    "incomeTaxExpense": 7200000,
    "netIncome": 20600000,
    "netIncomeRatio": 0.0742074928,
    "eps": 0.52,
    "epsdiluted": 0.51,
    "weightedAverageShsOut": 39615385,
    "weightedAverageShsOutDil": 40392157,
    "link": "",
    "finalLink": ""
  }
]