[
  {
    "date": "2025-06-30",
    "symbol": "WEC",
    "reportedCurrency": "USD",
    "cik": "0000783325",
    "fillingDate": "2025-08-01",
    "acceptedDate": "2025-07-31 17:36:08",
    "calendarYear": "2025",
    "period": "Q2",
    "revenue": 2009500000,
    "costOfRevenue": 1166700000,
    "grossProfit": 842800000,
    "grossProfitRatio": 0.4194078129,
    "researchAndDevelopmentExpenses": 0,
    "generalAndAdministrativeExpenses": 0,
    "sellingAndMarketingExpenses": 0,
    "sellingGeneralAndAdministrativeExpenses": 0,
    "otherExpenses": 437900000,
    "operatingExpenses": 437900000,
    "costAndExpenses": 1604600000,
    "interestIncome": 0,
    "interestExpense": 220800000,
    "depreciationAndAmortization": 368900000,
    "ebitda": 852200000,
    "ebitdaratio": 0.4240855934,
    "operatingIncome": 404900000,
    "operatingIncomeRatio": 0.2014929087,
    "totalOtherIncomeExpensesNet": -142400000,
    "incomeBeforeTax": 262500000,
    "incomeBeforeTaxRatio": 0.1306295098,
    "incomeTaxExpense": 19500000,
    "netIncome": 245700000,
    "netIncomeRatio": 0.1222692212,
    "eps": 0.77,
    "epsdiluted": 0.76,
    "weightedAverageShsOut": 319300000,
    "weightedAverageShsOutDil": 320700000,
    "link": "https://www.sec.gov/Archives/edgar/data/783325/000078332525000030/0000783325-25-000030-index.htm",
    "finalLink": "https://www.sec.gov/Archives/edgar/data/783325/000078332525000030/wec-20250630.htm"
  },
  {
    "date": "2025-03-31",
    "symbol": "WEC",
    "reportedCurrency": "USD",
    "cik": "0000783325",
    "fillingDate": "2025-05-07",
    "acceptedDate": "2025-05-06 17:37:37",
    "calendarYear": "2025",
    "period": "Q1",
    "revenue": 3149500000,
    "costOfRevenue": 1773700000,
    "grossProfit": 1375800000,
    "grossProfitRatio": 0.4368312431,
    "researchAndDevelopmentExpenses": 0,
    "generalAndAdministrativeExpenses": 0,
    "sellingAndMarketingExpenses": 0,
    "sellingGeneralAndAdministrativeExpenses": 0,
    "otherExpenses": 438300000,
    "operatingExpenses": 438300000,
    "costAndExpenses": 2212000000,
    "interestIncome": 0,
    "interestExpense": 223000000,
    "depreciationAndAmortization": 359900000,
    "ebitda": 1369100000,
    "ebitdaratio": 0.4347039213,
    "operatingIncome": 937500000,
    "operatingIncomeRatio": 0.2976662962,
    "totalOtherIncomeExpensesNet": -151300000,
    "incomeBeforeTax": 786200000,
    "incomeBeforeTaxRatio": 0.2496269249,
    "incomeTaxExpense": 60700000,
    "netIncome": 724500000,
    "netIncomeRatio": 0.2300365137,
    "eps": 2.28,
    "epsdiluted": 2.27,
    "weightedAverageShsOut": 318200000,
    "weightedAverageShsOutDil": 319300000,
    "link": "https://www.sec.gov/Archives/edgar/data/783325/000010781525000182/0000107815-25-000182-index.htm",
    "finalLink": "https://www.sec.gov/Archives/edgar/data/783325/000010781525000182/wec-20250331.htm"
  },
  {
    "date": "2024-12-31",
    "symbol": "WEC",
    "reportedCurrency": "USD",
    "cik": "0000783325",
    "fillingDate": "2025-02-21",
    "acceptedDate": "2025-02-21 11:23:27",
    "calendarYear": "2024",
    "period": "Q4",
    "revenue": 2284200000,
    "costOfRevenue": 1265400000,
    "grossProfit": 1018800000,
    "grossProfitRatio": 0.4460204886,
    "researchAndDevelopmentExpenses": 0,
    "generalAndAdministrativeExpenses": 0,
    "sellingAndMarketingExpenses": 0,
    "sellingGeneralAndAdministrativeExpenses": 0,
    "otherExpenses": 427900000,
    "operatingExpenses": 427900000,
    "costAndExpenses": 1693300000,
    "interestIncome": 0,
    "interestExpense": 201300000,
    "depreciationAndAmortization": 344000000,
    "ebitda": 1076700000,
    "ebitdaratio": 0.4713685317,
    "operatingIncome": 590900000,
    "operatingIncomeRatio": 0.2586901322,
    "totalOtherIncomeExpensesNet": -76700000,
    "incomeBeforeTax": 514200000,
    "incomeBeforeTaxRatio": 0.2251116365,
    "incomeTaxExpense": 61100000,
    "netIncome": 453800000,
    "netIncomeRatio": 0.1986691183,
    "eps": 1.43,
    "epsdiluted": 1.43,
    "weightedAverageShsOut": 317100000,
    "weightedAverageShsOutDil": 317500000,
    "link": "https://www.sec.gov/Archives/edgar/data/783325/000010781525000103/0000107815-25-000103-index.htm",
    "finalLink": "https://www.sec.gov/Archives/edgar/data/783325/000010781525000103/wec-20241231.htm"
  },
  {
    "date": "2024-09-30",
    "symbol": "WEC",
    "reportedCurrency": "USD",
    "cik": "0000783325",
    "fillingDate": "2024-11-01",
    "acceptedDate": "2024-11-01 10:48:52",
    "calendarYear": "2024",
    "period": "Q3",
    "revenue": 1863500000,
    "costOfRevenue": 1087600000,
    "grossProfit": 775900000,
    "grossProfitRatio": 0.4163670512,
    "researchAndDevelopmentExpenses": 0,
    "generalAndAdministrativeExpenses": 0,
    "sellingAndMarketingExpenses": 0,
    "sellingGeneralAndAdministrativeExpenses": 0,
    "otherExpenses": 392200000,
    "operatingExpenses": 392200000,
    "costAndExpenses": 1479800000,
    "interestIncome": 0,
    "interestExpense": 204200000,
    "depreciationAndAmortization": 340500000,
    "ebitda": 814900000,
    "ebitdaratio": 0.4372954119,
    "operatingIncome": 383700000,
    "operatingIncomeRatio": 0.2059028709,
    "totalOtherIncomeExpensesNet": -113500000,
    "incomeBeforeTax": 270200000,
    "incomeBeforeTaxRatio": 0.1449959753,
    "incomeTaxExpense": 31600000,
    "netIncome": 240400000,
    "netIncomeRatio": 0.1290045613,
    "eps": 0.76,
    "epsdiluted": 0.76,
    "weightedAverageShsOut": 316200000,
    "weightedAverageShsOutDil": 316500000,
    "link": "https://www.sec.gov/Archives/edgar/data/783325/000010781524000248/0000107815-24-000248-index.htm",
    "finalLink": "https://www.sec.gov/Archives/edgar/data/783325/000010781524000248/wec-20240930.htm"
  },
  {
    "date": "2024-06-30",
    "symbol": "WEC",
    "reportedCurrency": "USD",
    "cik": "0000783325",
    "fillingDate": "2024-07-31",
    "acceptedDate": "2024-07-31 14:50:49",
    "calendarYear": "2024",
    "period": "Q2",
    "revenue": 1772000000,
    "costOfRevenue": 1003100000,
    "grossProfit": 768900000,
    "grossProfitRatio": 0.4339164786,
    "researchAndDevelopmentExpenses": 0,
    "generalAndAdministrativeExpenses": 0,
    "sellingAndMarketingExpenses": 0,
    "sellingGeneralAndAdministrativeExpenses": 0,
    "otherExpenses": 404100000,
    "operatingExpenses": 404100000,
    "costAndExpenses": 1407200000,
    "interestIncome": 0,
    "interestExpense": 200600000,
    "depreciationAndAmortization": 336600000,
    "ebitda": 788800000,
    "ebitdaratio": 0.4451467269,
    "operatingIncome": 364800000,
    "operatingIncomeRatio": 0.2058690745,
    "totalOtherIncomeExpensesNet": -113200000,
    "incomeBeforeTax": 251600000,
    "incomeBeforeTaxRatio": 0.141986456,
    "incomeTaxExpense": 41600000,
    "netIncome": 211600000,
    "netIncomeRatio": 0.1194130926,
    "eps": 0.67,
    "epsdiluted": 0.67,
    "weightedAverageShsOut": 315900000,
    "weightedAverageShsOutDil": 316200000,
    "link": "https://www.sec.gov/Archives/edgar/data/783325/000010781524000203/0000107815-24-000203-index.htm",
    "finalLink": "https://www.sec.gov/Archives/edgar/data/783325/000010781524000203/wec-20240630.htm"
  },
  {
    "date": "2024-03-31",
    "symbol": "WEC",
    "reportedCurrency": "USD",
    "cik": "0000783325",
    "fillingDate": "2024-05-03",
    "acceptedDate": "2024-05-03 11:43:23",
    "calendarYear": "2024",
    "period": "Q1",
    "revenue": 2680200000,
    "costOfRevenue": 1457900000,
    "grossProfit": 1222300000,
    "grossProfitRatio": 0.4560480561,
    "researchAndDevelopmentExpenses": 0,
    "generalAndAdministrativeExpenses": 0,
    "sellingAndMarketingExpenses": 0,
    "sellingGeneralAndAdministrativeExpenses": 0,
    "otherExpenses": 408900000,
    "operatingExpenses": 408900000,
    "costAndExpenses": 1866800000,
    "interestIncome": 0,
    "interestExpense": 192000000,
    "depreciationAndAmortization": 333400000,
    "ebitda": 1235700000,
    "ebitdaratio": 0.461047683,
    "operatingIncome": 813400000,
    "operatingIncomeRatio": 0.3034848146,
    "totalOtherIncomeExpensesNet": -103100000,
    "incomeBeforeTax": 710300000,
    "incomeBeforeTaxRatio": 0.265017536,
    "incomeTaxExpense": 87700000,
    "netIncome": 622600000,
    "netIncomeRatio": 0.2322960973,
    "eps": 1.97,
    "epsdiluted": 1.97,
    "weightedAverageShsOut": 315600000,
    "weightedAverageShsOutDil": 315900000,
    "link": "https://www.sec.gov/Archives/edgar/data/783325/000010781524000155/0000107815-24-000155-index.htm",
    "finalLink": "https://www.sec.gov/Archives/edgar/data/783325/000010781524000155/wec-20240331.htm"
  },
  {
    "date": "2023-12-31",
    "symbol": "WEC",
    "reportedCurrency": "USD",
    "cik": "0000783325",
    "fillingDate": "2024-02-22",
    "acceptedDate": "2024-02-22 12:19:25",
    "calendarYear": "2023",
    "period": "Q4",
    "revenue": 2217500000,
    "costOfRevenue": 1315000000,
    "grossProfit": 902500000,
    "grossProfitRatio": 0.4069898534,
    "researchAndDevelopmentExpenses": 0,
    "generalAndAdministrativeExpenses": 0,
    "sellingAndMarketingExpenses": 0,
    "sellingGeneralAndAdministrativeExpenses": 0,
    "otherExpenses": 561100000,
    "operatingExpenses": 561100000,
    "costAndExpenses": 1876100000,
    "interestIncome": 0,
    "interestExpense": 193500000,
    "depreciationAndAmortization": 324500000,
    "ebitda": 758100000,
    "ebitdaratio": 0.3418714769,
    "operatingIncome": 341400000,
    "operatingIncomeRatio": 0.153957159,
    "totalOtherIncomeExpensesNet": -101300000,
    "incomeBeforeTax": 240100000,
    "incomeBeforeTaxRatio": 0.1082750846,
    "incomeTaxExpense": 21600000,
    "netIncome": 218800000,
    "netIncomeRatio": 0.0986696731,
    "eps": 0.69,
    "epsdiluted": 0.69,
    "weightedAverageShsOut": 315400000,
    "weightedAverageShsOutDil": 315800000,
    "link": "https://www.sec.gov/Archives/edgar/data/783325/000010781524000095/0000107815-24-000095-index.htm",
    "finalLink": "https://www.sec.gov/Archives/edgar/data/783325/000010781524000095/wec-20231231.htm"
  },
  {
    "date": "2023-09-30",
    "symbol": "WEC",
    "reportedCurrency": "USD",
    "cik": "0000783325",
    "fillingDate": "2023-11-02",
    "acceptedDate": "2023-11-01 17:43:00",
    "calendarYear": "2023",
    "period": "Q3",
    "revenue": 1957400000,
    "costOfRevenue": 1104000000,
    "grossProfit": 853400000,
    "grossProfitRatio": 0.4359865127,
    "researchAndDevelopmentExpenses": 0,
    "generalAndAdministrativeExpenses": 0,
    "sellingAndMarketingExpenses": 0,
    "sellingGeneralAndAdministrativeExpenses": 0,
    "otherExpenses": 381400000,
    "operatingExpenses": 381400000,
    "costAndExpenses": 1485400000,
    "interestIncome": 0,
    "interestExpense": 182500000,
    "depreciationAndAmortization": 320300000,
    "ebitda": 878800000,
    "ebitdaratio": 0.44896291,
    "operatingIncome": 472000000,
    "operatingIncomeRatio": 0.2411362011,
    "totalOtherIncomeExpensesNet": -96000000,
    "incomeBeforeTax": 376000000,
    "incomeBeforeTaxRatio": 0.19209155,
    "incomeTaxExpense": 60400000,
    "netIncome": 316300000,
    "netIncomeRatio": 0.1615919076,
    "eps": 1,
    "epsdiluted": 1,
    "weightedAverageShsOut": 315400000,
    "weightedAverageShsOutDil": 315800000,
    "link": "https://www.sec.gov/Archives/edgar/data/783325/000010781523000226/0000107815-23-000226-index.htm",
    "finalLink": "https://www.sec.gov/Archives/edgar/data/783325/000010781523000226/wec-20230930.htm"
  },
  {
    "date": "2023-06-30",
    "symbol": "WEC",
    "reportedCurrency": "USD",
    "cik": "0000783325",
    "fillingDate": "2023-08-03",
    "acceptedDate": "2023-08-02 18:14:57",
    "calendarYear": "2023",
    "period": "Q2",
    "revenue": 1830000000,
    "costOfRevenue": 1029000000,
    "grossProfit": 801000000,
    "grossProfitRatio": 0.437704918,
    "researchAndDevelopmentExpenses": 0,
    "generalAndAdministrativeExpenses": 0,
    "sellingAndMarketingExpenses": 0,
    "sellingGeneralAndAdministrativeExpenses": 0,
    "otherExpenses": 375700000,
    "operatingExpenses": 375700000,
    "costAndExpenses": 1404700000,
    "interestIncome": 0,
    "interestExpense": 178700000,
    "depreciationAndAmortization": 313900000,
    "ebitda": 831100000,
    "ebitdaratio": 0.4541530055,
    "operatingIncome": 425300000,
    "operatingIncomeRatio": 0.2324043716,
    "totalOtherIncomeExpensesNet": -86800000,
    "incomeBeforeTax": 338500000,
    "incomeBeforeTaxRatio": 0.1849726776,
    "incomeTaxExpense": 48500000,
    "netIncome": 290000000,
    "netIncomeRatio": 0.1584699454,
    "eps": 0.92,
    "epsdiluted": 0.92,
    "weightedAverageShsOut": 315400000,
    "weightedAverageShsOutDil": 315900000,
    "link": "https://www.sec.gov/Archives/edgar/data/783325/000010781523000196/0000107815-23-000196-index.htm",
    "finalLink": "https://www.sec.gov/Archives/edgar/data/783325/000010781523000196/wec-20230630.htm"
  },
  {
    "date": "2023-03-31",
    "symbol": "WEC",
    "reportedCurrency": "USD",
    "cik": "0000783325",
    "fillingDate": "2023-05-04",
    "acceptedDate": "2023-05-03 17:55:20",
    "calendarYear": "2023",
    "period": "Q1",
    "revenue": 2888100000,
    "costOfRevenue": 1843700000,
    "grossProfit": 1044400000,
    "grossProfitRatio": 0.3616218275,
    "researchAndDevelopmentExpenses": 0,
    "generalAndAdministrativeExpenses": 0,
    "sellingAndMarketingExpenses": 0,
    "sellingGeneralAndAdministrativeExpenses": 0,
    "otherExpenses": 375100000,
    "operatingExpenses": 375100000,
    "costAndExpenses": 2218800000,
    "interestIncome": 0,
    "interestExpense": 172200000,
    "depreciationAndAmortization": 305500000,
    "ebitda": 1059400000,
    "ebitdaratio": 0.3668155535,
    "operatingIncome": 669300000,
    "operatingIncomeRatio": 0.2317440532,
    "totalOtherIncomeExpensesNet": -87600000,
    "incomeBeforeTax": 581700000,
    "incomeBeforeTaxRatio": 0.2014126935,
    "incomeTaxExpense": 74100000,
    "netIncome": 507800000,
    "netIncomeRatio": 0.1758249368,
    "eps": 1.61,
    "epsdiluted": 1.61,
    "weightedAverageShsOut": 315400000,
    "weightedAverageShsOutDil": 315900000,
    "link": "https://www.sec.gov/Archives/edgar/data/783325/000010781523000148/0000107815-23-000148-index.htm",
    "finalLink": "https://www.sec.gov/Archives/edgar/data/783325/000010781523000148/wec-20230331.htm"
  },
  {
    "date": "2022-12-31",
    "symbol": "WEC",
    "reportedCurrency": "USD",
    "cik": "0000783325",
    "fillingDate": "2023-02-23",
    "acceptedDate": "2023-02-23 07:42:27",
    "calendarYear": "2022",
    "period": "Q4",
    "revenue": 2558400000,
    "costOfRevenue": 1815700000,
    "grossProfit": 742700000,
    "grossProfitRatio": 0.2902986241,
    "researchAndDevelopmentExpenses": 0,
    "generalAndAdministrativeExpenses": 0,
    "sellingAndMarketingExpenses": 0,
    "sellingGeneralAndAdministrativeExpenses": 0,
    "otherExpenses": 362300000,
    "operatingExpenses": 362300000,
    "costAndExpenses": 2178000000,
    "interestIncome": 0,
    "interestExpense": 150200000,
    "depreciationAndAmortization": 284600000,
    "ebitda": 746000000,
    "ebitdaratio": 0.2915884928,
    "operatingIncome": 380400000,
    "operatingIncomeRatio": 0.1486866792,
    "totalOtherIncomeExpensesNet": -69200000,
    "incomeBeforeTax": 311200000,
    "incomeBeforeTaxRatio": 0.1216385241,
    "incomeTaxExpense": 59000000,
    "netIncome": 253000000,
    "netIncomeRatio": 0.0988899312,
    "eps": 0.8,
    "epsdiluted": 0.8,
    "weightedAverageShsOut": 315400000,
    "weightedAverageShsOutDil": 315900000,
    "link": "https://www.sec.gov/Archives/edgar/data/783325/000010781523000100/0000107815-23-000100-index.htm",
    "finalLink": "https://www.sec.gov/Archives/edgar/data/783325/000010781523000100/wec-20221231.htm"
  },
  {
    "date": "2022-09-30",
    "symbol": "WEC",
    "reportedCurrency": "USD",
    "cik": "0000783325",
    "fillingDate": "2022-11-03",
    "acceptedDate": "2022-11-02 17:42:00",
    "calendarYear": "2022",
    "period": "Q3",
    "revenue": 2003000000,
    "costOfRevenue": 1259400000,
    "grossProfit": 743600000,
    "grossProfitRatio": 0.3712431353,
    "researchAndDevelopmentExpenses": 0,
    "generalAndAdministrativeExpenses": 0,
    "sellingAndMarketingExpenses": 0,
    "sellingGeneralAndAdministrativeExpenses": 0,
    "otherExpenses": 339400000,
    "operatingExpenses": 339400000,
    "costAndExpenses": 1598800000,
    "interestIncome": 0,
    "interestExpense": 127500000,
    "depreciationAndAmortization": 280300000,
    "ebitda": 782900000,
    "ebitdaratio": 0.3908637044,
    "operatingIncome": 404200000,
    "operatingIncomeRatio": 0.201797304,
    "totalOtherIncomeExpensesNet": -29100000,
    "incomeBeforeTax": 375100000,
    "incomeBeforeTaxRatio": 0.1872690964,
    "incomeTaxExpense": 73400000,
    "netIncome": 302000000,
    "netIncomeRatio": 0.1507738392,
    "eps": 0.96,
    "epsdiluted": 0.96,
    "weightedAverageShsOut": 315400000,
    "weightedAverageShsOutDil": 316200000,
    "link": "https://www.sec.gov/Archives/edgar/data/783325/000010781522000307/0000107815-22-000307-index.htm",
    "finalLink": "https://www.sec.gov/Archives/edgar/data/783325/000010781522000307/wec-20220930.htm"
  },
  {
    "date": "2022-06-30",
    "symbol": "WEC",
    "reportedCurrency": "USD",
    "cik": "0000783325",
    "fillingDate": "2022-08-04",
    "acceptedDate": "2022-08-03 17:42:05",
    "calendarYear": "2022",
    "period": "Q2",
    "revenue": 2127900000,
    "costOfRevenue": 1384000000,
    "grossProfit": 743900000,
    "grossProfitRatio": 0.3495934959,
    "researchAndDevelopmentExpenses": 0,
    "generalAndAdministrativeExpenses": 0,
    "sellingAndMarketingExpenses": 0,
    "sellingGeneralAndAdministrativeExpenses": 0,
    "otherExpenses": 335700000,
    "operatingExpenses": 335700000,
    "costAndExpenses": 1719700000,
    "interestIncome": 0,
    "interestExpense": 119800000,
    "depreciationAndAmortization": 279600000,
    "ebitda": 750600000,
    "ebitdaratio": 0.3527421401,
    "operatingIncome": 408200000,
    "operatingIncomeRatio": 0.1918323229,
    "totalOtherIncomeExpensesNet": -57000000,
    "incomeBeforeTax": 351200000,
    "incomeBeforeTaxRatio": 0.1650453499,
    "incomeTaxExpense": 63400000,
    "netIncome": 287500000,
    "netIncomeRatio": 0.1351097326,
    "eps": 0.91,
    "epsdiluted": 0.91,
    "weightedAverageShsOut": 315400000,
    "weightedAverageShsOutDil": 316200000,
    "link": "https://www.sec.gov/Archives/edgar/data/783325/000010781522000269/0000107815-22-000269-index.htm",
    "finalLink": "https://www.sec.gov/Archives/edgar/data/783325/000010781522000269/wec-20220630.htm"
  },
  {
    "date": "2022-03-31",
    "symbol": "WEC",
    "reportedCurrency": "USD",
    "cik": "0000783325",
    "fillingDate": "2022-05-05",
    "acceptedDate": "2022-05-04 17:55:51",
    "calendarYear": "2022",
    "period": "Q1",
    "revenue": 2908100000,
    "costOfRevenue": 1837800000,
    "grossProfit": 1070300000,
    "grossProfitRatio": 0.368040989,
    "researchAndDevelopmentExpenses": 0,
    "generalAndAdministrativeExpenses": 0,
    "sellingAndMarketingExpenses": 0,
    "sellingGeneralAndAdministrativeExpenses": 0,
    "otherExpenses": 338900000,
    "operatingExpenses": 338900000,
    "costAndExpenses": 2176700000,
    "interestIncome": 0,
    "interestExpense": 117600000,
    "depreciationAndAmortization": 278100000,
    "ebitda": 1090800000,
    "ebitdaratio": 0.3750902651,
    "operatingIncome": 731400000,
    "operatingIncomeRatio": 0.2515044187,
    "totalOtherIncomeExpensesNet": -36300000,
    "incomeBeforeTax": 695100000,
    "incomeBeforeTaxRatio": 0.2390220419,
    "incomeTaxExpense": 127100000,
    "netIncome": 565900000,
    "netIncomeRatio": 0.1945944087,
    "eps": 1.79,
    "epsdiluted": 1.79,
    "weightedAverageShsOut": 315400000,
    "weightedAverageShsOutDil": 316200000,
    "link": "https://www.sec.gov/Archives/edgar/data/783325/000010781522000185/0000107815-22-000185-index.htm",
    "finalLink": "https://www.sec.gov/Archives/edgar/data/783325/000010781522000185/wec-20220331.htm"
  },
  {
    "date": "2021-12-31",
    "symbol": "WEC",
    "reportedCurrency": "USD",
    "cik": "0000783325",
    "fillingDate": "2022-02-24",
    "acceptedDate": "2022-02-24 08:49:34",
    "calendarYear": "2021",
    "period": "Q4",
    "revenue": 2201900000,
    "costOfRevenue": 1546900000,
    "grossProfit": 655000000,
    "grossProfitRatio": 0.2974703665,
    "researchAndDevelopmentExpenses": 0,
    "generalAndAdministrativeExpenses": 0,
    "sellingAndMarketingExpenses": 0,
    "sellingGeneralAndAdministrativeExpenses": 0,
    "otherExpenses": 328200000,
    "operatingExpenses": 328200000,
    "costAndExpenses": 1875100000,
    "interestIncome": 0,
    "interestExpense": 113600000,
    "depreciationAndAmortization": 275100000,
    "ebitda": 633000000,
    "ebitdaratio": 0.2874789954,
    "operatingIncome": 326800000,
    "operatingIncomeRatio": 0.148417276,
    "totalOtherIncomeExpensesNet": -82500000,
    "incomeBeforeTax": 244300000,
    "incomeBeforeTaxRatio": 0.1109496344,
    "incomeTaxExpense": 20500000,
    "netIncome": 224200000,
    "netIncomeRatio": 0.1018211545,
    "eps": 0.71,
    "epsdiluted": 0.71,
    "weightedAverageShsOut": 315400000,
    "weightedAverageShsOutDil": 316200000,
    "link": "https://www.sec.gov/Archives/edgar/data/783325/000010781522000116/0000107815-22-000116-index.htm",
    "finalLink": "https://www.sec.gov/Archives/edgar/data/783325/000010781522000116/wec-20211231.htm"
  },
  {
    "date": "2021-09-30",
    "symbol": "WEC",
    "reportedCurrency": "USD",
    "cik": "0000783325",
    "fillingDate": "2021-11-04",
    "acceptedDate": "2021-11-03 17:40:58",
    "calendarYear": "2021",
    "period": "Q3",
    "revenue": 1746500000,
    "costOfRevenue": 1034400000,
    "grossProfit": 712100000,
    "grossProfitRatio": 0.4077297452,
    "researchAndDevelopmentExpenses": 0,
    "generalAndAdministrativeExpenses": 0,
    "sellingAndMarketingExpenses": 0,
    "sellingGeneralAndAdministrativeExpenses": 0,
    "otherExpenses": 322100000,
    "operatingExpenses": 322100000,
    "costAndExpenses": 1356500000,
    "interestIncome": 0,
    "interestExpense": 118000000,
    "depreciationAndAmortization": 271600000,
    "ebitda": 729100000,
    "ebitdaratio": 0.4174634984,
    "operatingIncome": 390000000,
    "operatingIncomeRatio": 0.2233037504,
    "totalOtherIncomeExpensesNet": -50500000,
    "incomeBeforeTax": 339500000,
    "incomeBeforeTaxRatio": 0.1943887776,
    "incomeTaxExpense": 50800000,
    "netIncome": 290000000,
    "netIncomeRatio": 0.1660463785,
    "eps": 0.92,
    "epsdiluted": 0.92,
    "weightedAverageShsOut": 315400000,
    "weightedAverageShsOutDil": 316300000,
    "link": "https://www.sec.gov/Archives/edgar/data/783325/000010781521000264/0000107815-21-000264-index.htm",
    "finalLink": "https://www.sec.gov/Archives/edgar/data/783325/000010781521000264/wec-20210930.htm"
  },
  {
    "date": "2021-06-30",
    "symbol": "WEC",
    "reportedCurrency": "USD",
    "cik": "0000783325",
    "fillingDate": "2021-08-05",
    "acceptedDate": "2021-08-04 17:53:39",
    "calendarYear": "2021",
    "period": "Q2",
    "revenue": 1676200000,
    "costOfRevenue": 989700000,
    "grossProfit": 686500000,
    "grossProfitRatio": 0.4095573321,
    "researchAndDevelopmentExpenses": 0,
    "generalAndAdministrativeExpenses": 0,
    "sellingAndMarketingExpenses": 0,
    "sellingGeneralAndAdministrativeExpenses": 0,
    "otherExpenses": 317700000,
    "operatingExpenses": 317700000,
    "costAndExpenses": 1307400000,
    "interestIncome": 0,
    "interestExpense": 120000000,
    "depreciationAndAmortization": 266200000,
    "ebitda": 716000000,
    "ebitdaratio": 0.4271566639,
    "operatingIncome": 368800000,
    "operatingIncomeRatio": 0.2200214772,
    "totalOtherIncomeExpensesNet": -39000000,
    "incomeBeforeTax": 329800000,
    "incomeBeforeTaxRatio": 0.1967545639,
    "incomeTaxExpense": 54100000,
    "netIncome": 276000000,
    "netIncomeRatio": 0.1646581554,
    "eps": 0.88,
    "epsdiluted": 0.87,
    "weightedAverageShsOut": 315400000,
    "weightedAverageShsOutDil": 316300000,
    "link": "https://www.sec.gov/Archives/edgar/data/783325/000010781521000221/0000107815-21-000221-index.htm",
    "finalLink": "https://www.sec.gov/Archives/edgar/data/783325/000010781521000221/wec-20210630.htm"
  },
  {
    "date": "2021-03-31",
    "symbol": "WEC",
    "reportedCurrency": "USD",
    "cik": "0000783325",
    "fillingDate": "2021-05-06",
    "acceptedDate": "2021-05-05 17:44:45",
    "calendarYear": "2021",
    "period": "Q1",
    "revenue": 2691400000,
    "costOfRevenue": 1745500000,
    "grossProfit": 945900000,
    "grossProfitRatio": 0.3514527755,
    "researchAndDevelopmentExpenses": 0,
    "generalAndAdministrativeExpenses": 0,
    "sellingAndMarketingExpenses": 0,
    "sellingGeneralAndAdministrativeExpenses": 0,
    "otherExpenses": 316600000,
    "operatingExpenses": 316600000,
    "costAndExpenses": 2062100000,
    "interestIncome": 0,
    "interestExpense": 119500000,
    "depreciationAndAmortization": 261400000,
    "ebitda": 966100000,
    "ebitdaratio": 0.358958163,
    "operatingIncome": 629300000,
    "operatingIncomeRatio": 0.2338188303,
    "totalOtherIncomeExpensesNet": -44100000,
    "incomeBeforeTax": 585200000,
    "incomeBeforeTaxRatio": 0.2174333061,
    "incomeTaxExpense": 74900000,
    "netIncome": 510100000,
    "netIncomeRatio": 0.1895296128,
    "eps": 1.62,
    "epsdiluted": 1.61,
    "weightedAverageShsOut": 315400000,
    "weightedAverageShsOutDil": 316200000,
    "link": "https://www.sec.gov/Archives/edgar/data/783325/000010781521000145/0000107815-21-000145-index.htm",
    "finalLink": "https://www.sec.gov/Archives/edgar/data/783325/000010781521000145/wec-20210331.htm"
  },
  {
    "date": "2020-12-31",
    "symbol": "WEC",
    "reportedCurrency": "USD",
    "cik": "0000783325",
    "fillingDate": "2021-02-25",
    "acceptedDate": "2021-02-25 12:21:18",
    "calendarYear": "2020",
    "period": "Q4",
    "revenue": 1933400000,
    "costOfRevenue": 1262200000,
    "grossProfit": 671200000,
    "grossProfitRatio": 0.3471604427,
    "researchAndDevelopmentExpenses": 0,
    "generalAndAdministrativeExpenses": 0,
    "sellingAndMarketingExpenses": 0,
    "sellingGeneralAndAdministrativeExpenses": 0,
    "otherExpenses": 300700000,
    "operatingExpenses": 300700000,
    "costAndExpenses": 1562900000,
    "interestIncome": 0,
    "interestExpense": 117900000,
    "depreciationAndAmortization": 249300000,
    "ebitda": 644000000,
    "ebitdaratio": 0.3330919623,
    "operatingIncome": 370500000,
    "operatingIncomeRatio": 0.1916313231,
    "totalOtherIncomeExpensesNet": -93700000,
    "incomeBeforeTax": 276800000,
    "incomeBeforeTaxRatio": 0.143167477,
    "incomeTaxExpense": 37200000,
    "netIncome": 239000000,
    "netIncomeRatio": 0.123616427,
    "eps": 0.76,
    "epsdiluted": 0.76,
    "weightedAverageShsOut": 315400000,
    "weightedAverageShsOutDil": 316500000,
    "link": "https://www.sec.gov/Archives/edgar/data/783325/000010781521000079/0000107815-21-000079-index.htm",
    "finalLink": "https://www.sec.gov/Archives/edgar/data/783325/000010781521000079/wec-20201231.htm"
  },
  {
    "date": "2020-09-30",
    "symbol": "WEC",
    "reportedCurrency": "USD",
    "cik": "0000783325",
    "fillingDate": "2020-11-06",
    "acceptedDate": "2020-11-05 17:47:34",
    "calendarYear": "2020",
    "period": "Q3",
    "revenue": 1651000000,
    "costOfRevenue": 981500000,
    "grossProfit": 669500000,
    "grossProfitRatio": 0.405511811,
    "researchAndDevelopmentExpenses": 0,
    "generalAndAdministrativeExpenses": 0,
    "sellingAndMarketingExpenses": 0,
    "sellingGeneralAndAdministrativeExpenses": 0,
    "otherExpenses": 299300000,
    "operatingExpenses": 299300000,
    "costAndExpenses": 1280800000,
    "interestIncome": 0,
    "interestExpense": 122000000,
    "depreciationAndAmortization": 245000000,
    "ebitda": 681000000,
    "ebitdaratio": 0.4124772865,
    "operatingIncome": 370200000,
    "operatingIncomeRatio": 0.2242277408,
    "totalOtherIncomeExpensesNet": -56200000,
    "incomeBeforeTax": 314000000,
    "incomeBeforeTaxRatio": 0.190187765,
    "incomeTaxExpense": 46900000,
    "netIncome": 266800000,
    "netIncomeRatio": 0.1615990309,
    "eps": 0.85,
    "epsdiluted": 0.84,
    "weightedAverageShsOut": 315400000,
    "weightedAverageShsOutDil": 316500000,
    "link": "https://www.sec.gov/Archives/edgar/data/783325/000010781520000277/0000107815-20-000277-index.htm",
    "finalLink": "https://www.sec.gov/Archives/edgar/data/783325/000010781520000277/wec-20200930.htm"
  },
  {
    "date": "2020-06-30",
    "symbol": "WEC",
    "reportedCurrency": "USD",
    "cik": "0000783325",
    "fillingDate": "2020-08-06",
    "acceptedDate": "2020-08-05 17:46:59",
    "calendarYear": "2020",
    "period": "Q2",
    "revenue": 1548700000,
    "costOfRevenue": 917600000,
    "grossProfit": 631100000,
    "grossProfitRatio": 0.4075030671,
    "researchAndDevelopmentExpenses": 0,
    "generalAndAdministrativeExpenses": 0,
    "sellingAndMarketingExpenses": 0,
    "sellingGeneralAndAdministrativeExpenses": 0,
    "otherExpenses": 292300000,
    "operatingExpenses": 292300000,
    "costAndExpenses": 1209900000,
    "interestIncome": 0,
    "interestExpense": 124400000,
    "depreciationAndAmortization": 242500000,
    "ebitda": 662800000,
    "ebitdaratio": 0.4279718474,
    "operatingIncome": 338800000,
    "operatingIncomeRatio": 0.2187641247,
    "totalOtherIncomeExpensesNet": -42900000,
    "incomeBeforeTax": 295900000,
    "incomeBeforeTaxRatio": 0.1910634726,
    "incomeTaxExpense": 53800000,
    "netIncome": 241600000,
    "netIncomeRatio": 0.156001808,
    "eps": 0.77,
    "epsdiluted": 0.76,
    "weightedAverageShsOut": 315400000,
    "weightedAverageShsOutDil": 316500000,
    "link": "https://www.sec.gov/Archives/edgar/data/783325/000010781520000246/0000107815-20-000246-index.htm",
    "finalLink": "https://www.sec.gov/Archives/edgar/data/783325/000010781520000246/wec-20200630.htm"
  },
  {
    "date": "2020-03-31",
    "symbol": "WEC",
    "reportedCurrency": "USD",
    "cik": "0000783325",
    "fillingDate": "2020-05-07",
    "acceptedDate": "2020-05-06 17:59:11",
    "calendarYear": "2020",
    "period": "Q1",
    "revenue": 2108600000,
    "costOfRevenue": 1190400000,
    "grossProfit": 918200000,
    "grossProfitRatio": 0.4354548041,
    "researchAndDevelopmentExpenses": 0,
    "generalAndAdministrativeExpenses": 0,
    "sellingAndMarketingExpenses": 0,
    "sellingGeneralAndAdministrativeExpenses": 0,
    "otherExpenses": 291600000,
    "operatingExpenses": 291600000,
    "costAndExpenses": 1482000000,
    "interestIncome": 0,
    "interestExpense": 129400000,
    "depreciationAndAmortization": 239100000,
    "ebitda": 911100000,
    "ebitdaratio": 0.4320876411,
    "operatingIncome": 626600000,
    "operatingIncomeRatio": 0.2971639951,
    "totalOtherIncomeExpensesNet": -84000000,
    "incomeBeforeTax": 542600000,
    "incomeBeforeTaxRatio": 0.2573271365,
    "incomeTaxExpense": 90000000,
    "netIncome": 452500000,
    "netIncomeRatio": 0.2145973632,
    "eps": 1.43,
    "epsdiluted": 1.43,
    "weightedAverageShsOut": 315400000,
    "weightedAverageShsOutDil": 316700000,
    "link": "https://www.sec.gov/Archives/edgar/data/783325/000010781520000180/0000107815-20-000180-index.htm",
    "finalLink": "https://www.sec.gov/Archives/edgar/data/783325/000010781520000180/a2020q1wec10q.htm"
  },
  {
    "date": "2019-12-31",
    "symbol": "WEC",
    "reportedCurrency": "USD",
    "cik": "0000783325",
    "fillingDate": "2020-02-27",
    "acceptedDate": "2020-02-27 11:33:53",
    "calendarYear": "2019",
    "period": "Q4",
    "revenue": 1947500000,
    "costOfRevenue": 1294400000,
    "grossProfit": 653100000,
    "grossProfitRatio": 0.3353530167,
    "researchAndDevelopmentExpenses": 0,
    "generalAndAdministrativeExpenses": 0,
    "sellingAndMarketingExpenses": 0,
    "sellingGeneralAndAdministrativeExpenses": 0,
    "otherExpenses": 290000000,
    "operatingExpenses": 290000000,
    "costAndExpenses": 1584400000,
    "interestIncome": 0,
    "interestExpense": 127200000,
    "depreciationAndAmortization": 236200000,
    "ebitda": 641100000,
    "ebitdaratio": 0.3291912709,
    "operatingIncome": 363100000,
    "operatingIncomeRatio": 0.1864441592,
    "totalOtherIncomeExpensesNet": -85400000,
    "incomeBeforeTax": 277700000,
    "incomeBeforeTaxRatio": 0.142593068,
    "incomeTaxExpense": 33500000,
    "netIncome": 243900000,
    "netIncomeRatio": 0.125237484,
    "eps": 0.77,
    "epsdiluted": 0.77,
    "weightedAverageShsOut": 315400000,
    "weightedAverageShsOutDil": 316700000,
    "link": "https://www.sec.gov/Archives/edgar/data/783325/000010781520000089/0000107815-20-000089-index.htm",
    "finalLink": "https://www.sec.gov/Archives/edgar/data/783325/000010781520000089/a2019wec10k.htm"
  },
  {
    "date": "2019-09-30",
    "symbol": "WEC",
    "reportedCurrency": "USD",
    "cik": "0000783325",
    "fillingDate": "2019-11-07",
    "acceptedDate": "2019-11-06 17:46:18",
    "calendarYear": "2019",
    "period": "Q3",
    "revenue": 1608000000,
    "costOfRevenue": 1013500000,
    "grossProfit": 594500000,
    "grossProfitRatio": 0.3697139303,
    "researchAndDevelopmentExpenses": 0,
    "generalAndAdministrativeExpenses": 0,
    "sellingAndMarketingExpenses": 0,
    "sellingGeneralAndAdministrativeExpenses": 0,
    "otherExpenses": 283600000,
    "operatingExpenses": 283600000,
    "costAndExpenses": 1297100000,
    "interestIncome": 0,
    "interestExpense": 125800000,
    "depreciationAndAmortization": 233800000,
    "ebitda": 605200000,
    "ebitdaratio": 0.3763681592,
    "operatingIncome": 310900000,
    "operatingIncomeRatio": 0.1933457711,
    "totalOtherIncomeExpensesNet": -65300000,
    "incomeBeforeTax": 245600000,
    "incomeBeforeTaxRatio": 0.1527363184,
    "incomeTaxExpense": 11300000,
    "netIncome": 234300000,
    "netIncomeRatio": 0.1457089552,
    "eps": 0.74,
    "epsdiluted": 0.74,
    "weightedAverageShsOut": 315400000,
    "weightedAverageShsOutDil": 316800000,
    "link": "https://www.sec.gov/Archives/edgar/data/783325/000010781519000304/0000107815-19-000304-index.htm",
    "finalLink": "https://www.sec.gov/Archives/edgar/data/783325/000010781519000304/a2019q3wec10q.htm"
  },
  {
    "date": "2019-06-30",
    "symbol": "WEC",
    "reportedCurrency": "USD",
    "cik": "0000783325",
    "fillingDate": "2019-08-06",
    "acceptedDate": "2019-08-05 17:51:03",
    "calendarYear": "2019",
    "period": "Q2",
    "revenue": 1590200000,
    "costOfRevenue": 995500000,
    "grossProfit": 594700000,
    "grossProfitRatio": 0.373978116,
    "researchAndDevelopmentExpenses": 0,
    "generalAndAdministrativeExpenses": 0,
    "sellingAndMarketingExpenses": 0,
    "sellingGeneralAndAdministrativeExpenses": 0,
    "otherExpenses": 280100000,
    "operatingExpenses": 280100000,
    "costAndExpenses": 1275600000,
    "interestIncome": 0,
    "interestExpense": 124100000,
    "depreciationAndAmortization": 229900000,
    "ebitda": 605000000,
    "ebitdaratio": 0.3804552886,
    "operatingIncome": 314600000,
    "operatingIncomeRatio": 0.1978367501,
    "totalOtherIncomeExpensesNet": -63600000,
    "incomeBeforeTax": 251000000,
    "incomeBeforeTaxRatio": 0.1578417809,
    "incomeTaxExpense": 15200000,
    "netIncome": 235700000,
    "netIncomeRatio": 0.1482203496,
    "eps": 0.75,
    "epsdiluted": 0.74,
    "weightedAverageShsOut": 315400000,
    "weightedAverageShsOutDil": 316700000,
    "link": "https://www.sec.gov/Archives/edgar/data/783325/000010781519000240/0000107815-19-000240-index.htm",
    "finalLink": "https://www.sec.gov/Archives/edgar/data/783325/000010781519000240/a2019q2wec10q.htm"
  },
  {
    "date": "2019-03-31",
    "symbol": "WEC",
    "reportedCurrency": "USD",
    "cik": "0000783325",
    "fillingDate": "2019-05-03",
    "acceptedDate": "2019-05-03 12:38:09",
    "calendarYear": "2019",
    "period": "Q1",
    "revenue": 2377400000,
    "costOfRevenue": 1560200000,
    "grossProfit": 817200000,
    "grossProfitRatio": 0.3437368554,
    "researchAndDevelopmentExpenses": 0,
    "generalAndAdministrativeExpenses": 0,
    "sellingAndMarketingExpenses": 0,
    "sellingGeneralAndAdministrativeExpenses": 0,
    "otherExpenses": 274400000,
    "operatingExpenses": 274400000,
    "costAndExpenses": 1834600000,
    "interestIncome": 0,
    "interestExpense": 124400000,
    "depreciationAndAmortization": 226400000,
    "ebitda": 836200000,
    "ebitdaratio": 0.3517287793,
    "operatingIncome": 542800000,
    "operatingIncomeRatio": 0.2283166484,
    "totalOtherIncomeExpensesNet": -57400000,
    "incomeBeforeTax": 485400000,
    "incomeBeforeTaxRatio": 0.2041726256,
    "incomeTaxExpense": 65000000,
    "netIncome": 420100000,
    "netIncomeRatio": 0.1767056448,
    "eps": 1.33,
    "epsdiluted": 1.33,
    "weightedAverageShsOut": 315500000,
    "weightedAverageShsOutDil": 316700000,
    "link": "https://www.sec.gov/Archives/edgar/data/783325/000010781519000181/0000107815-19-000181-index.htm",
    "finalLink": "https://www.sec.gov/Archives/edgar/data/783325/000010781519000181/a2019q1wec10q.htm"
  },
  {
    "date": "2018-12-31",
    "symbol": "WEC",
    "reportedCurrency": "USD",
    "cik": "0000783325",
    "fillingDate": "2019-02-26",
    "acceptedDate": "2019-02-26 14:41:13",
    "calendarYear": "2018",
    "period": "Q4",
    "revenue": 2076800000,
    "costOfRevenue": 1521800000,
    "grossProfit": 555000000,
    "grossProfitRatio": 0.2672380586,
    "researchAndDevelopmentExpenses": 0,
    "generalAndAdministrativeExpenses": 0,
    "sellingAndMarketingExpenses": 0,
    "sellingGeneralAndAdministrativeExpenses": 0,
    "otherExpenses": 265200000,
    "operatingExpenses": 265200000,
    "costAndExpenses": 1787000000,
    "interestIncome": 0,
    "interestExpense": 117900000,
    "depreciationAndAmortization": 217700000,
    "ebitda": 554300000,
    "ebitdaratio": 0.2669010015,
    "operatingIncome": 289800000,
    "operatingIncomeRatio": 0.1395416025,
    "totalOtherIncomeExpensesNet": -71100000,
    "incomeBeforeTax": 218700000,
    "incomeBeforeTaxRatio": 0.1053062404,
    "incomeTaxExpense": 13400000,
    "netIncome": 205000000,
    "netIncomeRatio": 0.0987095532,
    "eps": 0.65,
    "epsdiluted": 0.65,
    "weightedAverageShsOut": 315500000,
    "weightedAverageShsOutDil": 316900000,
    "link": "https://www.sec.gov/Archives/edgar/data/783325/000010781519000128/0000107815-19-000128-index.htm",
    "finalLink": "https://www.sec.gov/Archives/edgar/data/783325/000010781519000128/a2018wec10k.htm"
  },
  {
    "date": "2018-09-30",
    "symbol": "WEC",
    "reportedCurrency": "USD",
    "cik": "0000783325",
    "fillingDate": "2018-11-02",
    "acceptedDate": "2018-11-02 12:03:13",
    "calendarYear": "2018",
    "period": "Q3",
    "revenue": 1643700000,
    "costOfRevenue": 1077200000,
    "grossProfit": 566500000,
    "grossProfitRatio": 0.3446492669,
    "researchAndDevelopmentExpenses": 0,
    "generalAndAdministrativeExpenses": 0,
    "sellingAndMarketingExpenses": 0,
    "sellingGeneralAndAdministrativeExpenses": 0,
    "otherExpenses": 263800000,
    "operatingExpenses": 263800000,
    "costAndExpenses": 1341000000,
    "interestIncome": 0,
    "interestExpense": 112000000,
    "depreciationAndAmortization": 212800000,
    "ebitda": 575300000,
    "ebitdaratio": 0.3500030419,
    "operatingIncome": 302700000,
    "operatingIncomeRatio": 0.184157693,
    "totalOtherIncomeExpensesNet": -52200000,
    "incomeBeforeTax": 250500000,
    "incomeBeforeTaxRatio": 0.152400073,
    "incomeTaxExpense": 17000000,
    "netIncome": 233200000,
    "netIncomeRatio": 0.141875038,
    "eps": 0.74,
    "epsdiluted": 0.74,
    "weightedAverageShsOut": 315500000,
    "weightedAverageShsOutDil": 316900000,
    "link": "https://www.sec.gov/Archives/edgar/data/783325/000010781518000280/0000107815-18-000280-index.htm",
    "finalLink": "https://www.sec.gov/Archives/edgar/data/783325/000010781518000280/a2018q3wec10q.htm"
  },
  {
    "date": "2018-06-30",
    "symbol": "WEC",
    "reportedCurrency": "USD",
    "cik": "0000783325",
    "fillingDate": "2018-08-03",
    "acceptedDate": "2018-08-03 12:14:07",
    "calendarYear": "2018",
    "period": "Q2",
    "revenue": 1672500000,
    "costOfRevenue": 1085400000,
    "grossProfit": 587100000,
    "grossProfitRatio": 0.3510313901,
    "researchAndDevelopmentExpenses": 0,
    "generalAndAdministrativeExpenses": 0,
    "sellingAndMarketingExpenses": 0,
    "sellingGeneralAndAdministrativeExpenses": 0,
    "otherExpenses": 256300000,
    "operatingExpenses": 256300000,
    "costAndExpenses": 1341700000,
    "interestIncome": 0,
    "interestExpense": 108500000,
    "depreciationAndAmortization": 206700000,
    "ebitda": 597600000,
    "ebitdaratio": 0.357309417,
    "operatingIncome": 330800000,
    "operatingIncomeRatio": 0.1977877429,
    "totalOtherIncomeExpensesNet": -48400000,
    "incomeBeforeTax": 282400000,
    "incomeBeforeTaxRatio": 0.1688490284,
    "incomeTaxExpense": 51100000,
    "netIncome": 231000000,
    "netIncomeRatio": 0.1381165919,
    "eps": 0.73,
    "epsdiluted": 0.73,
    "weightedAverageShsOut": 315500000,
    "weightedAverageShsOutDil": 316900000,
    "link": "https://www.sec.gov/Archives/edgar/data/783325/000010781518000243/0000107815-18-000243-index.htm",
    "finalLink": "https://www.sec.gov/Archives/edgar/data/783325/000010781518000243/a2018q2wec10q.htm"
  },
  {
    "date": "2018-03-31",
    "symbol": "WEC",
    "reportedCurrency": "USD",
    "cik": "0000783325",
    "fillingDate": "2018-05-04",
    "acceptedDate": "2018-05-04 11:57:26",
    "calendarYear": "2018",
    "period": "Q1",
    "revenue": 2286500000,
    "costOfRevenue": 1484000000,
    "grossProfit": 802500000,
    "grossProfitRatio": 0.350973103,
    "researchAndDevelopmentExpenses": 0,
    "generalAndAdministrativeExpenses": 0,
    "sellingAndMarketingExpenses": 0,
    "sellingGeneralAndAdministrativeExpenses": 0,
    "otherExpenses": 257400000,
    "operatingExpenses": 257400000,
    "costAndExpenses": 1741400000,
    "interestIncome": 0,
    "interestExpense": 106700000,
    "depreciationAndAmortization": 208600000,
    "ebitda": 794000000,
    "ebitdaratio": 0.3472556309,
    "operatingIncome": 545100000,
    "operatingIncomeRatio": 0.2383993002,
    "totalOtherIncomeExpensesNet": -66400000,
    "incomeBeforeTax": 478700000,
    "incomeBeforeTaxRatio": 0.2093592827,
    "incomeTaxExpense": 88300000,
    "netIncome": 390100000,
    "netIncomeRatio": 0.1706101028,
    "eps": 1.24,
    "epsdiluted": 1.23,
    "weightedAverageShsOut": 315500000,
    "weightedAverageShsOutDil": 316900000,
    "link": "https://www.sec.gov/Archives/edgar/data/783325/000010781518000185/0000107815-18-000185-index.htm",
    "finalLink": "https://www.sec.gov/Archives/edgar/data/783325/000010781518000185/a2018q1wec10q.htm"
  },
  {
    "date": "2017-12-31",
    "symbol": "WEC",
    "reportedCurrency": "USD",
    "cik": "0000783325",
    "fillingDate": "2018-02-28",
    "acceptedDate": "2018-02-28 12:23:35",
    "calendarYear": "2017",
    "period": "Q4",
    "revenue": 2055000000,
    "costOfRevenue": 1390800000,
    "grossProfit": 664200000,
    "grossProfitRatio": 0.3232116788,
    "researchAndDevelopmentExpenses": 0,
    "generalAndAdministrativeExpenses": 0,
    "sellingAndMarketingExpenses": 0,
    "sellingGeneralAndAdministrativeExpenses": 0,
    "otherExpenses": 252100000,
    "operatingExpenses": 252100000,
    "costAndExpenses": 1642900000,
    "interestIncome": 0,
    "interestExpense": 105300000,
    "depreciationAndAmortization": 205100000,
    "ebitda": 668000000,
    "ebitdaratio": 0.3250608273,
    "operatingIncome": 412100000,
    "operatingIncomeRatio": 0.2005352798,
    "totalOtherIncomeExpensesNet": -54500000,
    "incomeBeforeTax": 357600000,
    "incomeBeforeTaxRatio": 0.1740145985,
    "incomeTaxExpense": -75300000,
    "netIncome": 432600000,
    "netIncomeRatio": 0.2105109489,
    "eps": 1.37,
    "epsdiluted": 1.36,
    "weightedAverageShsOut": 315600000,
    "weightedAverageShsOutDil": 317200000,
    "link": "https://www.sec.gov/Archives/edgar/data/783325/000010781518000134/0000107815-18-000134-index.htm",
    "finalLink": "https://www.sec.gov/Archives/edgar/data/783325/000010781518000134/a2017wec10k.htm"
  },
  {
    "date": "2017-09-30",
    "symbol": "WEC",
    "reportedCurrency": "USD",
    "cik": "0000783325",
    "fillingDate": "2017-11-03",
    "acceptedDate": "2017-11-03 11:03:10",
    "calendarYear": "2017",
    "period": "Q3",
    "revenue": 1657500000,
    "costOfRevenue": 1015800000,
    "grossProfit": 641700000,
    "grossProfitRatio": 0.3871493213,
    "researchAndDevelopmentExpenses": 0,
    "generalAndAdministrativeExpenses": 0,
    "sellingAndMarketingExpenses": 0,
    "sellingGeneralAndAdministrativeExpenses": 0,
    "otherExpenses": 249500000,
    "operatingExpenses": 249500000,
    "costAndExpenses": 1263900000,
    "interestIncome": 0,
    "interestExpense": 103800000,
    "depreciationAndAmortization": 201200000,
    "ebitda": 650400000,
    "ebitdaratio": 0.39239819,
    "operatingIncome": 393600000,
    "operatingIncomeRatio": 0.2374660633,
    "totalOtherIncomeExpensesNet": -46800000,
    "incomeBeforeTax": 345400000,
    "incomeBeforeTaxRatio": 0.2083861237,
    "incomeTaxExpense": 129700000,
    "netIncome": 215400000,
    "netIncomeRatio": 0.1299547511,
    "eps": 0.68,
    "epsdiluted": 0.68,
    "weightedAverageShsOut": 315600000,
    "weightedAverageShsOutDil": 317500000,
    "link": "https://www.sec.gov/Archives/edgar/data/783325/000010781517000262/0000107815-17-000262-index.htm",
    "finalLink": "https://www.sec.gov/Archives/edgar/data/783325/000010781517000262/a2017q3wec10q.htm"
  },
  {
    "date": "2017-06-30",
    "symbol": "WEC",
    "reportedCurrency": "USD",
    "cik": "0000783325",
    "fillingDate": "2017-08-04",
    "acceptedDate": "2017-08-04 10:10:36",
    "calendarYear": "2017",
    "period": "Q2",
    "revenue": 1631500000,
    "costOfRevenue": 1021600000,
    "grossProfit": 609900000,
    "grossProfitRatio": 0.3738277659,
    "researchAndDevelopmentExpenses": 0,
    "generalAndAdministrativeExpenses": 0,
    "sellingAndMarketingExpenses": 0,
    "sellingGeneralAndAdministrativeExpenses": 0,
    "otherExpenses": 247700000,
    "operatingExpenses": 247700000,
    "costAndExpenses": 1269300000,
    "interestIncome": 0,
    "interestExpense": 101900000,
    "depreciationAndAmortization": 197700000,
    "ebitda": 614800000,
    "ebitdaratio": 0.376831137,
    "operatingIncome": 362200000,
    "operatingIncomeRatio": 0.2220042905,
    "totalOtherIncomeExpensesNet": -47000000,
    "incomeBeforeTax": 315200000,
    "incomeBeforeTaxRatio": 0.193196445,
    "incomeTaxExpense": 115800000,
    "netIncome": 199100000,
    "netIncomeRatio": 0.1220349372,
    "eps": 0.63,
    "epsdiluted": 0.63,
    "weightedAverageShsOut": 315600000,
    "weightedAverageShsOutDil": 317400000,
    "link": "https://www.sec.gov/Archives/edgar/data/783325/000010781517000210/0000107815-17-000210-index.htm",
    "finalLink": "https://www.sec.gov/Archives/edgar/data/783325/000010781517000210/a2017q2wec10q.htm"
  },
  {
    "date": "2017-03-31",
    "symbol": "WEC",
    "reportedCurrency": "USD",
    "cik": "0000783325",
    "fillingDate": "2017-05-05",
    "acceptedDate": "2017-05-05 10:07:14",
    "calendarYear": "2017",
    "period": "Q1",
    "revenue": 2304500000,
    "costOfRevenue": 1445600000,
    "grossProfit": 858900000,
    "grossProfitRatio": 0.372705576,
    "researchAndDevelopmentExpenses": 0,
    "generalAndAdministrativeExpenses": 0,
    "sellingAndMarketingExpenses": 0,
    "sellingGeneralAndAdministrativeExpenses": 0,
    "otherExpenses": 244200000,
    "operatingExpenses": 244200000,
    "costAndExpenses": 1687200000,
    "interestIncome": 0,
    "interestExpense": 104700000,
    "depreciationAndAmortization": 194600000,
    "ebitda": 869500000,
    "ebitdaratio": 0.3773052723,
    "operatingIncome": 617300000,
    "operatingIncomeRatio": 0.2678672163,
    "totalOtherIncomeExpensesNet": -44500000,
    "incomeBeforeTax": 570200000,
    "incomeBeforeTaxRatio": 0.2474289434,
    "incomeTaxExpense": 213300000,
    "netIncome": 356600000,
    "netIncomeRatio": 0.1547407247,
    "eps": 1.13,
    "epsdiluted": 1.12,
    "weightedAverageShsOut": 315600000,
    "weightedAverageShsOutDil": 317200000,
    "link": "https://www.sec.gov/Archives/edgar/data/783325/000010781517000154/0000107815-17-000154-index.htm",
    "finalLink": "https://www.sec.gov/Archives/edgar/data/783325/000010781517000154/a2017q1wec10q.htm"
  },
  {
    "date": "2016-12-31",
    "symbol": "WEC",
    "reportedCurrency": "USD",
    "cik": "0000783325",
    "fillingDate": "2017-02-28",
    "acceptedDate": "2017-02-28 13:22:19",
    "calendarYear": "2016",
    "period": "Q4",
    "revenue": 1963000000,
    "costOfRevenue": 1360000000,
    "grossProfit": 603000000,
    "grossProfitRatio": 0.3071828833,
    "researchAndDevelopmentExpenses": 0,
    "generalAndAdministrativeExpenses": 0,
    "sellingAndMarketingExpenses": 0,
    "sellingGeneralAndAdministrativeExpenses": 0,
    "otherExpenses": 241300000,
    "operatingExpenses": 241300000,
    "costAndExpenses": 1601300000,
    "interestIncome": 0,
    "interestExpense": 102600000,
    "depreciationAndAmortization": 181100000,
    "ebitda": 601800000,
    "ebitdaratio": 0.3065715741,
    "operatingIncome": 361700000,
    "operatingIncomeRatio": 0.1842587876,
    "totalOtherIncomeExpensesNet": -55600000,
    "incomeBeforeTax": 306100000,
    "incomeBeforeTaxRatio": 0.1559347937,
    "incomeTaxExpense": 111400000,
    "netIncome": 194400000,
    "netIncomeRatio": 0.0990320937,
    "eps": 0.62,
    "epsdiluted": 0.61,
    "weightedAverageShsOut": 315600000,
    "weightedAverageShsOutDil": 316700000,
    "link": "https://www.sec.gov/Archives/edgar/data/783325/000010781517000104/0000107815-17-000104-index.htm",
    "finalLink": "https://www.sec.gov/Archives/edgar/data/783325/000010781517000104/wec1231201610-k.htm"
  },
  {
    "date": "2016-09-30",
    "symbol": "WEC",
    "reportedCurrency": "USD",
    "cik": "0000783325",
    "fillingDate": "2016-11-04",
    "acceptedDate": "2016-11-04 11:11:05",
    "calendarYear": "2016",
    "period": "Q3",
    "revenue": 1712500000,
    "costOfRevenue": 1072200000,
    "grossProfit": 640300000,
    "grossProfitRatio": 0.3738978102,
    "researchAndDevelopmentExpenses": 0,
    "generalAndAdministrativeExpenses": 0,
    "sellingAndMarketingExpenses": 0,
    "sellingGeneralAndAdministrativeExpenses": 0,
    "otherExpenses": 241300000,
    "operatingExpenses": 241300000,
    "costAndExpenses": 1313500000,
    "interestIncome": 0,
    "interestExpense": 99100000,
    "depreciationAndAmortization": 195500000,
    "ebitda": 640300000,
    "ebitdaratio": 0.3738978102,
    "operatingIncome": 399000000,
    "operatingIncomeRatio": 0.2329927007,
    "totalOtherIncomeExpensesNet": -53300000,
    "incomeBeforeTax": 345700000,
    "incomeBeforeTaxRatio": 0.2018686131,
    "incomeTaxExpense": 128400000,
    "netIncome": 217000000,
    "netIncomeRatio": 0.1267153285,
    "eps": 0.69,
    "epsdiluted": 0.68,
    "weightedAverageShsOut": 315600000,
    "weightedAverageShsOutDil": 316900000,
    "link": "https://www.sec.gov/Archives/edgar/data/783325/000010781516000459/0000107815-16-000459-index.htm",
    "finalLink": "https://www.sec.gov/Archives/edgar/data/783325/000010781516000459/wecenergygroup0930201610q.htm"
  },
  {
    "date": "2016-06-30",
    "symbol": "WEC",
    "reportedCurrency": "USD",
    "cik": "0000783325",
    "fillingDate": "2016-08-05",
    "acceptedDate": "2016-08-05 10:24:39",
    "calendarYear": "2016",
    "period": "Q2",
    "revenue": 1602000000,
    "costOfRevenue": 1030300000,
    "grossProfit": 571700000,
    "grossProfitRatio": 0.356866417,
    "researchAndDevelopmentExpenses": 0,
    "generalAndAdministrativeExpenses": 0,
    "sellingAndMarketingExpenses": 0,
    "sellingGeneralAndAdministrativeExpenses": 0,
    "otherExpenses": 239600000,
    "operatingExpenses": 239600000,
    "costAndExpenses": 1269900000,
    "interestIncome": 0,
    "interestExpense": 100100000,
    "depreciationAndAmortization": 194100000,
    "ebitda": 589500000,
    "ebitdaratio": 0.3679775281,
    "operatingIncome": 332100000,
    "operatingIncomeRatio": 0.2073033708,
    "totalOtherIncomeExpensesNet": -36800000,
    "incomeBeforeTax": 295300000,
    "incomeBeforeTaxRatio": 0.1843320849,
    "incomeTaxExpense": 113600000,
    "netIncome": 181400000,
    "netIncomeRatio": 0.1132334582,
    "eps": 0.57,
    "epsdiluted": 0.57,
    "weightedAverageShsOut": 315600000,
    "weightedAverageShsOutDil": 317000000,
    "link": "https://www.sec.gov/Archives/edgar/data/783325/000010781516000386/0000107815-16-000386-index.htm",
    "finalLink": "https://www.sec.gov/Archives/edgar/data/783325/000010781516000386/wecenergygroup0630201610q.htm"
  },
  {
    "date": "2016-03-31",
    "symbol": "WEC",
    "reportedCurrency": "USD",
    "cik": "0000783325",
    "fillingDate": "2016-05-06",
    "acceptedDate": "2016-05-06 09:47:21",
    "calendarYear": "2016",
    "period": "Q1",
    "revenue": 2194800000,
    "costOfRevenue": 1370400000,
    "grossProfit": 824400000,
    "grossProfitRatio": 0.3756150902,
    "researchAndDevelopmentExpenses": 0,
    "generalAndAdministrativeExpenses": 0,
    "sellingAndMarketingExpenses": 0,
    "sellingGeneralAndAdministrativeExpenses": 0,
    "otherExpenses": 235100000,
    "operatingExpenses": 235100000,
    "costAndExpenses": 1605500000,
    "interestIncome": 0,
    "interestExpense": 100900000,
    "depreciationAndAmortization": 191900000,
    "ebitda": 852400000,
    "ebitdaratio": 0.3883725169,
    "operatingIncome": 589300000,
    "operatingIncomeRatio": 0.2684982686,
    "totalOtherIncomeExpensesNet": -29700000,
    "incomeBeforeTax": 559600000,
    "incomeBeforeTaxRatio": 0.2549662839,
    "incomeTaxExpense": 213100000,
    "netIncome": 346200000,
    "netIncomeRatio": 0.157736468,
    "eps": 1.1,
    "epsdiluted": 1.09,
    "weightedAverageShsOut": 315700000,
    "weightedAverageShsOutDil": 317100000,
    "link": "https://www.sec.gov/Archives/edgar/data/783325/000010781516000306/0000107815-16-000306-index.htm",
    "finalLink": "https://www.sec.gov/Archives/edgar/data/783325/000010781516000306/wecenergygroup0331201610q.htm"
  },
  {
    "date": "2015-12-31",
    "symbol": "WEC",
    "reportedCurrency": "USD",
    "cik": "0000783325",
    "fillingDate": "2016-02-26",
    "acceptedDate": "2016-02-26 15:14:39",
    "calendarYear": "2015",
    "period": "Q4",
    "revenue": 1848300000,
    "costOfRevenue": 1238300000,
    "grossProfit": 610000000,
    "grossProfitRatio": 0.3300330033,
    "researchAndDevelopmentExpenses": 0,
    "generalAndAdministrativeExpenses": 0,
    "sellingAndMarketingExpenses": 0,
    "sellingGeneralAndAdministrativeExpenses": 0,
    "otherExpenses": 229800000,
    "operatingExpenses": 229800000,
    "costAndExpenses": 1468100000,
    "interestIncome": 0,
    "interestExpense": 105800000,
    "depreciationAndAmortization": 192600000,
    "ebitda": 617200000,
    "ebitdaratio": 0.3339284748,
    "operatingIncome": 380200000,
    "operatingIncomeRatio": 0.2057025375,
    "totalOtherIncomeExpensesNet": -61400000,
    "incomeBeforeTax": 317600000,
    "incomeBeforeTaxRatio": 0.1718335768,
    "incomeTaxExpense": 137700000,
    "netIncome": 181100000,
    "netIncomeRatio": 0.0979819293,
    "eps": 0.57,
    "epsdiluted": 0.57,
    "weightedAverageShsOut": 315700000,
    "weightedAverageShsOutDil": 317100000,
    "link": "https://www.sec.gov/Archives/edgar/data/783325/000010781516000248/0000107815-16-000248-index.htm",
    "finalLink": "https://www.sec.gov/Archives/edgar/data/783325/000010781516000248/wec1231201510-k.htm"
  },
  {
    "date": "2015-09-30",
    "symbol": "WEC",
    "reportedCurrency": "USD",
    "cik": "0000783325",
    "fillingDate": "2015-11-06",
    "acceptedDate": "2015-11-06 14:33:24",
    "calendarYear": "2015",
    "period": "Q3",
    "revenue": 1698700000,
    "costOfRevenue": 1126500000,
    "grossProfit": 572200000,
    "grossProfitRatio": 0.3368458233,
    "researchAndDevelopmentExpenses": 0,
    "generalAndAdministrativeExpenses": 0,
    "sellingAndMarketingExpenses": 0,
    "sellingGeneralAndAdministrativeExpenses": 0,
    "otherExpenses": 226500000,
    "operatingExpenses": 226500000,
    "costAndExpenses": 1353000000,
    "interestIncome": 0,
    "interestExpense": 103200000,
    "depreciationAndAmortization": 174100000,
    "ebitda": 573300000,
    "ebitdaratio": 0.3374933773,
    "operatingIncome": 345700000,
    "operatingIncomeRatio": 0.2035085654,
    "totalOtherIncomeExpensesNet": -52700000,
    "incomeBeforeTax": 293000000,
    "incomeBeforeTaxRatio": 0.1724848413,
    "incomeTaxExpense": 110500000,
    "netIncome": 182500000,
    "netIncomeRatio": 0.1074350974,
    "eps": 0.58,
    "epsdiluted": 0.58,
    "weightedAverageShsOut": 315700000,
    "weightedAverageShsOutDil": 317100000,
    "link": "https://www.sec.gov/Archives/edgar/data/783325/000010781515000130/0000107815-15-000130-index.htm",
    "finalLink": "https://www.sec.gov/Archives/edgar/data/783325/000010781515000130/wecenergygroup0930201510q.htm"
  },
  {
    "date": "2015-06-30",
    "symbol": "WEC",
    "reportedCurrency": "USD",
    "cik": "0000783325",
    "fillingDate": "2015-08-05",
    "acceptedDate": "2015-08-05 14:57:48",
    "calendarYear": "2015",
    "period": "Q2",
    "revenue": 991200000,
    "costOfRevenue": 690000000,
    "grossProfit": 301200000,
    "grossProfitRatio": 0.303874092,
    "researchAndDevelopmentExpenses": 0,
    "generalAndAdministrativeExpenses": 0,
    "sellingAndMarketingExpenses": 0,
    "sellingGeneralAndAdministrativeExpenses": 0,
    "otherExpenses": 135400000,
    "operatingExpenses": 135400000,
    "costAndExpenses": 825400000,
    "interestIncome": 0,
    "interestExpense": 61800000,
    "depreciationAndAmortization": 108600000,
    "ebitda": 314000000,
    "ebitdaratio": 0.316787732,
    "operatingIncome": 165800000,
    "operatingIncomeRatio": 0.1672719935,
    "totalOtherIncomeExpensesNet": -21400000,
    "incomeBeforeTax": 144100000,
    "incomeBeforeTaxRatio": 0.1453793382,
    "incomeTaxExpense": 63200000,
    "netIncome": 80900000,
    "netIncomeRatio": 0.0816182405,
    "eps": 0.36,
    "epsdiluted": 0.35,
    "weightedAverageShsOut": 227500000,
    "weightedAverageShsOutDil": 229100000,
    "link": "https://www.sec.gov/Archives/edgar/data/783325/000010781515000104/0000107815-15-000104-index.htm",
    "finalLink": "https://www.sec.gov/Archives/edgar/data/783325/000010781515000104/wecenergy0630201510q.htm"
  },
  {
    "date": "2015-03-31",
    "symbol": "WEC",
    "reportedCurrency": "USD",
    "cik": "0000783325",
    "fillingDate": "2015-05-07",
    "acceptedDate": "2015-05-07 12:45:57",
    "calendarYear": "2015",
    "period": "Q1",
    "revenue": 1387900000,
    "costOfRevenue": 894600000,
    "grossProfit": 493300000,
    "grossProfitRatio": 0.3554290655,
    "researchAndDevelopmentExpenses": 0,
    "generalAndAdministrativeExpenses": 0,
    "sellingAndMarketingExpenses": 0,
    "sellingGeneralAndAdministrativeExpenses": 0,
    "otherExpenses": 134500000,
    "operatingExpenses": 134500000,
    "costAndExpenses": 1029100000,
    "interestIncome": 0,
    "interestExpense": 59400000,
    "depreciationAndAmortization": 108200000,
    "ebitda": 485200000,
    "ebitdaratio": 0.3495929102,
    "operatingIncome": 358800000,
    "operatingIncomeRatio": 0.2585200663,
    "totalOtherIncomeExpensesNet": -40600000,
    "incomeBeforeTax": 318200000,
    "incomeBeforeTaxRatio": 0.2292672383,
    "incomeTaxExpense": 122400000,
    "netIncome": 195800000,
    "netIncomeRatio": 0.1410764464,
    "eps": 0.87,
    "epsdiluted": 0.86,
    "weightedAverageShsOut": 225500000,
    "weightedAverageShsOutDil": 227300000,
    "link": "https://www.sec.gov/Archives/edgar/data/783325/000010781515000058/0000107815-15-000058-index.htm",
    "finalLink": "https://www.sec.gov/Archives/edgar/data/783325/000010781515000058/wec0331201510q.htm"
  },
  {
    "date": "2014-12-31",
    "symbol": "WEC",
    "reportedCurrency": "USD",
    "cik": "0000783325",
    "fillingDate": "2015-02-27",
    "acceptedDate": "2015-02-27 09:45:12",
    "calendarYear": "2014",
    "period": "Q4",
    "revenue": 1225100000,
    "costOfRevenue": 855100000,
    "grossProfit": 370000000,
    "grossProfitRatio": 0.3020161619,
    "researchAndDevelopmentExpenses": 0,
    "generalAndAdministrativeExpenses": 0,
    "sellingAndMarketingExpenses": 0,
    "sellingGeneralAndAdministrativeExpenses": 0,
    "otherExpenses": 126500000,
    "operatingExpenses": 126500000,
    "costAndExpenses": 981600000,
    "interestIncome": 0,
    "interestExpense": 59800000,
    "depreciationAndAmortization": 106500000,
    "ebitda": 364500000,
    "ebitdaratio": 0.2975267325,
    "operatingIncome": 243500000,
    "operatingIncomeRatio": 0.198759285,
    "totalOtherIncomeExpensesNet": -45300000,
    "incomeBeforeTax": 198200000,
    "incomeBeforeTaxRatio": 0.1617827116,
    "incomeTaxExpense": 76800000,
    "netIncome": 121400000,
    "netIncomeRatio": 0.0990939515,
    "eps": 0.54,
    "epsdiluted": 0.53,
    "weightedAverageShsOut": 225500000,
    "weightedAverageShsOutDil": 227400000,
    "link": "https://www.sec.gov/Archives/edgar/data/783325/000010781515000040/0000107815-15-000040-index.htm",
    "finalLink": "https://www.sec.gov/Archives/edgar/data/783325/000010781515000040/wec1231201410-k.htm"
  },
  {
    "date": "2014-09-30",
    "symbol": "WEC",
    "reportedCurrency": "USD",
    "cik": "0000783325",
    "fillingDate": "2014-10-31",
    "acceptedDate": "2014-10-31 10:33:36",
    "calendarYear": "2014",
    "period": "Q3",
    "revenue": 1033300000,
    "costOfRevenue": 656800000,
    "grossProfit": 376500000,
    "grossProfitRatio": 0.3643665925,
    "researchAndDevelopmentExpenses": 0,
    "generalAndAdministrativeExpenses": 0,
    "sellingAndMarketingExpenses": 0,
    "sellingGeneralAndAdministrativeExpenses": 0,
    "otherExpenses": 130400000,
    "operatingExpenses": 130400000,
    "costAndExpenses": 787200000,
    "interestIncome": 0,
    "interestExpense": 60400000,
    "depreciationAndAmortization": 106400000,
    "ebitda": 373400000,
    "ebitdaratio": 0.3613664957,
    "operatingIncome": 246100000,
    "operatingIncomeRatio": 0.2381689732,
    "totalOtherIncomeExpensesNet": -39500000,
    "incomeBeforeTax": 206600000,
    "incomeBeforeTaxRatio": 0.1999419336,
    "incomeTaxExpense": 80300000,
    "netIncome": 126300000,
    "netIncomeRatio": 0.1222297493,
    "eps": 0.56,
    "epsdiluted": 0.56,
    "weightedAverageShsOut": 225500000,
    "weightedAverageShsOutDil": 227400000,
    "link": "https://www.sec.gov/Archives/edgar/data/783325/000010781514000103/0000107815-14-000103-index.htm",
    "finalLink": "https://www.sec.gov/Archives/edgar/data/783325/000010781514000103/wec0930201410q.htm"
  },
  {
    "date": "2014-06-30",
    "symbol": "WEC",
    "reportedCurrency": "USD",
    "cik": "0000783325",
    "fillingDate": "2014-08-01",
    "acceptedDate": "2014-08-01 11:34:52",
    "calendarYear": "2014",
    "period": "Q2",
    "revenue": 1043700000,
    "costOfRevenue": 674400000,
    "grossProfit": 369300000,
    "grossProfitRatio": 0.3538373096,
    "researchAndDevelopmentExpenses": 0,
    "generalAndAdministrativeExpenses": 0,
    "sellingAndMarketingExpenses": 0,
    "sellingGeneralAndAdministrativeExpenses": 0,
    "otherExpenses": 128600000,
    "operatingExpenses": 128600000,
    "costAndExpenses": 803000000,
    "interestIncome": 0,
    "interestExpense": 59000000,
    "depreciationAndAmortization": 102800000,
    "ebitda": 369100000,
    "ebitdaratio": 0.3536456836,
    "operatingIncome": 240700000,
    "operatingIncomeRatio": 0.2306218262,
    "totalOtherIncomeExpensesNet": -33400000,
    "incomeBeforeTax": 207300000,
    "incomeBeforeTaxRatio": 0.1986202932,
    "incomeTaxExpense": 74300000,
    "netIncome": 133000000,
    "netIncomeRatio": 0.1274312542,
    "eps": 0.59,
    "epsdiluted": 0.58,
    "weightedAverageShsOut": 225500000,
    "weightedAverageShsOutDil": 227600000,
    "link": "https://www.sec.gov/Archives/edgar/data/783325/000010781514000080/0000107815-14-000080-index.htm",
    "finalLink": "https://www.sec.gov/Archives/edgar/data/783325/000010781514000080/wec0630201410q.htm"
  },
  {
    "date": "2014-03-31",
    "symbol": "WEC",
    "reportedCurrency": "USD",
    "cik": "0000783325",
    "fillingDate": "2014-05-02",
    "acceptedDate": "2014-05-02 12:53:14",
    "calendarYear": "2014",
    "period": "Q1",
    "revenue": 1695000000,
    "costOfRevenue": 1185500000,
    "grossProfit": 509500000,
    "grossProfitRatio": 0.3005899705,
    "researchAndDevelopmentExpenses": 0,
    "generalAndAdministrativeExpenses": 0,
    "sellingAndMarketingExpenses": 0,
    "sellingGeneralAndAdministrativeExpenses": 0,
    "otherExpenses": 127700000,
    "operatingExpenses": 127700000,
    "costAndExpenses": 1313200000,
    "interestIncome": 0,
    "interestExpense": 62300000,
    "depreciationAndAmortization": 103700000,
    "ebitda": 503900000,
    "ebitdaratio": 0.2972861357,
    "operatingIncome": 381800000,
    "operatingIncomeRatio": 0.2252507375,
    "totalOtherIncomeExpensesNet": -43900000,
    "incomeBeforeTax": 337900000,
    "incomeBeforeTaxRatio": 0.1993510324,
    "incomeTaxExpense": 130300000,
    "netIncome": 207600000,
    "netIncomeRatio": 0.1224778761,
    "eps": 0.92,
    "epsdiluted": 0.91,
    "weightedAverageShsOut": 225800000,
    "weightedAverageShsOutDil": 227700000,
    "link": "https://www.sec.gov/Archives/edgar/data/783325/000010781514000057/0000107815-14-000057-index.htm",
    "finalLink": "https://www.sec.gov/Archives/edgar/data/783325/000010781514000057/wec0331201410q.htm"
  },
  {
    "date": "2013-12-31",
    "symbol": "WEC",
    "reportedCurrency": "USD",
    "cik": "0000783325",
    "fillingDate": "2014-02-27",
    "acceptedDate": "2014-02-27 12:33:38",
    "calendarYear": "2013",
    "period": "Q4",
    "revenue": 1178300000,
    "costOfRevenue": 827400000,
    "grossProfit": 350900000,
    "grossProfitRatio": 0.297801918,
    "researchAndDevelopmentExpenses": 0,
    "generalAndAdministrativeExpenses": 0,
    "sellingAndMarketingExpenses": 0,
    "sellingGeneralAndAdministrativeExpenses": 0,
    "otherExpenses": 79300000,
    "operatingExpenses": 79300000,
    "costAndExpenses": 906700000,
    "interestIncome": 0,
    "interestExpense": 61800000,
    "depreciationAndAmortization": 102600000,
    "ebitda": 395200000,
    "ebitdaratio": 0.3353984554,
    "operatingIncome": 271600000,
    "operatingIncomeRatio": 0.2305015701,
    "totalOtherIncomeExpensesNet": -40800000,
    "incomeBeforeTax": 230800000,
    "incomeBeforeTaxRatio": 0.1958754137,
    "incomeTaxExpense": 86500000,
    "netIncome": 144300000,
    "netIncomeRatio": 0.1224645676,
    "eps": 0.64,
    "epsdiluted": 0.63,
    "weightedAverageShsOut": 226200000,
    "weightedAverageShsOutDil": 228200000,
    "link": "https://www.sec.gov/Archives/edgar/data/783325/000010781514000041/0000107815-14-000041-index.htm",
    "finalLink": "https://www.sec.gov/Archives/edgar/data/783325/000010781514000041/wec1231201310-k.htm"
  },
  {
    "date": "2013-09-30",
    "symbol": "WEC",
    "reportedCurrency": "USD",
    "cik": "0000783325",
    "fillingDate": "2013-11-01",
    "acceptedDate": "2013-11-01 10:38:29",
    "calendarYear": "2013",
    "period": "Q3",
    "revenue": 1053200000,
    "costOfRevenue": 668800000,
    "grossProfit": 384400000,
    "grossProfitRatio": 0.3649829092,
    "researchAndDevelopmentExpenses": 0,
    "generalAndAdministrativeExpenses": 0,
    "sellingAndMarketingExpenses": 0,
    "sellingGeneralAndAdministrativeExpenses": 0,
    "otherExpenses": 126400000,
    "operatingExpenses": 126400000,
    "costAndExpenses": 795200000,
    "interestIncome": 0,
    "interestExpense": 62000000,
    "depreciationAndAmortization": 99900000,
    "ebitda": 380100000,
    "ebitdaratio": 0.3609001139,
    "operatingIncome": 258000000,
    "operatingIncomeRatio": 0.2449677174,
    "totalOtherIncomeExpensesNet": -39800000,
    "incomeBeforeTax": 218200000,
    "incomeBeforeTaxRatio": 0.2071781238,
    "incomeTaxExpense": 80700000,
    "netIncome": 137500000,
    "netIncomeRatio": 0.1305545006,
    "eps": 0.61,
    "epsdiluted": 0.6,
    "weightedAverageShsOut": 226800000,
    "weightedAverageShsOutDil": 228800000,
    "link": "https://www.sec.gov/Archives/edgar/data/783325/000010781513000133/0000107815-13-000133-index.htm",
    "finalLink": "https://www.sec.gov/Archives/edgar/data/783325/000010781513000133/wec0930201310q.htm"
  },
  {
    "date": "2013-06-30",
    "symbol": "WEC",
    "reportedCurrency": "USD",
    "cik": "0000783325",
    "fillingDate": "2013-08-01",
    "acceptedDate": "2013-08-01 08:55:04",
    "calendarYear": "2013",
    "period": "Q2",
    "revenue": 1012300000,
    "costOfRevenue": 656700000,
    "grossProfit": 355600000,
    "grossProfitRatio": 0.351279265,
    "researchAndDevelopmentExpenses": 0,
    "generalAndAdministrativeExpenses": 0,
    "sellingAndMarketingExpenses": 0,
    "sellingGeneralAndAdministrativeExpenses": 0,
    "otherExpenses": 126100000,
    "operatingExpenses": 126100000,
    "costAndExpenses": 782800000,
    "interestIncome": 0,
    "interestExpense": 63300000,
    "depreciationAndAmortization": 99500000,
    "ebitda": 352100000,
    "ebitdaratio": 0.347821792,
    "operatingIncome": 229500000,
    "operatingIncomeRatio": 0.2267114492,
    "totalOtherIncomeExpensesNet": -40200000,
    "incomeBeforeTax": 189300000,
    "incomeBeforeTaxRatio": 0.1869999012,
    "incomeTaxExpense": 70300000,
    "netIncome": 119000000,
    "netIncomeRatio": 0.1175540848,
    "eps": 0.52,
    "epsdiluted": 0.52,
    "weightedAverageShsOut": 228400000,
    "weightedAverageShsOutDil": 230500000,
    "link": "https://www.sec.gov/Archives/edgar/data/783325/000010781513000112/0000107815-13-000112-index.htm",
    "finalLink": "https://www.sec.gov/Archives/edgar/data/783325/000010781513000112/wec0630201310q.htm"
  },
  {
    "date": "2013-03-31",
    "symbol": "WEC",
    "reportedCurrency": "USD",
    "cik": "0000783325",
    "fillingDate": "2013-05-02",
    "acceptedDate": "2013-05-02 12:23:20",
    "calendarYear": "2013",
    "period": "Q1",
    "revenue": 1275200000,
    "costOfRevenue": 829200000,
    "grossProfit": 446000000,
    "grossProfitRatio": 0.349749059,
    "researchAndDevelopmentExpenses": 0,
    "generalAndAdministrativeExpenses": 0,
    "sellingAndMarketingExpenses": 0,
    "sellingGeneralAndAdministrativeExpenses": 0,
    "otherExpenses": 125000000,
    "operatingExpenses": 125000000,
    "costAndExpenses": 954200000,
    "interestIncome": 0,
    "interestExpense": 65000000,
    "depreciationAndAmortization": 98200000,
    "ebitda": 440200000,
    "ebitdaratio": 0.3452007528,
    "operatingIncome": 321000000,
    "operatingIncomeRatio": 0.2517252196,
    "totalOtherIncomeExpensesNet": -44000000,
    "incomeBeforeTax": 277000000,
    "incomeBeforeTaxRatio": 0.2172208281,
    "incomeTaxExpense": 100400000,
    "netIncome": 176600000,
    "netIncomeRatio": 0.1384880803,
    "eps": 0.77,
    "epsdiluted": 0.76,
    "weightedAverageShsOut": 228900000,
    "weightedAverageShsOutDil": 231200000,
    "link": "https://www.sec.gov/Archives/edgar/data/783325/000010781513000080/0000107815-13-000080-index.htm",
    "finalLink": "https://www.sec.gov/Archives/edgar/data/783325/000010781513000080/wec0331201310q.htm"
  },
  {
    "date": "2012-12-31",
    "symbol": "WEC",
    "reportedCurrency": "USD",
    "cik": "0000783325",
    "fillingDate": "2013-02-27",
    "acceptedDate": "2013-02-27 15:53:44",
    "calendarYear": "2012",
    "period": "Q4",
    "revenue": 1071200000,
    "costOfRevenue": 1543600000,
    "grossProfit": -472400000,
    "grossProfitRatio": -0.4410007468,
    "researchAndDevelopmentExpenses": 0,
    "generalAndAdministrativeExpenses": 0,
    "sellingAndMarketingExpenses": 0,
    "sellingGeneralAndAdministrativeExpenses": 0,
    "otherExpenses": -673800000,
    "operatingExpenses": -673800000,
    "costAndExpenses": 869800000,
    "interestIncome": 0,
    "interestExpense": 0,
    "depreciationAndAmortization": 48500000,
    "ebitda": 396400000,
    "ebitdaratio": 0.3700522778,
    "operatingIncome": 201400000,
    "operatingIncomeRatio": 0.1880134429,
    "totalOtherIncomeExpensesNet": -48900000,
    "incomeBeforeTax": 152500000,
    "incomeBeforeTaxRatio": 0.1423637043,
    "incomeTaxExpense": 53700000,
    "netIncome": 98800000,
    "netIncomeRatio": 0.0922330097,
    "eps": 0.43,
    "epsdiluted": 0.43,
    "weightedAverageShsOut": 229500000,
    "weightedAverageShsOutDil": 231900000,
    "link": "https://www.sec.gov/Archives/edgar/data/783325/000010781513000055/0000107815-13-000055-index.htm",
    "finalLink": "https://www.sec.gov/Archives/edgar/data/783325/000010781513000055/wec1231201210-k.htm"
  },
  {
    "date": "2012-09-30",
    "symbol": "WEC",
    "reportedCurrency": "USD",
    "cik": "0000783325",
    "fillingDate": "2012-11-02",
    "acceptedDate": "2012-11-02 09:26:58",
    "calendarYear": "2012",
    "period": "Q3",
    "revenue": 1039300000,
    "costOfRevenue": 636500000,
    "grossProfit": 402800000,
    "grossProfitRatio": 0.3875685558,
    "researchAndDevelopmentExpenses": 0,
    "generalAndAdministrativeExpenses": 0,
    "sellingAndMarketingExpenses": 0,
    "sellingGeneralAndAdministrativeExpenses": 0,
    "otherExpenses": 122200000,
    "operatingExpenses": 122200000,
    "costAndExpenses": 758700000,
    "interestIncome": 0,
    "interestExpense": 60900000,
    "depreciationAndAmortization": 109400000,
    "ebitda": 401100000,
    "ebitdaratio": 0.3859328394,
    "operatingIncome": 280600000,
    "operatingIncomeRatio": 0.269989416,
    "totalOtherIncomeExpensesNet": -34800000,
    "incomeBeforeTax": 245800000,
    "incomeBeforeTaxRatio": 0.2365053401,
    "incomeTaxExpense": 89700000,
    "netIncome": 156100000,
    "netIncomeRatio": 0.1501972481,
    "eps": 0.68,
    "epsdiluted": 0.67,
    "weightedAverageShsOut": 230400000,
    "weightedAverageShsOutDil": 232900000,
    "link": "https://www.sec.gov/Archives/edgar/data/783325/000010781512000132/0000107815-12-000132-index.htm",
    "finalLink": "https://www.sec.gov/Archives/edgar/data/783325/000010781512000132/wec0930201210q.htm"
  },
  {
    "date": "2012-06-30",
    "symbol": "WEC",
    "reportedCurrency": "USD",
    "cik": "0000783325",
    "fillingDate": "2012-08-02",
    "acceptedDate": "2012-08-02 11:42:33",
    "calendarYear": "2012",
    "period": "Q2",
    "revenue": 944700000,
    "costOfRevenue": 601600000,
    "grossProfit": 343100000,
    "grossProfitRatio": 0.3631840796,
    "researchAndDevelopmentExpenses": 0,
    "generalAndAdministrativeExpenses": 0,
    "sellingAndMarketingExpenses": 0,
    "sellingGeneralAndAdministrativeExpenses": 0,
    "otherExpenses": 120500000,
    "operatingExpenses": 120500000,
    "costAndExpenses": 722100000,
    "interestIncome": 0,
    "interestExpense": 123000000,
    "depreciationAndAmortization": 108200000,
    "ebitda": 402100000,
    "ebitdaratio": 0.4256377686,
    "operatingIncome": 222600000,
    "operatingIncomeRatio": 0.2356303588,
    "totalOtherIncomeExpensesNet": -36700000,
    "incomeBeforeTax": 185900000,
    "incomeBeforeTaxRatio": 0.1967820472,
    "incomeTaxExpense": 66600000,
    "netIncome": 119300000,
    "netIncomeRatio": 0.1262834762,
    "eps": 0.52,
    "epsdiluted": 0.51,
    "weightedAverageShsOut": 230400000,
    "weightedAverageShsOutDil": 233100000,
    "link": "https://www.sec.gov/Archives/edgar/data/783325/000010781512000108/0000107815-12-000108-index.htm",
    "finalLink": "https://www.sec.gov/Archives/edgar/data/783325/000010781512000108/wec0630201210q.htm"
  },
  {
    "date": "2012-03-31",
    "symbol": "WEC",
    "reportedCurrency": "USD",
    "cik": "0000783325",
    "fillingDate": "2012-05-03",
    "acceptedDate": "2012-05-03 12:34:28",
    "calendarYear": "2012",
    "period": "Q1",
    "revenue": 1191200000,
    "costOfRevenue": 777600000,
    "grossProfit": 413600000,
    "grossProfitRatio": 0.3472128946,
    "researchAndDevelopmentExpenses": 0,
    "generalAndAdministrativeExpenses": 0,
    "sellingAndMarketingExpenses": 0,
    "sellingGeneralAndAdministrativeExpenses": 0,
    "otherExpenses": 117900000,
    "operatingExpenses": 117900000,
    "costAndExpenses": 895500000,
    "interestIncome": 0,
    "interestExpense": 58900000,
    "depreciationAndAmortization": 105600000,
    "ebitda": 417900000,
    "ebitdaratio": 0.3508226998,
    "operatingIncome": 295700000,
    "operatingIncomeRatio": 0.2482370719,
    "totalOtherIncomeExpensesNet": -27300000,
    "incomeBeforeTax": 268400000,
    "incomeBeforeTaxRatio": 0.225319006,
    "incomeTaxExpense": 96300000,
    "netIncome": 172100000,
    "netIncomeRatio": 0.1444761585,
    "eps": 0.75,
    "epsdiluted": 0.74,
    "weightedAverageShsOut": 230500000,
    "weightedAverageShsOutDil": 233200000,
    "link": "https://www.sec.gov/Archives/edgar/data/783325/000010781512000071/0000107815-12-000071-index.htm",
    "finalLink": "https://www.sec.gov/Archives/edgar/data/783325/000010781512000071/wec0331201210q.htm"
  },
  {
    "date": "2011-12-31",
    "symbol": "WEC",
    "reportedCurrency": "USD",
    "cik": "0000783325",
    "fillingDate": "2012-02-28",
    "acceptedDate": "2012-02-28 11:15:52",
    "calendarYear": "2011",
    "period": "Q4",
    "revenue": 1113200000,
    "costOfRevenue": 460500000,
    "grossProfit": 652700000,
    "grossProfitRatio": 0.5863277039,
    "researchAndDevelopmentExpenses": 0,
    "generalAndAdministrativeExpenses": 0,
    "sellingAndMarketingExpenses": 0,
    "sellingGeneralAndAdministrativeExpenses": 0,
    "otherExpenses": 459700000,
    "operatingExpenses": 459700000,
    "costAndExpenses": 920200000,
    "interestIncome": 0,
    "interestExpense": 0,
    "depreciationAndAmortization": 87500000,
    "ebitda": 432400000,
    "ebitdaratio": 0.3884297521,
    "operatingIncome": 193000000,
    "operatingIncomeRatio": 0.1733740568,
    "totalOtherIncomeExpensesNet": -22500000,
    "incomeBeforeTax": 170500000,
    "incomeBeforeTaxRatio": 0.1531620553,
    "incomeTaxExpense": 56400000,
    "netIncome": 116000000,
    "netIncomeRatio": 0.1042040963,
    "eps": 0.5,
    "epsdiluted": 0.5,
    "weightedAverageShsOut": 230900000,
    "weightedAverageShsOutDil": 233600000,
    "link": "https://www.sec.gov/Archives/edgar/data/783325/000010781512000039/0000107815-12-000039-index.htm",
    "finalLink": "https://www.sec.gov/Archives/edgar/data/783325/000010781512000039/wec1231201110-k.htm"
  },
  {
    "date": "2011-09-30",
    "symbol": "WEC",
    "reportedCurrency": "USD",
    "cik": "0000783325",
    "fillingDate": "2011-11-01",
    "acceptedDate": "2011-11-01 09:42:23",
    "calendarYear": "2011",
    "period": "Q3",
    "revenue": 1052800000,
    "costOfRevenue": 420100000,
    "grossProfit": 632700000,
    "grossProfitRatio": 0.600968845,
    "researchAndDevelopmentExpenses": 0,
    "generalAndAdministrativeExpenses": 0,
    "sellingAndMarketingExpenses": 0,
    "sellingGeneralAndAdministrativeExpenses": 0,
    "otherExpenses": 408400000,
    "operatingExpenses": 408400000,
    "costAndExpenses": 828500000,
    "interestIncome": 0,
    "interestExpense": 0,
    "depreciationAndAmortization": 79700000,
    "ebitda": 306900000,
    "ebitdaratio": 0.2915083587,
    "operatingIncome": 224300000,
    "operatingIncomeRatio": 0.2130509119,
    "totalOtherIncomeExpensesNet": -24900000,
    "incomeBeforeTax": 199400000,
    "incomeBeforeTaxRatio": 0.189399696,
    "incomeTaxExpense": 69600000,
    "netIncome": 129800000,
    "netIncomeRatio": 0.1232902736,
    "eps": 0.56,
    "epsdiluted": 0.55,
    "weightedAverageShsOut": 232200000,
    "weightedAverageShsOutDil": 234900000,
    "link": "https://www.sec.gov/Archives/edgar/data/783325/000010781511000107/0000107815-11-000107-index.htm",
    "finalLink": "https://www.sec.gov/Archives/edgar/data/783325/000010781511000107/wec0930201110q.htm"
  },
  {
    "date": "2011-06-30",
    "symbol": "WEC",
    "reportedCurrency": "USD",
    "cik": "0000783325",
    "fillingDate": "2011-08-02",
    "acceptedDate": "2011-08-02 11:01:08",
    "calendarYear": "2011",
    "period": "Q2",
    "revenue": 991700000,
    "costOfRevenue": 407800000,
    "grossProfit": 583900000,
    "grossProfitRatio": 0.5887869315,
    "researchAndDevelopmentExpenses": 0,
    "generalAndAdministrativeExpenses": 0,
    "sellingAndMarketingExpenses": 0,
    "sellingGeneralAndAdministrativeExpenses": 0,
    "otherExpenses": 409500000,
    "operatingExpenses": 409500000,
    "costAndExpenses": 817300000,
    "interestIncome": 0,
    "interestExpense": 0,
    "depreciationAndAmortization": 85000000,
    "ebitda": 259400000,
    "ebitdaratio": 0.2615710396,
    "operatingIncome": 174400000,
    "operatingIncomeRatio": 0.175859635,
    "totalOtherIncomeExpensesNet": -27800000,
    "incomeBeforeTax": 146600000,
    "incomeBeforeTaxRatio": 0.1478269638,
    "incomeTaxExpense": 48600000,
    "netIncome": 109500000,
    "netIncomeRatio": 0.1104164566,
    "eps": 0.47,
    "epsdiluted": 0.46,
    "weightedAverageShsOut": 233700000,
    "weightedAverageShsOutDil": 236600000,
    "link": "https://www.sec.gov/Archives/edgar/data/783325/000010781511000081/0000107815-11-000081-index.htm",
    "finalLink": "https://www.sec.gov/Archives/edgar/data/783325/000010781511000081/wec0630201110q.htm"
  },
  {
    "date": "2011-03-31",
    "symbol": "WEC",
    "reportedCurrency": "USD",
    "cik": "0000783325",
    "fillingDate": "2011-05-05",
    "acceptedDate": "2011-05-05 14:18:11",
    "calendarYear": "2011",
    "period": "Q1",
    "revenue": 1328700000,
    "costOfRevenue": 610000000,
    "grossProfit": 718700000,
    "grossProfitRatio": 0.5409046436,
    "researchAndDevelopmentExpenses": 0,
    "generalAndAdministrativeExpenses": 0,
    "sellingAndMarketingExpenses": 0,
    "sellingGeneralAndAdministrativeExpenses": 0,
    "otherExpenses": 423100000,
    "operatingExpenses": 423100000,
    "costAndExpenses": 1033100000,
    "interestIncome": 0,
    "interestExpense": 63400000,
    "depreciationAndAmortization": 84200000,
    "ebitda": 379800000,
    "ebitdaratio": 0.2858433055,
    "operatingIncome": 295600000,
    "operatingIncomeRatio": 0.222473094,
    "totalOtherIncomeExpensesNet": -35400000,
    "incomeBeforeTax": 260200000,
    "incomeBeforeTaxRatio": 0.195830511,
    "incomeTaxExpense": 89300000,
    "netIncome": 170900000,
    "netIncomeRatio": 0.1286219613,
    "eps": 0.73,
    "epsdiluted": 0.72,
    "weightedAverageShsOut": 233700000,
    "weightedAverageShsOutDil": 236600000,
    "link": "https://www.sec.gov/Archives/edgar/data/783325/000010781511000052/0000107815-11-000052-index.htm",
    "finalLink": "https://www.sec.gov/Archives/edgar/data/783325/000010781511000052/wec0331201110q.htm"
  },
  {
    "date": "2010-12-31",
    "symbol": "WEC",
    "reportedCurrency": "USD",
    "cik": "0000783325",
    "fillingDate": "2011-02-25",
    "acceptedDate": "2011-02-25 11:08:30",
    "calendarYear": "2010",
    "period": "Q4",
    "revenue": 1089800000,
    "costOfRevenue": 461000000,
    "grossProfit": 628800000,
    "grossProfitRatio": 0.576986603,
    "researchAndDevelopmentExpenses": 0,
    "generalAndAdministrativeExpenses": 0,
    "sellingAndMarketingExpenses": 0,
    "sellingGeneralAndAdministrativeExpenses": 0,
    "otherExpenses": 413100000,
    "operatingExpenses": 413100000,
    "costAndExpenses": 722300000,
    "interestIncome": 0,
    "interestExpense": 51500000,
    "depreciationAndAmortization": 79800000,
    "ebitda": 324800000,
    "ebitdaratio": 0.2980363369,
    "operatingIncome": 215700000,
    "operatingIncomeRatio": 0.197926225,
    "totalOtherIncomeExpensesNet": -22200000,
    "incomeBeforeTax": 193500000,
    "incomeBeforeTaxRatio": 0.1775555148,
    "incomeTaxExpense": 67900000,
    "netIncome": 125900000,
    "netIncomeRatio": 0.1155257845,
    "eps": 0.54,
    "epsdiluted": 0.53,
    "weightedAverageShsOut": 233700000,
    "weightedAverageShsOutDil": 236600000,
    "link": "https://www.sec.gov/Archives/edgar/data/783325/000010781511000028/0000107815-11-000028-index.htm",
    "finalLink": "https://www.sec.gov/Archives/edgar/data/783325/000010781511000028/wec2010form10k.htm"
  },
  {
    "date": "2010-09-30",
    "symbol": "WEC",
    "reportedCurrency": "USD",
    "cik": "0000783325",
    "fillingDate": "2010-10-27",
    "acceptedDate": "2010-10-26 17:41:58",
    "calendarYear": "2010",
    "period": "Q3",
    "revenue": 973200000,
    "costOfRevenue": 403000000,
    "grossProfit": 570200000,
    "grossProfitRatio": 0.5859021784,
    "researchAndDevelopmentExpenses": 0,
    "generalAndAdministrativeExpenses": 0,
    "sellingAndMarketingExpenses": 0,
    "sellingGeneralAndAdministrativeExpenses": 0,
    "otherExpenses": 422400000,
    "operatingExpenses": 422400000,
    "costAndExpenses": 825400000,
    "interestIncome": 0,
    "interestExpense": 52500000,
    "depreciationAndAmortization": 80200000,
    "ebitda": 228000000,
    "ebitdaratio": 0.2342786683,
    "operatingIncome": 203000000,
    "operatingIncomeRatio": 0.2085902178,
    "totalOtherIncomeExpensesNet": -27700000,
    "incomeBeforeTax": 175300000,
    "incomeBeforeTaxRatio": 0.1801274147,
    "incomeTaxExpense": 63000000,
    "netIncome": 112200000,
    "netIncomeRatio": 0.1152897657,
    "eps": 0.48,
    "epsdiluted": 0.48,
    "weightedAverageShsOut": 233800000,
    "weightedAverageShsOutDil": 236800000,
    "link": "https://www.sec.gov/Archives/edgar/data/783325/000010781510000098/0000107815-10-000098-index.htm",
    "finalLink": "https://www.sec.gov/Archives/edgar/data/783325/000010781510000098/wec10q93010.htm"
  },
  {
    "date": "2010-06-30",
    "symbol": "WEC",
    "reportedCurrency": "USD",
    "cik": "0000783325",
    "fillingDate": "2010-07-30",
    "acceptedDate": "2010-07-30 10:58:45",
    "calendarYear": "2010",
    "period": "Q2",
    "revenue": 890900000,
    "costOfRevenue": 354200000,
    "grossProfit": 536700000,
    "grossProfitRatio": 0.6024245145,
    "researchAndDevelopmentExpenses": 0,
    "generalAndAdministrativeExpenses": 0,
    "sellingAndMarketingExpenses": 0,
    "sellingGeneralAndAdministrativeExpenses": 0,
    "otherExpenses": 373400000,
    "operatingExpenses": 373400000,
    "costAndExpenses": 774800000,
    "interestIncome": 0,
    "interestExpense": 53000000,
    "depreciationAndAmortization": 85500000,
    "ebitda": 201600000,
    "ebitdaratio": 0.2262880233,
    "operatingIncome": 163300000,
    "operatingIncomeRatio": 0.1832977888,
    "totalOtherIncomeExpensesNet": -28200000,
    "incomeBeforeTax": 135100000,
    "incomeBeforeTaxRatio": 0.1516444045,
    "incomeTaxExpense": 47600000,
    "netIncome": 88700000,
    "netIncomeRatio": 0.0995622404,
    "eps": 0.38,
    "epsdiluted": 0.38,
    "weightedAverageShsOut": 233800000,
    "weightedAverageShsOutDil": 236600000,
    "link": "https://www.sec.gov/Archives/edgar/data/783325/000010781510000077/0000107815-10-000077-index.htm",
    "finalLink": "https://www.sec.gov/Archives/edgar/data/783325/000010781510000077/wec63010form10q.htm"
  },
  {
    "date": "2010-03-31",
    "symbol": "WEC",
    "reportedCurrency": "USD",
    "cik": "0000783325",
    "fillingDate": "2010-05-06",
    "acceptedDate": "2010-05-06 12:34:53",
    "calendarYear": "2010",
    "period": "Q1",
    "revenue": 1255900000,
    "costOfRevenue": 633200000,
    "grossProfit": 615400000,
    "grossProfitRatio": 0.4900071662,
    "researchAndDevelopmentExpenses": 0,
    "generalAndAdministrativeExpenses": 0,
    "sellingAndMarketingExpenses": 0,
    "sellingGeneralAndAdministrativeExpenses": 0,
    "otherExpenses": 485800000,
    "operatingExpenses": 485800000,
    "costAndExpenses": 1075600000,
    "interestIncome": 0,
    "interestExpense": 49400000,
    "depreciationAndAmortization": 71900000,
    "ebitda": 324200000,
    "ebitdaratio": 0.2581415718,
    "operatingIncome": 229700000,
    "operatingIncomeRatio": 0.1828967274,
    "totalOtherIncomeExpensesNet": -28000000,
    "incomeBeforeTax": 201700000,
    "incomeBeforeTaxRatio": 0.1606019588,
    "incomeTaxExpense": 71900000,
    "netIncome": 129700000,
    "netIncomeRatio": 0.1032725535,
    "eps": 0.56,
    "epsdiluted": 0.55,
    "weightedAverageShsOut": 233800000,
    "weightedAverageShsOutDil": 236800000,
    "link": "https://www.sec.gov/Archives/edgar/data/783325/000010781510000062/0000107815-10-000062-index.htm",
    "finalLink": "https://www.sec.gov/Archives/edgar/data/783325/000010781510000062/wec10q033110.htm"
  },
  {
    "date": "2009-12-31",
    "symbol": "WEC",
    "reportedCurrency": "USD",
    "cik": "0000783325",
    "fillingDate": "2010-02-26",
    "acceptedDate": "2010-02-26 10:05:13",
    "calendarYear": "2009",
    "period": "Q4",
    "revenue": 1067300000,
    "costOfRevenue": 495200000,
    "grossProfit": 572100000,
    "grossProfitRatio": 0.5360254849,
    "researchAndDevelopmentExpenses": 0,
    "generalAndAdministrativeExpenses": 0,
    "sellingAndMarketingExpenses": 0,
    "sellingGeneralAndAdministrativeExpenses": 0,
    "otherExpenses": 375500000,
    "operatingExpenses": 375500000,
    "costAndExpenses": 924200000,
    "interestIncome": 0,
    "interestExpense": 37700000,
    "depreciationAndAmortization": 85100000,
    "ebitda": 303200000,
    "ebitdaratio": 0.2840813267,
    "operatingIncome": 196600000,
    "operatingIncomeRatio": 0.1842031294,
    "totalOtherIncomeExpensesNet": -17800000,
    "incomeBeforeTax": 178800000,
    "incomeBeforeTaxRatio": 0.1675255317,
    "incomeTaxExpense": 65200000,
    "netIncome": 118700000,
    "netIncomeRatio": 0.111215216,
    "eps": 0.51,
    "epsdiluted": 0.5,
    "weightedAverageShsOut": 233800000,
    "weightedAverageShsOutDil": 236800000,
    "link": "https://www.sec.gov/Archives/edgar/data/783325/000010781510000046/0000107815-10-000046-index.htm",
    "finalLink": "https://www.sec.gov/Archives/edgar/data/783325/000010781510000046/wec2009form10k.htm"
  },
  {
    "date": "2009-09-30",
    "symbol": "WEC",
    "reportedCurrency": "USD",
    "cik": "0000783325",
    "fillingDate": "2009-10-30",
    "acceptedDate": "2009-10-29 17:39:04",
    "calendarYear": "2009",
    "period": "Q3",
    "revenue": 821900000,
    "costOfRevenue": 355300000,
    "grossProfit": 460200000,
    "grossProfitRatio": 0.5599221316,
    "researchAndDevelopmentExpenses": 0,
    "generalAndAdministrativeExpenses": 0,
    "sellingAndMarketingExpenses": 0,
    "sellingGeneralAndAdministrativeExpenses": 0,
    "otherExpenses": 355800000,
    "operatingExpenses": 355800000,
    "costAndExpenses": 832800000,
    "interestIncome": 0,
    "interestExpense": 38400000,
    "depreciationAndAmortization": 88800000,
    "ebitda": 219500000,
    "ebitdaratio": 0.2670641197,
    "operatingIncome": 104900000,
    "operatingIncomeRatio": 0.1276310987,
    "totalOtherIncomeExpensesNet": -13300000,
    "incomeBeforeTax": 91800000,
    "incomeBeforeTaxRatio": 0.11169242,
    "incomeTaxExpense": 33100000,
    "netIncome": 58500000,
    "netIncomeRatio": 0.0711765422,
    "eps": 0.25,
    "epsdiluted": 0.25,
    "weightedAverageShsOut": 233800000,
    "weightedAverageShsOutDil": 236000000,
    "link": "https://www.sec.gov/Archives/edgar/data/783325/000010781509000062/0000107815-09-000062-index.htm",
    "finalLink": "https://www.sec.gov/Archives/edgar/data/783325/000010781509000062/wec10q93009.htm"
  },
  {
    "date": "2009-06-30",
    "symbol": "WEC",
    "reportedCurrency": "USD",
    "cik": "0000783325",
    "fillingDate": "2009-08-04",
    "acceptedDate": "2009-08-04 09:56:02",
    "calendarYear": "2009",
    "period": "Q2",
    "revenue": 842500000,
    "costOfRevenue": 354500000,
    "grossProfit": 481200000,
    "grossProfitRatio": 0.57115727,
    "researchAndDevelopmentExpenses": 0,
    "generalAndAdministrativeExpenses": 0,
    "sellingAndMarketingExpenses": 0,
    "sellingGeneralAndAdministrativeExpenses": 0,
    "otherExpenses": 362800000,
    "operatingExpenses": 362800000,
    "costAndExpenses": 778400000,
    "interestIncome": 0,
    "interestExpense": 39800000,
    "depreciationAndAmortization": 114500000,
    "ebitda": 230400000,
    "ebitdaratio": 0.2734718101,
    "operatingIncome": 119200000,
    "operatingIncomeRatio": 0.1414836795,
    "totalOtherIncomeExpensesNet": -18000000,
    "incomeBeforeTax": 101100000,
    "incomeBeforeTaxRatio": 0.12,
    "incomeTaxExpense": 37700000,
    "netIncome": 63700000,
    "netIncomeRatio": 0.0756083086,
    "eps": 0.27,
    "epsdiluted": 0.27,
    "weightedAverageShsOut": 233800000,
    "weightedAverageShsOutDil": 235600000,
    "link": "https://www.sec.gov/Archives/edgar/data/783325/000010781509000047/0000107815-09-000047-index.htm",
    "finalLink": "https://www.sec.gov/Archives/edgar/data/783325/000010781509000047/wec10q63009.htm"
  },
  {
    "date": "2009-03-31",
    "symbol": "WEC",
    "reportedCurrency": "USD",
    "cik": "0000783325",
    "fillingDate": "2009-05-07",
    "acceptedDate": "2009-05-07 12:29:07",
    "calendarYear": "2009",
    "period": "Q1",
    "revenue": 1396200000,
    "costOfRevenue": 769100000,
    "grossProfit": 627100000,
    "grossProfitRatio": 0.4491476866,
    "researchAndDevelopmentExpenses": 0,
    "generalAndAdministrativeExpenses": 0,
    "sellingAndMarketingExpenses": 0,
    "sellingGeneralAndAdministrativeExpenses": 0,
    "otherExpenses": 384100000,
    "operatingExpenses": 384100000,
    "costAndExpenses": 1217400000,
    "interestIncome": 0,
    "interestExpense": 40800000,
    "depreciationAndAmortization": 87600000,
    "ebitda": 351200000,
    "ebitdaratio": 0.251539894,
    "operatingIncome": 243000000,
    "operatingIncomeRatio": 0.1740438333,
    "totalOtherIncomeExpensesNet": -20200000,
    "incomeBeforeTax": 222800000,
    "incomeBeforeTaxRatio": 0.159575992,
    "incomeTaxExpense": 81300000,
    "netIncome": 141500000,
    "netIncomeRatio": 0.101346512,
    "eps": 0.61,
    "epsdiluted": 0.6,
    "weightedAverageShsOut": 233800000,
    "weightedAverageShsOutDil": 236000000,
    "link": "https://www.sec.gov/Archives/edgar/data/783325/000010781509000035/0000107815-09-000035-index.htm",
    "finalLink": "https://www.sec.gov/Archives/edgar/data/783325/000010781509000035/wec10q313109.htm"
  },
  {
    "date": "2008-12-31",
    "symbol": "WEC",
    "reportedCurrency": "USD",
    "cik": "0000783325",
    "fillingDate": "2009-02-27",
    "acceptedDate": "2009-02-26 18:11:57",
    "calendarYear": "2008",
    "period": "Q4",
    "revenue": 1200600000,
    "costOfRevenue": 260300000,
    "grossProfit": 940300000,
    "grossProfitRatio": 0.7831917375,
    "researchAndDevelopmentExpenses": 0,
    "generalAndAdministrativeExpenses": 0,
    "sellingAndMarketingExpenses": 0,
    "sellingGeneralAndAdministrativeExpenses": 0,
    "otherExpenses": 829500000,
    "operatingExpenses": 829500000,
    "costAndExpenses": 1089800000,
    "interestIncome": 0,
    "interestExpense": 0,
    "depreciationAndAmortization": 82200000,
    "ebitda": 195300000,
    "ebitdaratio": 0.1626686657,
    "operatingIncome": 110800000,
    "operatingIncomeRatio": 0.0922871897,
    "totalOtherIncomeExpensesNet": 49600000,
    "incomeBeforeTax": 160400000,
    "incomeBeforeTaxRatio": 0.1335998667,
    "incomeTaxExpense": 60300000,
    "netIncome": 100400000,
    "netIncomeRatio": 0.0836248542,
    "eps": 0.43,
    "epsdiluted": 0.43,
    "weightedAverageShsOut": 233800000,
    "weightedAverageShsOutDil": 236000000,
    "link": "https://www.sec.gov/Archives/edgar/data/783325/000010781509000025/0000107815-09-000025-index.htm",
    "finalLink": "https://www.sec.gov/Archives/edgar/data/783325/000010781509000025/wec12310810k.htm"
  },
  {
    "date": "2008-09-30",
    "symbol": "WEC",
    "reportedCurrency": "USD",
    "cik": "0000783325",
    "fillingDate": "2008-10-30",
    "acceptedDate": "2008-10-29 18:17:22",
    "calendarYear": "2008",
    "period": "Q3",
    "revenue": 852500000,
    "costOfRevenue": 439800000,
    "grossProfit": 411700000,
    "grossProfitRatio": 0.4829325513,
    "researchAndDevelopmentExpenses": 0,
    "generalAndAdministrativeExpenses": 0,
    "sellingAndMarketingExpenses": 0,
    "sellingGeneralAndAdministrativeExpenses": 0,
    "otherExpenses": 273300000,
    "operatingExpenses": 273300000,
    "costAndExpenses": 870900000,
    "interestIncome": 0,
    "interestExpense": 38800000,
    "depreciationAndAmortization": 85500000,
    "ebitda": 245400000,
    "ebitdaratio": 0.2878592375,
    "operatingIncome": -18400000,
    "operatingIncomeRatio": -0.0215835777,
    "totalOtherIncomeExpensesNet": -17300000,
    "incomeBeforeTax": 121700000,
    "incomeBeforeTaxRatio": 0.1427565982,
    "incomeTaxExpense": 44700000,
    "netIncome": 77500000,
    "netIncomeRatio": 0.0909090909,
    "eps": 0.33,
    "epsdiluted": 0.33,
    "weightedAverageShsOut": 233800000,
    "weightedAverageShsOutDil": 236400000,
    "link": "https://www.sec.gov/Archives/edgar/data/783325/000095014408007906/0000950144-08-007906-index.htm",
    "finalLink": "https://www.sec.gov/Archives/edgar/data/783325/000095014408007906/wec10q93008.htm"
  },
  {
    "date": "2008-06-30",
    "symbol": "WEC",
    "reportedCurrency": "USD",
    "cik": "0000783325",
    "fillingDate": "2008-08-01",
    "acceptedDate": "2008-08-01 09:42:20",
    "calendarYear": "2008",
    "period": "Q2",
    "revenue": 946100000,
    "costOfRevenue": 483600000,
    "grossProfit": 461800000,
    "grossProfitRatio": 0.4881090794,
    "researchAndDevelopmentExpenses": 0,
    "generalAndAdministrativeExpenses": 0,
    "sellingAndMarketingExpenses": 0,
    "sellingGeneralAndAdministrativeExpenses": 0,
    "otherExpenses": 353900000,
    "operatingExpenses": 353900000,
    "costAndExpenses": 837900000,
    "interestIncome": 0,
    "interestExpense": 35400000,
    "depreciationAndAmortization": 82200000,
    "ebitda": 209900000,
    "ebitdaratio": 0.2218581545,
    "operatingIncome": 108200000,
    "operatingIncomeRatio": 0.1143642321,
    "totalOtherIncomeExpensesNet": -15100000,
    "incomeBeforeTax": 92800000,
    "incomeBeforeTaxRatio": 0.098086883,
    "incomeTaxExpense": 34500000,
    "netIncome": 58000000,
    "netIncomeRatio": 0.0613043019,
    "eps": 0.25,
    "epsdiluted": 0.25,
    "weightedAverageShsOut": 233800000,
    "weightedAverageShsOutDil": 236600000,
    "link": "https://www.sec.gov/Archives/edgar/data/783325/000010781508000112/0000107815-08-000112-index.htm",
    "finalLink": "https://www.sec.gov/Archives/edgar/data/783325/000010781508000112/wec06300810q.htm"
  },
  {
    "date": "2008-03-31",
    "symbol": "WEC",
    "reportedCurrency": "USD",
    "cik": "0000783325",
    "fillingDate": "2008-05-01",
    "acceptedDate": "2008-05-01 11:12:48",
    "calendarYear": "2008",
    "period": "Q1",
    "revenue": 1431800000,
    "costOfRevenue": 898400000,
    "grossProfit": 532700000,
    "grossProfitRatio": 0.3720491689,
    "researchAndDevelopmentExpenses": 0,
    "generalAndAdministrativeExpenses": 0,
    "sellingAndMarketingExpenses": 0,
    "sellingGeneralAndAdministrativeExpenses": 0,
    "otherExpenses": 315200000,
    "operatingExpenses": 315200000,
    "costAndExpenses": 1372900000,
    "interestIncome": 0,
    "interestExpense": 39200000,
    "depreciationAndAmortization": 82400000,
    "ebitda": 322000000,
    "ebitdaratio": 0.2248917447,
    "operatingIncome": 58900000,
    "operatingIncomeRatio": 0.0411370303,
    "totalOtherIncomeExpensesNet": -17100000,
    "incomeBeforeTax": 200800000,
    "incomeBeforeTaxRatio": 0.1402430507,
    "incomeTaxExpense": 77600000,
    "netIncome": 123200000,
    "netIncomeRatio": 0.0860455371,
    "eps": 0.53,
    "epsdiluted": 0.52,
    "weightedAverageShsOut": 233800000,
    "weightedAverageShsOutDil": 236600000,
    "link": "https://www.sec.gov/Archives/edgar/data/783325/000010781508000082/0000107815-08-000082-index.htm",
    "finalLink": "https://www.sec.gov/Archives/edgar/data/783325/000010781508000082/wec03310810q.htm"
  },
  {
    "date": "2007-12-31",
    "symbol": "WEC",
    "reportedCurrency": "USD",
    "cik": "0000783325",
    "fillingDate": "2008-02-28",
    "acceptedDate": "2008-02-27 21:12:35",
    "calendarYear": "2007",
    "period": "Q4",
    "revenue": 1148700000,
    "costOfRevenue": 280300000,
    "grossProfit": 868400000,
    "grossProfitRatio": 0.7559850266,
    "researchAndDevelopmentExpenses": 0,
    "generalAndAdministrativeExpenses": 0,
    "sellingAndMarketingExpenses": 0,
    "sellingGeneralAndAdministrativeExpenses": 0,
    "otherExpenses": 682600000,
    "operatingExpenses": 682600000,
    "costAndExpenses": 962900000,
    "interestIncome": 0,
    "interestExpense": 0,
    "depreciationAndAmortization": 79800000,
    "ebitda": 265600000,
    "ebitdaratio": 0.2312178985,
    "operatingIncome": 185800000,
    "operatingIncomeRatio": 0.161748063,
    "totalOtherIncomeExpensesNet": -28300000,
    "incomeBeforeTax": 157500000,
    "incomeBeforeTaxRatio": 0.1371115174,
    "incomeTaxExpense": 62900000,
    "netIncome": 94300000,
    "netIncomeRatio": 0.0820928006,
    "eps": 0.4,
    "epsdiluted": 0.4,
    "weightedAverageShsOut": 233800000,
    "weightedAverageShsOutDil": 236600000,
    "link": "https://www.sec.gov/Archives/edgar/data/783325/000010781508000059/0000107815-08-000059-index.htm",
    "finalLink": "https://www.sec.gov/Archives/edgar/data/783325/000010781508000059/wec12310710k.htm"
  },
  {
    "date": "2007-09-30",
    "symbol": "WEC",
    "reportedCurrency": "USD",
    "cik": "0000783325",
    "fillingDate": "2007-11-01",
    "acceptedDate": "2007-11-01 09:09:06",
    "calendarYear": "2007",
    "period": "Q3",
    "revenue": 881500000,
    "costOfRevenue": 254300000,
    "grossProfit": 627200000,
    "grossProfitRatio": 0.711514464,
    "researchAndDevelopmentExpenses": 0,
    "generalAndAdministrativeExpenses": 0,
    "sellingAndMarketingExpenses": 0,
    "sellingGeneralAndAdministrativeExpenses": 0,
    "otherExpenses": 474100000,
    "operatingExpenses": 474100000,
    "costAndExpenses": 728400000,
    "interestIncome": 0,
    "interestExpense": 0,
    "depreciationAndAmortization": 96600000,
    "ebitda": 249700000,
    "ebitdaratio": 0.2832671583,
    "operatingIncome": 153100000,
    "operatingIncomeRatio": 0.1736812252,
    "totalOtherIncomeExpensesNet": -16800000,
    "incomeBeforeTax": 136300000,
    "incomeBeforeTaxRatio": 0.154622802,
    "incomeTaxExpense": 53200000,
    "netIncome": 82900000,
    "netIncomeRatio": 0.0940442428,
    "eps": 0.36,
    "epsdiluted": 0.35,
    "weightedAverageShsOut": 233800000,
    "weightedAverageShsOutDil": 236400000,
    "link": "https://www.sec.gov/Archives/edgar/data/783325/000010781507000096/0000107815-07-000096-index.htm",
    "finalLink": "https://www.sec.gov/Archives/edgar/data/783325/000010781507000096/wec10q093007.htm"
  },
  {
    "date": "2007-06-30",
    "symbol": "WEC",
    "reportedCurrency": "USD",
    "cik": "0000783325",
    "fillingDate": "2007-08-01",
    "acceptedDate": "2007-08-01 08:52:57",
    "calendarYear": "2007",
    "period": "Q2",
    "revenue": 906500000,
    "costOfRevenue": 232300000,
    "grossProfit": 674200000,
    "grossProfitRatio": 0.743739658,
    "researchAndDevelopmentExpenses": 0,
    "generalAndAdministrativeExpenses": 0,
    "sellingAndMarketingExpenses": 0,
    "sellingGeneralAndAdministrativeExpenses": 0,
    "otherExpenses": 569100000,
    "operatingExpenses": 569100000,
    "costAndExpenses": 801400000,
    "interestIncome": 0,
    "interestExpense": 0,
    "depreciationAndAmortization": 89800000,
    "ebitda": 194900000,
    "ebitdaratio": 0.2150027579,
    "operatingIncome": 105100000,
    "operatingIncomeRatio": 0.1159404302,
    "totalOtherIncomeExpensesNet": -11700000,
    "incomeBeforeTax": 93400000,
    "incomeBeforeTaxRatio": 0.1030336459,
    "incomeTaxExpense": 35700000,
    "netIncome": 57500000,
    "netIncomeRatio": 0.0634307777,
    "eps": 0.25,
    "epsdiluted": 0.25,
    "weightedAverageShsOut": 233800000,
    "weightedAverageShsOutDil": 237000000,
    "link": "https://www.sec.gov/Archives/edgar/data/783325/000010781507000076/0000107815-07-000076-index.htm",
    "finalLink": "https://www.sec.gov/Archives/edgar/data/783325/000010781507000076/wec10q063007.htm"
  },
  {
    "date": "2007-03-31",
    "symbol": "WEC",
    "reportedCurrency": "USD",
    "cik": "0000783325",
    "fillingDate": "2007-05-07",
    "acceptedDate": "2007-05-07 14:38:34",
    "calendarYear": "2007",
    "period": "Q1",
    "revenue": 1301100000,
    "costOfRevenue": 229500000,
    "grossProfit": 1071600000,
    "grossProfitRatio": 0.8236107909,
    "researchAndDevelopmentExpenses": 0,
    "generalAndAdministrativeExpenses": 0,
    "sellingAndMarketingExpenses": 0,
    "sellingGeneralAndAdministrativeExpenses": 0,
    "otherExpenses": 887100000,
    "operatingExpenses": 887100000,
    "costAndExpenses": 1116600000,
    "interestIncome": 0,
    "interestExpense": 0,
    "depreciationAndAmortization": 95000000,
    "ebitda": 279500000,
    "ebitdaratio": 0.2148182307,
    "operatingIncome": 184500000,
    "operatingIncomeRatio": 0.1418030897,
    "totalOtherIncomeExpensesNet": -18800000,
    "incomeBeforeTax": 165700000,
    "incomeBeforeTaxRatio": 0.1273537776,
    "incomeTaxExpense": 64600000,
    "netIncome": 100900000,
    "netIncomeRatio": 0.0775497656,
    "eps": 0.43,
    "epsdiluted": 0.43,
    "weightedAverageShsOut": 234000000,
    "weightedAverageShsOutDil": 237400000,
    "link": "https://www.sec.gov/Archives/edgar/data/783325/000010781507000061/0000107815-07-000061-index.htm",
    "finalLink": "https://www.sec.gov/Archives/edgar/data/783325/000010781507000061/wec10q033107.htm"
  },
  {
    "date": "2006-12-31",
    "symbol": "WEC",
    "reportedCurrency": "USD",
    "cik": "0000783325",
    "fillingDate": "2007-02-28",
    "acceptedDate": "2007-02-27 18:36:13",
    "calendarYear": "2006",
    "period": "Q4",
    "revenue": 1095200000,
    "costOfRevenue": 218200000,
    "grossProfit": 877000000,
    "grossProfitRatio": 0.8007669832,
    "researchAndDevelopmentExpenses": 0,
    "generalAndAdministrativeExpenses": 0,
    "sellingAndMarketingExpenses": 0,
    "sellingGeneralAndAdministrativeExpenses": 0,
    "otherExpenses": 738400000,
    "operatingExpenses": 738400000,
    "costAndExpenses": 956600000,
    "interestIncome": 0,
    "interestExpense": 0,
    "depreciationAndAmortization": 64500000,
    "ebitda": 221600000,
    "ebitdaratio": 0.2023374726,
    "operatingIncome": 138600000,
    "operatingIncomeRatio": 0.1265522279,
    "totalOtherIncomeExpensesNet": -25200000,
    "incomeBeforeTax": 113400000,
    "incomeBeforeTaxRatio": 0.1035427319,
    "incomeTaxExpense": 35800000,
    "netIncome": 77000000,
    "netIncomeRatio": 0.0703067933,
    "eps": 0.33,
    "epsdiluted": 0.32,
    "weightedAverageShsOut": 234000000,
    "weightedAverageShsOutDil": 237400000,
    "link": "https://www.sec.gov/Archives/edgar/data/783325/000119312507041253/0001193125-07-041253-index.htm",
    "finalLink": "https://www.sec.gov/Archives/edgar/data/783325/000119312507041253/d10k.htm"
  },
  {
    "date": "2006-09-30",
    "symbol": "WEC",
    "reportedCurrency": "USD",
    "cik": "0000783325",
    "fillingDate": "2006-10-27",
    "acceptedDate": "2006-10-27 16:08:59",
    "calendarYear": "2006",
    "period": "Q3",
    "revenue": 839800000,
    "costOfRevenue": 229800000,
    "grossProfit": 610000000,
    "grossProfitRatio": 0.7263634199,
    "researchAndDevelopmentExpenses": 0,
    "generalAndAdministrativeExpenses": 0,
    "sellingAndMarketingExpenses": 0,
    "sellingGeneralAndAdministrativeExpenses": 0,
    "otherExpenses": 478800000,
    "operatingExpenses": 478800000,
    "costAndExpenses": 708600000,
    "interestIncome": 0,
    "interestExpense": 0,
    "depreciationAndAmortization": 91600000,
    "ebitda": 222800000,
    "ebitdaratio": 0.2653012622,
    "operatingIncome": 131200000,
    "operatingIncomeRatio": 0.1562276733,
    "totalOtherIncomeExpensesNet": -16600000,
    "incomeBeforeTax": 114600000,
    "incomeBeforeTaxRatio": 0.1364610622,
    "incomeTaxExpense": 43800000,
    "netIncome": 70800000,
    "netIncomeRatio": 0.0843057871,
    "eps": 0.31,
    "epsdiluted": 0.3,
    "weightedAverageShsOut": 234000000,
    "weightedAverageShsOutDil": 236800000,
    "link": "https://www.sec.gov/Archives/edgar/data/783325/000010781506000164/0000107815-06-000164-index.htm",
    "finalLink": "https://www.sec.gov/Archives/edgar/data/783325/000010781506000164/wec10q093006.htm"
  },
  {
    "date": "2006-06-30",
    "symbol": "WEC",
    "reportedCurrency": "USD",
    "cik": "0000783325",
    "fillingDate": "2006-08-02",
    "acceptedDate": "2006-08-02 09:28:41",
    "calendarYear": "2006",
    "period": "Q2",
    "revenue": 814400000,
    "costOfRevenue": 184800000,
    "grossProfit": 629600000,
    "grossProfitRatio": 0.7730844794,
    "researchAndDevelopmentExpenses": 0,
    "generalAndAdministrativeExpenses": 0,
    "sellingAndMarketingExpenses": 0,
    "sellingGeneralAndAdministrativeExpenses": 0,
    "otherExpenses": 522500000,
    "operatingExpenses": 522500000,
    "costAndExpenses": 707300000,
    "interestIncome": 0,
    "interestExpense": 0,
    "depreciationAndAmortization": 95700000,
    "ebitda": 202800000,
    "ebitdaratio": 0.2490176817,
    "operatingIncome": 107100000,
    "operatingIncomeRatio": 0.1315078585,
    "totalOtherIncomeExpensesNet": -14900000,
    "incomeBeforeTax": 92200000,
    "incomeBeforeTaxRatio": 0.1132121807,
    "incomeTaxExpense": 32500000,
    "netIncome": 62900000,
    "netIncomeRatio": 0.0772347741,
    "eps": 0.27,
    "epsdiluted": 0.27,
    "weightedAverageShsOut": 234000000,
    "weightedAverageShsOutDil": 236800000,
    "link": "https://www.sec.gov/Archives/edgar/data/783325/000010781506000146/0000107815-06-000146-index.htm",
    "finalLink": "https://www.sec.gov/Archives/edgar/data/783325/000010781506000146/wec10q063006.htm"
  },
  {
    "date": "2006-03-31",
    "symbol": "WEC",
    "reportedCurrency": "USD",
    "cik": "0000783325",
    "fillingDate": "2006-05-04",
    "acceptedDate": "2006-05-04 12:38:21",
    "calendarYear": "2006",
    "period": "Q1",
    "revenue": 1247000000,
    "costOfRevenue": 169200000,
    "grossProfit": 1077800000,
    "grossProfitRatio": 0.8643143545,
    "researchAndDevelopmentExpenses": 0,
    "generalAndAdministrativeExpenses": 0,
    "sellingAndMarketingExpenses": 0,
    "sellingGeneralAndAdministrativeExpenses": 0,
    "otherExpenses": 886200000,
    "operatingExpenses": 886200000,
    "costAndExpenses": 1055400000,
    "interestIncome": 0,
    "interestExpense": 0,
    "depreciationAndAmortization": 85000000,
    "ebitda": 276600000,
    "ebitdaratio": 0.2218123496,
    "operatingIncome": 191600000,
    "operatingIncomeRatio": 0.153648757,
    "totalOtherIncomeExpensesNet": -24300000,
    "incomeBeforeTax": 167300000,
    "incomeBeforeTaxRatio": 0.1341619888,
    "incomeTaxExpense": 62900000,
    "netIncome": 105700000,
    "netIncomeRatio": 0.0847634322,
    "eps": 0.45,
    "epsdiluted": 0.45,
    "weightedAverageShsOut": 234000000,
    "weightedAverageShsOutDil": 237000000,
    "link": "https://www.sec.gov/Archives/edgar/data/783325/000010781506000111/0000107815-06-000111-index.htm",
    "finalLink": "https://www.sec.gov/Archives/edgar/data/783325/000010781506000111/wec10q050406.htm"
  },
  {
    "date": "2005-12-31",
    "symbol": "WEC",
    "reportedCurrency": "USD",
    "cik": "0000783325",
    "fillingDate": "2006-03-02",
    "acceptedDate": "2006-03-02 09:32:01",
    "calendarYear": "2005",
    "period": "Q4",
    "revenue": 1135000000,
    "costOfRevenue": 191800000,
    "grossProfit": 943200000,
    "grossProfitRatio": 0.8310132159,
    "researchAndDevelopmentExpenses": 0,
    "generalAndAdministrativeExpenses": 0,
    "sellingAndMarketingExpenses": 0,
    "sellingGeneralAndAdministrativeExpenses": 0,
    "otherExpenses": 765400000,
    "operatingExpenses": 765400000,
    "costAndExpenses": 957200000,
    "interestIncome": 0,
    "interestExpense": 0,
    "depreciationAndAmortization": 88600000,
    "ebitda": 266400000,
    "ebitdaratio": 0.2347136564,
    "operatingIncome": 177800000,
    "operatingIncomeRatio": 0.1566519824,
    "totalOtherIncomeExpensesNet": -37900000,
    "incomeBeforeTax": 139900000,
    "incomeBeforeTaxRatio": 0.1232599119,
    "incomeTaxExpense": 48900000,
    "netIncome": 90600000,
    "netIncomeRatio": 0.0798237885,
    "eps": 0.39,
    "epsdiluted": 0.38,
    "weightedAverageShsOut": 234000000,
    "weightedAverageShsOutDil": 237000000,
    "link": "https://www.sec.gov/Archives/edgar/data/783325/000010781506000089/0000107815-06-000089-index.htm",
    "finalLink": "https://www.sec.gov/Archives/edgar/data/783325/000010781506000089/wec200510k.htm"
  },
  {
    "date": "2005-09-30",
    "symbol": "WEC",
    "reportedCurrency": "USD",
    "cik": "0000783325",
    "fillingDate": "2005-11-02",
    "acceptedDate": "2005-11-02 15:19:18",
    "calendarYear": "2005",
    "period": "Q3",
    "revenue": 797300000,
    "costOfRevenue": 240500000,
    "grossProfit": 556800000,
    "grossProfitRatio": 0.6983569547,
    "researchAndDevelopmentExpenses": 0,
    "generalAndAdministrativeExpenses": 0,
    "sellingAndMarketingExpenses": 0,
    "sellingGeneralAndAdministrativeExpenses": 0,
    "otherExpenses": 428400000,
    "operatingExpenses": 428400000,
    "costAndExpenses": 668900000,
    "interestIncome": 0,
    "interestExpense": 0,
    "depreciationAndAmortization": 77100000,
    "ebitda": 222900000,
    "ebitdaratio": 0.2795685438,
    "operatingIncome": 128400000,
    "operatingIncomeRatio": 0.1610435219,
    "totalOtherIncomeExpensesNet": -22600000,
    "incomeBeforeTax": 105800000,
    "incomeBeforeTaxRatio": 0.1326978553,
    "incomeTaxExpense": 40000000,
    "netIncome": 66200000,
    "netIncomeRatio": 0.083030227,
    "eps": 0.28,
    "epsdiluted": 0.28,
    "weightedAverageShsOut": 234000000,
    "weightedAverageShsOutDil": 237200000,
    "link": "https://www.sec.gov/Archives/edgar/data/783325/000010781505000174/0000107815-05-000174-index.htm",
    "finalLink": "https://www.sec.gov/Archives/edgar/data/783325/000010781505000174/wec10q093005.htm"
  },
  {
    "date": "2005-06-30",
    "symbol": "WEC",
    "reportedCurrency": "USD",
    "cik": "0000783325",
    "fillingDate": "2005-08-02",
    "acceptedDate": "2005-08-02 14:50:22",
    "calendarYear": "2005",
    "period": "Q2",
    "revenue": 792900000,
    "costOfRevenue": 186400000,
    "grossProfit": 602100000,
    "grossProfitRatio": 0.7593643587,
    "researchAndDevelopmentExpenses": 0,
    "generalAndAdministrativeExpenses": 0,
    "sellingAndMarketingExpenses": 0,
    "sellingGeneralAndAdministrativeExpenses": 0,
    "otherExpenses": 512200000,
    "operatingExpenses": 512200000,
    "costAndExpenses": 703200000,
    "interestIncome": 0,
    "interestExpense": 0,
    "depreciationAndAmortization": 89000000,
    "ebitda": 185300000,
    "ebitdaratio": 0.2336990793,
    "operatingIncome": 89700000,
    "operatingIncomeRatio": 0.1131290201,
    "totalOtherIncomeExpensesNet": -24900000,
    "incomeBeforeTax": 65300000,
    "incomeBeforeTaxRatio": 0.0823559087,
    "incomeTaxExpense": 8300000,
    "netIncome": 62000000,
    "netIncomeRatio": 0.0781939715,
    "eps": 0.27,
    "epsdiluted": 0.26,
    "weightedAverageShsOut": 234000000,
    "weightedAverageShsOutDil": 236600000,
    "link": "https://www.sec.gov/Archives/edgar/data/783325/000010781505000153/0000107815-05-000153-index.htm",
    "finalLink": "https://www.sec.gov/Archives/edgar/data/783325/000010781505000153/wec10q205.htm"
  },
  {
    "date": "2005-03-31",
    "symbol": "WEC",
    "reportedCurrency": "USD",
    "cik": "0000783325",
    "fillingDate": "2005-05-02",
    "acceptedDate": "2005-05-02 17:02:12",
    "calendarYear": "2005",
    "period": "Q1",
    "revenue": 1099100000,
    "costOfRevenue": 158000000,
    "grossProfit": 936700000,
    "grossProfitRatio": 0.8522427441,
    "researchAndDevelopmentExpenses": 0,
    "generalAndAdministrativeExpenses": 0,
    "sellingAndMarketingExpenses": 0,
    "sellingGeneralAndAdministrativeExpenses": 0,
    "otherExpenses": 769900000,
    "operatingExpenses": 769900000,
    "costAndExpenses": 932800000,
    "interestIncome": 0,
    "interestExpense": 0,
    "depreciationAndAmortization": 95300000,
    "ebitda": 254900000,
    "ebitdaratio": 0.231917023,
    "operatingIncome": 166300000,
    "operatingIncomeRatio": 0.1513056137,
    "totalOtherIncomeExpensesNet": -24700000,
    "incomeBeforeTax": 142000000,
    "incomeBeforeTaxRatio": 0.1291966154,
    "incomeTaxExpense": 52100000,
    "netIncome": 89900000,
    "netIncomeRatio": 0.0817941953,
    "eps": 0.39,
    "epsdiluted": 0.38,
    "weightedAverageShsOut": 234000000,
    "weightedAverageShsOutDil": 236600000,
    "link": "https://www.sec.gov/Archives/edgar/data/783325/000010781505000110/0000107815-05-000110-index.htm",
    "finalLink": "https://www.sec.gov/Archives/edgar/data/783325/000010781505000110/wec10-q050205.htm"
  },
  {
    "date": "2004-12-31",
    "symbol": "WEC",
    "reportedCurrency": "USD",
    "cik": "0000783325",
    "fillingDate": "2005-03-04",
    "acceptedDate": "2005-03-04 15:14:37",
    "calendarYear": "2004",
    "period": "Q4",
    "revenue": 952200000,
    "costOfRevenue": -461200000,
    "grossProfit": 1413400000,
    "grossProfitRatio": 1.4843520269,
    "researchAndDevelopmentExpenses": 0,
    "generalAndAdministrativeExpenses": 0,
    "sellingAndMarketingExpenses": 0,
    "sellingGeneralAndAdministrativeExpenses": 0,
    "otherExpenses": 1261800000,
    "operatingExpenses": 1261800000,
    "costAndExpenses": 800600000,
    "interestIncome": 0,
    "interestExpense": 0,
    "depreciationAndAmortization": 95600000,
    "ebitda": 247200000,
    "ebitdaratio": 0.2596093258,
    "operatingIncome": 151600000,
    "operatingIncomeRatio": 0.1592102499,
    "totalOtherIncomeExpensesNet": -15200000,
    "incomeBeforeTax": 136400000,
    "incomeBeforeTaxRatio": 0.143247217,
    "incomeTaxExpense": 51300000,
    "netIncome": 92600000,
    "netIncomeRatio": 0.0972484772,
    "eps": 0.4,
    "epsdiluted": 0.39,
    "weightedAverageShsOut": 234000000,
    "weightedAverageShsOutDil": 236600000,
    "link": "https://www.sec.gov/Archives/edgar/data/783325/000119312505042628/0001193125-05-042628-index.htm",
    "finalLink": "https://www.sec.gov/Archives/edgar/data/783325/000119312505042628/d10k.htm"
  },
  {
    "date": "2004-09-30",
    "symbol": "WEC",
    "reportedCurrency": "USD",
    "cik": "0000783325",
    "fillingDate": "2004-11-03",
    "acceptedDate": "2004-11-03 14:52:09",
    "calendarYear": "2004",
    "period": "Q3",
    "revenue": 696600000,
    "costOfRevenue": 160700000,
    "grossProfit": 529700000,
    "grossProfitRatio": 0.7604076945,
    "researchAndDevelopmentExpenses": 0,
    "generalAndAdministrativeExpenses": 0,
    "sellingAndMarketingExpenses": 0,
    "sellingGeneralAndAdministrativeExpenses": 0,
    "otherExpenses": 429200000,
    "operatingExpenses": 429200000,
    "costAndExpenses": 746400000,
    "interestIncome": 0,
    "interestExpense": 0,
    "depreciationAndAmortization": 98500000,
    "ebitda": 181600000,
    "ebitdaratio": 0.2606948033,
    "operatingIncome": -49800000,
    "operatingIncomeRatio": -0.0714900947,
    "totalOtherIncomeExpensesNet": 101000000,
    "incomeBeforeTax": -99100000,
    "incomeBeforeTaxRatio": -0.1422624175,
    "incomeTaxExpense": -32900000,
    "netIncome": 84400000,
    "netIncomeRatio": 0.1211599196,
    "eps": 0.36,
    "epsdiluted": 0.36,
    "weightedAverageShsOut": 234800000,
    "weightedAverageShsOutDil": 237400000,
    "link": "https://www.sec.gov/Archives/edgar/data/783325/000010781504000233/0000107815-04-000233-index.htm",
    "finalLink": "https://www.sec.gov/Archives/edgar/data/783325/000010781504000233/wec10-q110304.htm"
  },
  {
    "date": "2004-06-30",
    "symbol": "WEC",
    "reportedCurrency": "USD",
    "cik": "0000783325",
    "fillingDate": "2004-08-06",
    "acceptedDate": "2004-08-06 16:50:58",
    "calendarYear": "2004",
    "period": "Q2",
    "revenue": 716400000,
    "costOfRevenue": 152000000,
    "grossProfit": 563000000,
    "grossProfitRatio": 0.7858738135,
    "researchAndDevelopmentExpenses": 0,
    "generalAndAdministrativeExpenses": 0,
    "sellingAndMarketingExpenses": 0,
    "sellingGeneralAndAdministrativeExpenses": 0,
    "otherExpenses": 488600000,
    "operatingExpenses": 488600000,
    "costAndExpenses": 643000000,
    "interestIncome": 0,
    "interestExpense": 0,
    "depreciationAndAmortization": 93800000,
    "ebitda": 166800000,
    "ebitdaratio": 0.2328308208,
    "operatingIncome": 73400000,
    "operatingIncomeRatio": 0.1024567281,
    "totalOtherIncomeExpensesNet": -40500000,
    "incomeBeforeTax": 33000000,
    "incomeBeforeTaxRatio": 0.0460636516,
    "incomeTaxExpense": 12100000,
    "netIncome": 38600000,
    "netIncomeRatio": 0.0538805137,
    "eps": 0.17,
    "epsdiluted": 0.16,
    "weightedAverageShsOut": 236000000,
    "weightedAverageShsOutDil": 239000000,
    "link": "https://www.sec.gov/Archives/edgar/data/783325/000010781504000189/0000107815-04-000189-index.htm",
    "finalLink": "https://www.sec.gov/Archives/edgar/data/783325/000010781504000189/wec10q204.htm"
  },
  {
    "date": "2004-03-31",
    "symbol": "WEC",
    "reportedCurrency": "USD",
    "cik": "0000783325",
    "fillingDate": "2004-05-07",
    "acceptedDate": "2004-05-07 11:45:38",
    "calendarYear": "2004",
    "period": "Q1",
    "revenue": 1065900000,
    "costOfRevenue": 144100000,
    "grossProfit": 920900000,
    "grossProfitRatio": 0.8639647246,
    "researchAndDevelopmentExpenses": 0,
    "generalAndAdministrativeExpenses": 0,
    "sellingAndMarketingExpenses": 0,
    "sellingGeneralAndAdministrativeExpenses": 0,
    "otherExpenses": 737800000,
    "operatingExpenses": 737800000,
    "costAndExpenses": 884200000,
    "interestIncome": 0,
    "interestExpense": 0,
    "depreciationAndAmortization": 96300000,
    "ebitda": 277800000,
    "ebitdaratio": 0.2606248241,
    "operatingIncome": 181700000,
    "operatingIncomeRatio": 0.1704662726,
    "totalOtherIncomeExpensesNet": -49500000,
    "incomeBeforeTax": 132200000,
    "incomeBeforeTaxRatio": 0.1240266442,
    "incomeTaxExpense": 49800000,
    "netIncome": 90800000,
    "netIncomeRatio": 0.0851862276,
    "eps": 0.39,
    "epsdiluted": 0.38,
    "weightedAverageShsOut": 237000000,
    "weightedAverageShsOutDil": 240400000,
    "link": "https://www.sec.gov/Archives/edgar/data/783325/000010781504000138/0000107815-04-000138-index.htm",
    "finalLink": "https://www.sec.gov/Archives/edgar/data/783325/000010781504000138/wec10q104.htm"
  },
  {
    "date": "2003-12-31",
    "symbol": "WEC",
    "reportedCurrency": "USD",
    "cik": "0000783325",
    "fillingDate": "2004-03-02",
    "acceptedDate": "2004-03-01 19:39:27",
    "calendarYear": "2003",
    "period": "Q4",
    "revenue": 1032300000,
    "costOfRevenue": -490500000,
    "grossProfit": 1522800000,
    "grossProfitRatio": 1.4751525719,
    "researchAndDevelopmentExpenses": 0,
    "generalAndAdministrativeExpenses": 0,
    "sellingAndMarketingExpenses": 0,
    "sellingGeneralAndAdministrativeExpenses": 0,
    "otherExpenses": 1371400000,
    "operatingExpenses": 1371400000,
    "costAndExpenses": 880900000,
    "interestIncome": 0,
    "interestExpense": 0,
    "depreciationAndAmortization": 96000000,
    "ebitda": 247400000,
    "ebitdaratio": 0.2396590139,
    "operatingIncome": 151400000,
    "operatingIncomeRatio": 0.1466627918,
    "totalOtherIncomeExpensesNet": -40600000,
    "incomeBeforeTax": 110800000,
    "incomeBeforeTaxRatio": 0.1073331396,
    "incomeTaxExpense": 38700000,
    "netIncome": 72100000,
    "netIncomeRatio": 0.0698440376,
    "eps": 0.3,
    "epsdiluted": 0.3,
    "weightedAverageShsOut": 237000000,
    "weightedAverageShsOutDil": 240400000,
    "link": "https://www.sec.gov/Archives/edgar/data/783325/000010781504000107/0000107815-04-000107-index.htm",
    "finalLink": "https://www.sec.gov/Archives/edgar/data/783325/000010781504000107/wec10-k03.htm"
  },
  {
    "date": "2003-09-30",
    "symbol": "WEC",
    "reportedCurrency": "USD",
    "cik": "0000783325",
    "fillingDate": "2003-10-31",
    "acceptedDate": "2003-10-31 16:12:34",
    "calendarYear": "2003",
    "period": "Q3",
    "revenue": 878500000,
    "costOfRevenue": 245000000,
    "grossProfit": 450800000,
    "grossProfitRatio": 0.5131474104,
    "researchAndDevelopmentExpenses": 0,
    "generalAndAdministrativeExpenses": 0,
    "sellingAndMarketingExpenses": 0,
    "sellingGeneralAndAdministrativeExpenses": 0,
    "otherExpenses": 371800000,
    "operatingExpenses": 371800000,
    "costAndExpenses": 783500000,
    "interestIncome": 0,
    "interestExpense": 0,
    "depreciationAndAmortization": 84000000,
    "ebitda": 177400000,
    "ebitdaratio": 0.2019351167,
    "operatingIncome": 95000000,
    "operatingIncomeRatio": 0.1081388731,
    "totalOtherIncomeExpensesNet": -28900000,
    "incomeBeforeTax": 50100000,
    "incomeBeforeTaxRatio": 0.0570290268,
    "incomeTaxExpense": 19200000,
    "netIncome": 30900000,
    "netIncomeRatio": 0.0351735913,
    "eps": 0.13,
    "epsdiluted": 0.13,
    "weightedAverageShsOut": 234800000,
    "weightedAverageShsOutDil": 237600000,
    "link": "https://www.sec.gov/Archives/edgar/data/783325/000010781503000081/0000107815-03-000081-index.htm",
    "finalLink": "https://www.sec.gov/Archives/edgar/data/783325/000010781503000081/wec10q-093003.htm"
  },
  {
    "date": "2003-06-30",
    "symbol": "WEC",
    "reportedCurrency": "USD",
    "cik": "0000783325",
    "fillingDate": "2003-08-01",
    "acceptedDate": "2003-07-31 19:07:42",
    "calendarYear": "2003",
    "period": "Q2",
    "revenue": 914300000,
    "costOfRevenue": 282100000,
    "grossProfit": 426100000,
    "grossProfitRatio": 0.4660395931,
    "researchAndDevelopmentExpenses": 0,
    "generalAndAdministrativeExpenses": 0,
    "sellingAndMarketingExpenses": 0,
    "sellingGeneralAndAdministrativeExpenses": 0,
    "otherExpenses": 333500000,
    "operatingExpenses": 333500000,
    "costAndExpenses": 798000000,
    "interestIncome": 0,
    "interestExpense": 0,
    "depreciationAndAmortization": 110900000,
    "ebitda": 190800000,
    "ebitdaratio": 0.2086842393,
    "operatingIncome": 116300000,
    "operatingIncomeRatio": 0.1272011375,
    "totalOtherIncomeExpensesNet": -18400000,
    "incomeBeforeTax": 74200000,
    "incomeBeforeTaxRatio": 0.081154982,
    "incomeTaxExpense": 24900000,
    "netIncome": 49300000,
    "netIncomeRatio": 0.0539210325,
    "eps": 0.21,
    "epsdiluted": 0.21,
    "weightedAverageShsOut": 233400000,
    "weightedAverageShsOutDil": 235800000,
    "link": "https://www.sec.gov/Archives/edgar/data/783325/000010781503000054/0000107815-03-000054-index.htm",
    "finalLink": "https://www.sec.gov/Archives/edgar/data/783325/000010781503000054/wec10q-63003.htm"
  },
  {
    "date": "2003-03-31",
    "symbol": "WEC",
    "reportedCurrency": "USD",
    "cik": "0000783325",
    "fillingDate": "2003-05-01",
    "acceptedDate": "2003-04-30 17:43:03",
    "calendarYear": "2003",
    "period": "Q1",
    "revenue": 1229200000,
    "costOfRevenue": 139200000,
    "grossProfit": 912200000,
    "grossProfitRatio": 0.7421086886,
    "researchAndDevelopmentExpenses": 0,
    "generalAndAdministrativeExpenses": 0,
    "sellingAndMarketingExpenses": 0,
    "sellingGeneralAndAdministrativeExpenses": 0,
    "otherExpenses": 740000000,
    "operatingExpenses": 740000000,
    "costAndExpenses": 1041100000,
    "interestIncome": 0,
    "interestExpense": 0,
    "depreciationAndAmortization": 92500000,
    "ebitda": 265600000,
    "ebitdaratio": 0.2160754963,
    "operatingIncome": 188100000,
    "operatingIncomeRatio": 0.1530263586,
    "totalOtherIncomeExpensesNet": -27900000,
    "incomeBeforeTax": 144300000,
    "incomeBeforeTaxRatio": 0.1173934266,
    "incomeTaxExpense": 52300000,
    "netIncome": 92000000,
    "netIncomeRatio": 0.0748454279,
    "eps": 0.4,
    "epsdiluted": 0.4,
    "weightedAverageShsOut": 232400000,
    "weightedAverageShsOutDil": 233800000,
    "link": "https://www.sec.gov/Archives/edgar/data/783325/000010781503000022/0000107815-03-000022-index.htm",
    "finalLink": "https://www.sec.gov/Archives/edgar/data/783325/000010781503000022/wec10-k033103.htm"
  },
  {
    "date": "2002-12-31",
    "symbol": "WEC",
    "reportedCurrency": "USD",
    "cik": "0000783325",
    "fillingDate": "2003-02-28",
    "acceptedDate": "2003-02-28 14:48:53",
    "calendarYear": "2002",
    "period": "Q4",
    "revenue": 1009500000,
    "costOfRevenue": 130600000,
    "grossProfit": 878900000,
    "grossProfitRatio": 0.8706290243,
    "researchAndDevelopmentExpenses": 0,
    "generalAndAdministrativeExpenses": 0,
    "sellingAndMarketingExpenses": 0,
    "sellingGeneralAndAdministrativeExpenses": 0,
    "otherExpenses": 704500000,
    "operatingExpenses": 704500000,
    "costAndExpenses": 835100000,
    "interestIncome": 0,
    "interestExpense": 0,
    "depreciationAndAmortization": 118600000,
    "ebitda": 293000000,
    "ebitdaratio": 0.2902426944,
    "operatingIncome": 174400000,
    "operatingIncomeRatio": 0.1727587915,
    "totalOtherIncomeExpensesNet": -57000000,
    "incomeBeforeTax": 117400000,
    "incomeBeforeTaxRatio": 0.1162951956,
    "incomeTaxExpense": 43700000,
    "netIncome": 73700000,
    "netIncomeRatio": 0.0730064388,
    "eps": 0.32,
    "epsdiluted": 0.32,
    "weightedAverageShsOut": 232400000,
    "weightedAverageShsOutDil": 233800000,
    "link": "https://www.sec.gov/Archives/edgar/data/783325/000010781503000006/0000107815-03-000006-index.htm",
    "finalLink": "https://www.sec.gov/Archives/edgar/data/783325/000010781503000006/wec10-k02.htm"
  },
  {
    "date": "2002-09-30",
    "symbol": "WEC",
    "reportedCurrency": "USD",
    "cik": "0000783325",
    "fillingDate": "2002-10-25",
    "acceptedDate": "2002-10-25 13:41:08",
    "calendarYear": "2002",
    "period": "Q3",
    "revenue": 869800000,
    "costOfRevenue": 173000000,
    "grossProfit": 696800000,
    "grossProfitRatio": 0.801103702,
    "researchAndDevelopmentExpenses": 0,
    "generalAndAdministrativeExpenses": 0,
    "sellingAndMarketingExpenses": 0,
    "sellingGeneralAndAdministrativeExpenses": 0,
    "otherExpenses": 559800000,
    "operatingExpenses": 559800000,
    "costAndExpenses": 732800000,
    "interestIncome": 0,
    "interestExpense": 0,
    "depreciationAndAmortization": 76700000,
    "ebitda": 218400000,
    "ebitdaratio": 0.2510922051,
    "operatingIncome": 137000000,
    "operatingIncomeRatio": 0.157507473,
    "totalOtherIncomeExpensesNet": -52200000,
    "incomeBeforeTax": 84800000,
    "incomeBeforeTaxRatio": 0.0974936767,
    "incomeTaxExpense": 32700000,
    "netIncome": 52100000,
    "netIncomeRatio": 0.0598988273,
    "eps": 0.23,
    "epsdiluted": 0.23,
    "weightedAverageShsOut": 230600000,
    "weightedAverageShsOutDil": 232200000,
    "link": "https://www.sec.gov/Archives/edgar/data/783325/000010781502000040/0000107815-02-000040-index.htm",
    "finalLink": "https://www.sec.gov/Archives/edgar/data/783325/000010781502000040/wec2002q3.htm"
  },
  {
    "date": "2002-06-30",
    "symbol": "WEC",
    "reportedCurrency": "USD",
    "cik": "0000783325",
    "fillingDate": "2002-08-07",
    "acceptedDate": "2002-08-07 14:11:50",
    "calendarYear": "2002",
    "period": "Q2",
    "revenue": 870900000,
    "costOfRevenue": 240700000,
    "grossProfit": 630200000,
    "grossProfitRatio": 0.7236192445,
    "researchAndDevelopmentExpenses": 0,
    "generalAndAdministrativeExpenses": 0,
    "sellingAndMarketingExpenses": 0,
    "sellingGeneralAndAdministrativeExpenses": 0,
    "otherExpenses": 517900000,
    "operatingExpenses": 517900000,
    "costAndExpenses": 758600000,
    "interestIncome": 0,
    "interestExpense": 0,
    "depreciationAndAmortization": 104700000,
    "ebitda": 217000000,
    "ebitdaratio": 0.2491675278,
    "operatingIncome": 112300000,
    "operatingIncomeRatio": 0.1289470663,
    "totalOtherIncomeExpensesNet": -41100000,
    "incomeBeforeTax": 71200000,
    "incomeBeforeTaxRatio": 0.0817545068,
    "incomeTaxExpense": 25800000,
    "netIncome": 45400000,
    "netIncomeRatio": 0.0521299805,
    "eps": 0.2,
    "epsdiluted": 0.2,
    "weightedAverageShsOut": 230600000,
    "weightedAverageShsOutDil": 232800000,
    "link": "https://www.sec.gov/Archives/edgar/data/783325/000010781502000028/0000107815-02-000028-index.htm",
    "finalLink": "https://www.sec.gov/Archives/edgar/data/783325/000010781502000028/wec2002q2.htm"
  },
  {
    "date": "2002-03-31",
    "symbol": "WEC",
    "reportedCurrency": "USD",
    "cik": "0000783325",
    "fillingDate": "2002-05-14",
    "acceptedDate": "2002-05-14 10:25:39",
    "calendarYear": "2002",
    "period": "Q1",
    "revenue": 986000000,
    "costOfRevenue": 348100000,
    "grossProfit": 637900000,
    "grossProfitRatio": 0.6469574037,
    "researchAndDevelopmentExpenses": 0,
    "generalAndAdministrativeExpenses": 0,
    "sellingAndMarketingExpenses": 0,
    "sellingGeneralAndAdministrativeExpenses": 0,
    "otherExpenses": 603600000,
    "operatingExpenses": 603600000,
    "costAndExpenses": 951700000,
    "interestIncome": 0,
    "interestExpense": 0,
    "depreciationAndAmortization": 89100000,
    "ebitda": 123400000,
    "ebitdaratio": 0.1251521298,
    "operatingIncome": 34300000,
    "operatingIncomeRatio": 0.0347870183,
    "totalOtherIncomeExpensesNet": -7200000,
    "incomeBeforeTax": -700000,
    "incomeBeforeTaxRatio": -0.0007099391,
    "incomeTaxExpense": 3500000,
    "netIncome": -4200000,
    "netIncomeRatio": -0.0042596349,
    "eps": -0.0182,
    "epsdiluted": -0.0181,
    "weightedAverageShsOut": 230200000,
    "weightedAverageShsOutDil": 232000000,
    "link": "https://www.sec.gov/Archives/edgar/data/783325/000010781502000013/0000107815-02-000013-index.htm",
    "finalLink": "https://www.sec.gov/Archives/edgar/data/783325/000010781502000013/wec2002q1.htm"
  },
  {
    "date": "2001-12-31",
    "symbol": "WEC",
    "reportedCurrency": "USD",
    "cik": "0000783325",
    "fillingDate": "2002-03-26",
    "acceptedDate": "2002-03-26 00:00:00",
    "calendarYear": "2001",
    "period": "Q4",
    "revenue": 892300000,
    "costOfRevenue": 135100000,
    "grossProfit": 757200000,
    "grossProfitRatio": 0.8485935224,
    "researchAndDevelopmentExpenses": 0,
    "generalAndAdministrativeExpenses": 0,
    "sellingAndMarketingExpenses": 0,
    "sellingGeneralAndAdministrativeExpenses": 0,
    "otherExpenses": 590300000,
    "operatingExpenses": 590300000,
    "costAndExpenses": 725400000,
    "interestIncome": 0,
    "interestExpense": 0,
    "depreciationAndAmortization": 97600000,
    "ebitda": 264500000,
    "ebitdaratio": 0.2964249692,
    "operatingIncome": 166900000,
    "operatingIncomeRatio": 0.1870447159,
    "totalOtherIncomeExpensesNet": -97600000,
    "incomeBeforeTax": 69300000,
    "incomeBeforeTaxRatio": 0.0776644626,
    "incomeTaxExpense": 32100000,
    "netIncome": 37200000,
    "netIncomeRatio": 0.0416900146,
    "eps": 0.16,
    "epsdiluted": 0.16,
    "weightedAverageShsOut": 230200000,
    "weightedAverageShsOutDil": 232000000,
    "link": "https://www.sec.gov/Archives/edgar/data/783325/000010781502000008/0000107815-02-000008-index.htm",
    "finalLink": "https://www.sec.gov/Archives/edgar/data/783325/000010781502000008/wec10-k123101.htm"
  },
  {
    "date": "2001-09-30",
    "symbol": "WEC",
    "reportedCurrency": "USD",
    "cik": "0000783325",
    "fillingDate": "2001-11-13",
    "acceptedDate": "2001-11-13 00:00:00",
    "calendarYear": "2001",
    "period": "Q3",
    "revenue": 822000000,
    "costOfRevenue": 181200000,
    "grossProfit": 640800000,
    "grossProfitRatio": 0.7795620438,
    "researchAndDevelopmentExpenses": 0,
    "generalAndAdministrativeExpenses": 0,
    "sellingAndMarketingExpenses": 0,
    "sellingGeneralAndAdministrativeExpenses": 0,
    "otherExpenses": 490300000,
    "operatingExpenses": 490300000,
    "costAndExpenses": 671500000,
    "interestIncome": 0,
    "interestExpense": 0,
    "depreciationAndAmortization": 102400000,
    "ebitda": 252900000,
    "ebitdaratio": 0.3076642336,
    "operatingIncome": 150500000,
    "operatingIncomeRatio": 0.1830900243,
    "totalOtherIncomeExpensesNet": -68600000,
    "incomeBeforeTax": 81900000,
    "incomeBeforeTaxRatio": 0.0996350365,
    "incomeTaxExpense": 34000000,
    "netIncome": 47900000,
    "netIncomeRatio": 0.0582725061,
    "eps": 0.21,
    "epsdiluted": 0.21,
    "weightedAverageShsOut": 235600000,
    "weightedAverageShsOutDil": 235600000,
    "link": "https://www.sec.gov/Archives/edgar/data/783325/000010781501500021/0000107815-01-500021-index.htm",
    "finalLink": "https://www.sec.gov/Archives/edgar/data/783325/000010781501500021/wec2001q3.htm"
  },
  {
    "date": "2001-06-30",
    "symbol": "WEC",
    "reportedCurrency": "USD",
    "cik": "0000783325",
    "fillingDate": "2001-08-14",
    "acceptedDate": "2001-08-14 00:00:00",
    "calendarYear": "2001",
    "period": "Q2",
    "revenue": 859200000,
    "costOfRevenue": 163300000,
    "grossProfit": 695900000,
    "grossProfitRatio": 0.8099394786,
    "researchAndDevelopmentExpenses": 0,
    "generalAndAdministrativeExpenses": 0,
    "sellingAndMarketingExpenses": 0,
    "sellingGeneralAndAdministrativeExpenses": 0,
    "otherExpenses": 592200000,
    "operatingExpenses": 592200000,
    "costAndExpenses": 755500000,
    "interestIncome": 0,
    "interestExpense": 0,
    "depreciationAndAmortization": 103700000,
    "ebitda": 207400000,
    "ebitdaratio": 0.2413873371,
    "operatingIncome": 103700000,
    "operatingIncomeRatio": 0.1206936685,
    "totalOtherIncomeExpensesNet": -27000000,
    "incomeBeforeTax": 76700000,
    "incomeBeforeTaxRatio": 0.0892690875,
    "incomeTaxExpense": 30600000,
    "netIncome": 46100000,
    "netIncomeRatio": 0.0536545624,
    "eps": 0.2,
    "epsdiluted": 0.2,
    "weightedAverageShsOut": 237000000,
    "weightedAverageShsOutDil": 237000000,
    "link": "https://www.sec.gov/Archives/edgar/data/783325/000010781501500008/0000107815-01-500008-index.htm",
    "finalLink": "https://www.sec.gov/Archives/edgar/data/783325/000010781501500008/wec10q2.txt"
  },
  {
    "date": "2001-03-31",
    "symbol": "WEC",
    "reportedCurrency": "USD",
    "cik": "0000783325",
    "fillingDate": "2001-05-15",
    "acceptedDate": "2001-05-15 00:00:00",
    "calendarYear": "2001",
    "period": "Q1",
    "revenue": 1355000000,
    "costOfRevenue": 180500000,
    "grossProfit": 1174500000,
    "grossProfitRatio": 0.8667896679,
    "researchAndDevelopmentExpenses": 0,
    "generalAndAdministrativeExpenses": 0,
    "sellingAndMarketingExpenses": 0,
    "sellingGeneralAndAdministrativeExpenses": 0,
    "otherExpenses": 990700000,
    "operatingExpenses": 990700000,
    "costAndExpenses": 1171200000,
    "interestIncome": 0,
    "interestExpense": 0,
    "depreciationAndAmortization": 106100000,
    "ebitda": 289900000,
    "ebitdaratio": 0.2139483395,
    "operatingIncome": 183800000,
    "operatingIncomeRatio": 0.1356457565,
    "totalOtherIncomeExpensesNet": -52800000,
    "incomeBeforeTax": 131000000,
    "incomeBeforeTaxRatio": 0.0966789668,
    "incomeTaxExpense": 53700000,
    "netIncome": 87800000,
    "netIncomeRatio": 0.064797048,
    "eps": 0.37,
    "epsdiluted": 0.37,
    "weightedAverageShsOut": 237400000,
    "weightedAverageShsOutDil": 237400000,
    "link": "https://www.sec.gov/Archives/edgar/data/783325/000095013101501499/0000950131-01-501499-index.htm",
    "finalLink": "https://www.sec.gov/Archives/edgar/data/783325/000095013101501499/d10q.txt"
  },
  {
    "date": "2000-12-31",
    "symbol": "WEC",
    "reportedCurrency": "USD",
    "cik": "0000783325",
    "fillingDate": "2001-03-23",
    "acceptedDate": "2001-03-23 00:00:00",
    "calendarYear": "2000",
    "period": "Q4",
    "revenue": 1120900000,
    "costOfRevenue": 189300000,
    "grossProfit": 931600000,
    "grossProfitRatio": 0.8311178517,
    "researchAndDevelopmentExpenses": 0,
    "generalAndAdministrativeExpenses": 0,
    "sellingAndMarketingExpenses": 0,
    "sellingGeneralAndAdministrativeExpenses": 0,
    "otherExpenses": 842700000,
    "operatingExpenses": 842700000,
    "costAndExpenses": 1032000000,
    "interestIncome": 0,
    "interestExpense": 0,
    "depreciationAndAmortization": 116700000,
    "ebitda": 205600000,
    "ebitdaratio": 0.1834240343,
    "operatingIncome": 88900000,
    "operatingIncomeRatio": 0.0793112677,
    "totalOtherIncomeExpensesNet": -20300000,
    "incomeBeforeTax": 68600000,
    "incomeBeforeTaxRatio": 0.0612008208,
    "incomeTaxExpense": 39700000,
    "netIncome": 28900000,
    "netIncomeRatio": 0.0257828531,
    "eps": 0.12,
    "epsdiluted": 0.12,
    "weightedAverageShsOut": 237400000,
    "weightedAverageShsOutDil": 237400000,
    "link": "https://www.sec.gov/Archives/edgar/data/783325/000010781501000007/0000107815-01-000007-index.htm",
    "finalLink": "https://www.sec.gov/Archives/edgar/data/783325/000010781501000007/0000107815-01-000007-0001.txt"
  },
  {
    "date": "2000-09-30",
    "symbol": "WEC",
    "reportedCurrency": "USD",
    "cik": "0000783325",
    "fillingDate": "2000-11-14",
    "acceptedDate": "2000-11-14 00:00:00",
    "calendarYear": "2000",
    "period": "Q3",
    "revenue": 850800000,
    "costOfRevenue": 169500000,
    "grossProfit": 681300000,
    "grossProfitRatio": 0.8007757405,
    "researchAndDevelopmentExpenses": 0,
    "generalAndAdministrativeExpenses": 0,
    "sellingAndMarketingExpenses": 0,
    "sellingGeneralAndAdministrativeExpenses": 0,
    "otherExpenses": 546600000,
    "operatingExpenses": 546600000,
    "costAndExpenses": 716100000,
    "interestIncome": 0,
    "interestExpense": 0,
    "depreciationAndAmortization": 108300000,
    "ebitda": 262800000,
    "ebitdaratio": 0.3088857546,
    "operatingIncome": 134700000,
    "operatingIncomeRatio": 0.1583215797,
    "totalOtherIncomeExpensesNet": -55600000,
    "incomeBeforeTax": 79100000,
    "incomeBeforeTaxRatio": 0.0929713211,
    "incomeTaxExpense": 34500000,
    "netIncome": 44600000,
    "netIncomeRatio": 0.0524212506,
    "eps": 0.19,
    "epsdiluted": 0.18,
    "weightedAverageShsOut": 243800000,
    "weightedAverageShsOutDil": 245600000,
    "link": "https://www.sec.gov/Archives/edgar/data/783325/000010781500000017/0000107815-00-000017-index.htm",
    "finalLink": "https://www.sec.gov/Archives/edgar/data/783325/000010781500000017/0000107815-00-000017-0001.txt"
  },
  {
    "date": "2000-06-30",
    "symbol": "WEC",
    "reportedCurrency": "USD",
    "cik": "0000783325",
    "fillingDate": "2000-08-14",
    "acceptedDate": "2000-08-14 00:00:00",
    "calendarYear": "2000",
    "period": "Q2",
    "revenue": 755000000,
    "costOfRevenue": 163000000,
    "grossProfit": 592000000,
    "grossProfitRatio": 0.7841059603,
    "researchAndDevelopmentExpenses": 0,
    "generalAndAdministrativeExpenses": 0,
    "sellingAndMarketingExpenses": 0,
    "sellingGeneralAndAdministrativeExpenses": 0,
    "otherExpenses": 489900000,
    "operatingExpenses": 489900000,
    "costAndExpenses": 652900000,
    "interestIncome": 0,
    "interestExpense": 0,
    "depreciationAndAmortization": 61778000,
    "ebitda": 185400000,
    "ebitdaratio": 0.2455629139,
    "operatingIncome": 102100000,
    "operatingIncomeRatio": 0.1352317881,
    "totalOtherIncomeExpensesNet": -51000000,
    "incomeBeforeTax": 50900000,
    "incomeBeforeTaxRatio": 0.0674172185,
    "incomeTaxExpense": 20800000,
    "netIncome": 30100000,
    "netIncomeRatio": 0.0398675497,
    "eps": 0.13,
    "epsdiluted": 0.13,
    "weightedAverageShsOut": 241600000,
    "weightedAverageShsOutDil": 243400000,
    "link": "https://www.sec.gov/Archives/edgar/data/783325/000010781500000013/0000107815-00-000013-index.htm",
    "finalLink": "https://www.sec.gov/Archives/edgar/data/783325/000010781500000013/0000107815-00-000013-0001.txt"
  },
  {
    "date": "2000-03-31",
    "symbol": "WEC",
    "reportedCurrency": "USD",
    "cik": "0000783325",
    "fillingDate": "2000-05-15",
    "acceptedDate": "2000-05-15 00:00:00",
    "calendarYear": "2000",
    "period": "Q1",
    "revenue": 627750000,
    "costOfRevenue": 229624000,
    "grossProfit": 398126000,
    "grossProfitRatio": 0.6342110713,
    "researchAndDevelopmentExpenses": 0,
    "generalAndAdministrativeExpenses": 0,
    "sellingAndMarketingExpenses": 0,
    "sellingGeneralAndAdministrativeExpenses": 0,
    "otherExpenses": 309527000,
    "operatingExpenses": 309527000,
    "costAndExpenses": 539151000,
    "interestIncome": 0,
    "interestExpense": 0,
    "depreciationAndAmortization": 113422000,
    "ebitda": 202021000,
    "ebitdaratio": 0.3218176025,
    "operatingIncome": 88599000,
    "operatingIncomeRatio": 0.1411373955,
    "totalOtherIncomeExpensesNet": -5778000,
    "incomeBeforeTax": 82821000,
    "incomeBeforeTaxRatio": 0.1319330944,
    "incomeTaxExpense": 32227000,
    "netIncome": 50594000,
    "netIncomeRatio": 0.0805957786,
    "eps": 0.21,
    "epsdiluted": 0.21,
    "weightedAverageShsOut": 239024000,
    "weightedAverageShsOutDil": 239024000,
    "link": "https://www.sec.gov/Archives/edgar/data/783325/000010781500000009/0000107815-00-000009-index.html",
    "finalLink": "https://www.sec.gov/Archives/edgar/data/783325/000010781500000009/"
  },
  {
    "date": "1999-12-31",
    "symbol": "WEC",
    "reportedCurrency": "USD",
    "cik": "0000783325",
    "fillingDate": "2000-04-14",
    "acceptedDate": "2000-04-14 00:00:00",
    "calendarYear": "1999",
    "period": "Q4",
    "revenue": 585700000,
    "costOfRevenue": 152100000,
    "grossProfit": 433600000,
    "grossProfitRatio": 0.7403107393,
    "researchAndDevelopmentExpenses": 0,
    "generalAndAdministrativeExpenses": 0,
    "sellingAndMarketingExpenses": 0,
    "sellingGeneralAndAdministrativeExpenses": 0,
    "otherExpenses": 315300000,
    "operatingExpenses": 315300000,
    "costAndExpenses": 467400000,
    "interestIncome": 0,
    "interestExpense": 0,
    "depreciationAndAmortization": 112600000,
    "ebitda": 198100000,
    "ebitdaratio": 0.3382277617,
    "operatingIncome": 118300000,
    "operatingIncomeRatio": 0.2019805361,
    "totalOtherIncomeExpensesNet": -61700000,
    "incomeBeforeTax": 56600000,
    "incomeBeforeTaxRatio": 0.0966365033,
    "incomeTaxExpense": 18900000,
    "netIncome": 37700000,
    "netIncomeRatio": 0.0643674236,
    "eps": 0.16,
    "epsdiluted": 0.16,
    "weightedAverageShsOut": 234894539,
    "weightedAverageShsOutDil": 239024000,
    "link": "https://www.sec.gov/Archives/edgar/data/783325/000095013100002628/0000950131-00-002628-index.html",
    "finalLink": "https://www.sec.gov/Archives/edgar/data/783325/000095013100002628/"
  },
  {
    "date": "1999-09-30",
    "symbol": "WEC",
    "reportedCurrency": "USD",
    "cik": "0000783325",
    "fillingDate": "1999-11-15",
    "acceptedDate": "1999-11-15 00:00:00",
    "calendarYear": "1999",
    "period": "Q3",
    "revenue": 591300000,
    "costOfRevenue": 168400000,
    "grossProfit": 422900000,
    "grossProfitRatio": 0.7152037883,
    "researchAndDevelopmentExpenses": 0,
    "generalAndAdministrativeExpenses": 0,
    "sellingAndMarketingExpenses": 0,
    "sellingGeneralAndAdministrativeExpenses": 0,
    "otherExpenses": 288000000,
    "operatingExpenses": 288000000,
    "costAndExpenses": 456400000,
    "interestIncome": 0,
    "interestExpense": 0,
    "depreciationAndAmortization": 85300000,
    "ebitda": 221600000,
    "ebitdaratio": 0.3747674615,
    "operatingIncome": 134900000,
    "operatingIncomeRatio": 0.2281413834,
    "totalOtherIncomeExpensesNet": -27700000,
    "incomeBeforeTax": 107200000,
    "incomeBeforeTaxRatio": 0.1812954507,
    "incomeTaxExpense": 38300000,
    "netIncome": 68900000,
    "netIncomeRatio": 0.1165229156,
    "eps": 0.3,
    "epsdiluted": 0.3,
    "weightedAverageShsOut": 233559322,
    "weightedAverageShsOutDil": 233559322,
    "link": "https://www.sec.gov/Archives/edgar/data/783325/000010781599000025/0000107815-99-000025-index.html",
    "finalLink": "https://www.sec.gov/Archives/edgar/data/783325/000010781599000025/"
  },
  {
    "date": "1999-06-30",
    "symbol": "WEC",
    "reportedCurrency": "USD",
    "cik": "0000783325",
    "fillingDate": "1999-08-16",
    "acceptedDate": "1999-08-16 00:00:00",
    "calendarYear": "1999",
    "period": "Q2",
    "revenue": 539000000,
    "costOfRevenue": 147200000,
    "grossProfit": 391800000,
    "grossProfitRatio": 0.7269016698,
    "researchAndDevelopmentExpenses": 0,
    "generalAndAdministrativeExpenses": 0,
    "sellingAndMarketingExpenses": 0,
    "sellingGeneralAndAdministrativeExpenses": 0,
    "otherExpenses": 289600000,
    "operatingExpenses": 289600000,
    "costAndExpenses": 436800000,
    "interestIncome": 0,
    "interestExpense": 0,
    "depreciationAndAmortization": 76000000,
    "ebitda": 182000000,
    "ebitdaratio": 0.3376623377,
    "operatingIncome": 102200000,
    "operatingIncomeRatio": 0.1896103896,
    "totalOtherIncomeExpensesNet": -27800000,
    "incomeBeforeTax": 74400000,
    "incomeBeforeTaxRatio": 0.1380333952,
    "incomeTaxExpense": 25500000,
    "netIncome": 48900000,
    "netIncomeRatio": 0.0907235622,
    "eps": 0.21,
    "epsdiluted": 0.21,
    "weightedAverageShsOut": 232857143,
    "weightedAverageShsOutDil": 232857143,
    "link": "https://www.sec.gov/Archives/edgar/data/783325/000010781599000020/0000107815-99-000020-index.html",
    "finalLink": "https://www.sec.gov/Archives/edgar/data/783325/000010781599000020/"
  },
  {
    "date": "1999-03-31",
    "symbol": "WEC",
    "reportedCurrency": "USD",
    "cik": "0000783325",
    "fillingDate": "1999-05-17",
    "acceptedDate": "1999-05-17 00:00:00",
    "calendarYear": "1999",
    "period": "Q1",
    "revenue": 536800000,
    "costOfRevenue": 189255000,
    "grossProfit": 367462000,
    "grossProfitRatio": 0.6845417288,
    "researchAndDevelopmentExpenses": 0,
    "generalAndAdministrativeExpenses": 0,
    "sellingAndMarketingExpenses": 0,
    "sellingGeneralAndAdministrativeExpenses": 0,
    "otherExpenses": 267146000,
    "operatingExpenses": 267146000,
    "costAndExpenses": 428500000,
    "interestIncome": 0,
    "interestExpense": 0,
    "depreciationAndAmortization": 76000000,
    "ebitda": 178377000,
    "ebitdaratio": 0.3322969449,
    "operatingIncome": 108300000,
    "operatingIncomeRatio": 0.2017511177,
    "totalOtherIncomeExpensesNet": -18416000,
    "incomeBeforeTax": 85800000,
    "incomeBeforeTaxRatio": 0.1598360656,
    "incomeTaxExpense": 32300000,
    "netIncome": 53511000,
    "netIncomeRatio": 0.0996851714,
    "eps": 0.23,
    "epsdiluted": 0.23,
    "weightedAverageShsOut": 231852000,
    "weightedAverageShsOutDil": 231852000,
    "link": "https://www.sec.gov/Archives/edgar/data/783325/000010781599000013/0000107815-99-000013-index.html",
    "finalLink": "https://www.sec.gov/Archives/edgar/data/783325/"
  },
  {
    "date": "1998-12-31",
    "symbol": "WEC",
    "reportedCurrency": "USD",
    "cik": "0000783325",
    "fillingDate": "1999-03-31",
    "acceptedDate": "1999-03-31 00:00:00",
    "calendarYear": "1998",
    "period": "Q4",
    "revenue": 497900000,
    "costOfRevenue": 104200000,
    "grossProfit": 393700000,
    "grossProfitRatio": 0.7907210283,
    "researchAndDevelopmentExpenses": 0,
    "generalAndAdministrativeExpenses": 0,
    "sellingAndMarketingExpenses": 0,
    "sellingGeneralAndAdministrativeExpenses": 0,
    "otherExpenses": 300300000,
    "operatingExpenses": 300300000,
    "costAndExpenses": 404500000,
    "interestIncome": 0,
    "interestExpense": 0,
    "depreciationAndAmortization": 71000000,
    "ebitda": 168400000,
    "ebitdaratio": 0.3382205262,
    "operatingIncome": 93400000,
    "operatingIncomeRatio": 0.1875878691,
    "totalOtherIncomeExpensesNet": -18800000,
    "incomeBeforeTax": 74600000,
    "incomeBeforeTaxRatio": 0.149829283,
    "incomeTaxExpense": 22600000,
    "netIncome": 52000000,
    "netIncomeRatio": 0.1044386423,
    "eps": 0.22,
    "epsdiluted": 0.22,
    "weightedAverageShsOut": 225781513,
    "weightedAverageShsOutDil": 232608696,
    "link": "https://www.sec.gov/Archives/edgar/data/783325/000010781599000002/0000107815-99-000002-index.html",
    "finalLink": "https://www.sec.gov/Archives/edgar/data/783325/"
  },
  {
    "date": "1998-09-30",
    "symbol": "WEC",
    "reportedCurrency": "USD",
    "cik": "0000783325",
    "fillingDate": "1998-11-16",
    "acceptedDate": "1998-11-16 00:00:00",
    "calendarYear": "1998",
    "period": "Q3",
    "revenue": 506300000,
    "costOfRevenue": 132500000,
    "grossProfit": 387100000,
    "grossProfitRatio": 0.7645664626,
    "researchAndDevelopmentExpenses": 0,
    "generalAndAdministrativeExpenses": 0,
    "sellingAndMarketingExpenses": 0,
    "sellingGeneralAndAdministrativeExpenses": 0,
    "otherExpenses": 269400000,
    "operatingExpenses": 269400000,
    "costAndExpenses": 385700000,
    "interestIncome": 0,
    "interestExpense": 0,
    "depreciationAndAmortization": 77500000,
    "ebitda": 192100000,
    "ebitdaratio": 0.3794193166,
    "operatingIncome": 120600000,
    "operatingIncomeRatio": 0.2381986964,
    "totalOtherIncomeExpensesNet": -23200000,
    "incomeBeforeTax": 94500000,
    "incomeBeforeTaxRatio": 0.1866482323,
    "incomeTaxExpense": 36300000,
    "netIncome": 58200000,
    "netIncomeRatio": 0.1149516097,
    "eps": 0.25,
    "epsdiluted": 0.25,
    "weightedAverageShsOut": 232800000,
    "weightedAverageShsOutDil": 232800000,
    "link": "https://www.sec.gov/Archives/edgar/data/783325/000010781598000020/0000107815-98-000020-index.html",
    "finalLink": "https://www.sec.gov/Archives/edgar/data/783325/"
  },
  {
    "date": "1998-06-30",
    "symbol": "WEC",
    "reportedCurrency": "USD",
    "cik": "0000783325",
    "fillingDate": "1998-08-14",
    "acceptedDate": "1998-08-14 00:00:00",
    "calendarYear": "1998",
    "period": "Q2",
    "revenue": 464900000,
    "costOfRevenue": 121700000,
    "grossProfit": 353900000,
    "grossProfitRatio": 0.7612389761,
    "researchAndDevelopmentExpenses": 0,
    "generalAndAdministrativeExpenses": 0,
    "sellingAndMarketingExpenses": 0,
    "sellingGeneralAndAdministrativeExpenses": 0,
    "otherExpenses": 286100000,
    "operatingExpenses": 286100000,
    "costAndExpenses": 396400000,
    "interestIncome": 0,
    "interestExpense": 0,
    "depreciationAndAmortization": 71800000,
    "ebitda": 135700000,
    "ebitdaratio": 0.2918907292,
    "operatingIncome": 68500000,
    "operatingIncomeRatio": 0.1473435147,
    "totalOtherIncomeExpensesNet": -25600000,
    "incomeBeforeTax": 42200000,
    "incomeBeforeTaxRatio": 0.0907722091,
    "incomeTaxExpense": 13300000,
    "netIncome": 28900000,
    "netIncomeRatio": 0.0621639062,
    "eps": 0.13,
    "epsdiluted": 0.13,
    "weightedAverageShsOut": 231200000,
    "weightedAverageShsOutDil": 231200000,
    "link": "https://www.sec.gov/Archives/edgar/data/783325/000010781598000018/0000107815-98-000018-index.html",
    "finalLink": "https://www.sec.gov/Archives/edgar/data/783325/"
  },
  {
    "date": "1998-03-31",
    "symbol": "WEC",
    "reportedCurrency": "USD",
    "cik": "0000783325",
    "fillingDate": "1998-05-15",
    "acceptedDate": "1998-05-15 00:00:00",
    "calendarYear": "1998",
    "period": "Q1",
    "revenue": 510600000,
    "costOfRevenue": 110500000,
    "grossProfit": 400100000,
    "grossProfitRatio": 0.7835879358,
    "researchAndDevelopmentExpenses": 0,
    "generalAndAdministrativeExpenses": 0,
    "sellingAndMarketingExpenses": 0,
    "sellingGeneralAndAdministrativeExpenses": 0,
    "otherExpenses": 308000000,
    "operatingExpenses": 308000000,
    "costAndExpenses": 418500000,
    "interestIncome": 0,
    "interestExpense": 0,
    "depreciationAndAmortization": 68800000,
    "ebitda": 163700000,
    "ebitdaratio": 0.3206032119,
    "operatingIncome": 92100000,
    "operatingIncomeRatio": 0.1803760282,
    "totalOtherIncomeExpensesNet": -19100000,
    "incomeBeforeTax": 73000000,
    "incomeBeforeTaxRatio": 0.142969056,
    "incomeTaxExpense": 24000000,
    "netIncome": 49000000,
    "netIncomeRatio": 0.0959655307,
    "eps": 0.22,
    "epsdiluted": 0.22,
    "weightedAverageShsOut": 227906977,
    "weightedAverageShsOutDil": 227906977,
    "link": "https://www.sec.gov/Archives/edgar/data/783325/000010781598000010/0000107815-98-000010-index.html",
    "finalLink": "https://www.sec.gov/Archives/edgar/data/783325/"
  },
  {
    "date": "1997-12-31",
    "symbol": "WEC",
    "reportedCurrency": "USD",
    "cik": "0000783325",
    "fillingDate": "1998-03-31",
    "acceptedDate": "1998-03-31 00:00:00",
    "calendarYear": "1997",
    "period": "Q4",
    "revenue": 475400000,
    "costOfRevenue": 110700000,
    "grossProfit": 364700000,
    "grossProfitRatio": 0.7671434581,
    "researchAndDevelopmentExpenses": 0,
    "generalAndAdministrativeExpenses": 0,
    "sellingAndMarketingExpenses": 0,
    "sellingGeneralAndAdministrativeExpenses": 0,
    "otherExpenses": 289500000,
    "operatingExpenses": 289500000,
    "costAndExpenses": 400200000,
    "interestIncome": 0,
    "interestExpense": 0,
    "depreciationAndAmortization": 116600000,
    "ebitda": 146700000,
    "ebitdaratio": 0.3085822465,
    "operatingIncome": 75200000,
    "operatingIncomeRatio": 0.1581825831,
    "totalOtherIncomeExpensesNet": -67100000,
    "incomeBeforeTax": 8100000,
    "incomeBeforeTaxRatio": 0.0170382836,
    "incomeTaxExpense": 5800000,
    "netIncome": 2300000,
    "netIncomeRatio": 0.0048380311,
    "eps": 0.01,
    "epsdiluted": 0.01,
    "weightedAverageShsOut": 225413105,
    "weightedAverageShsOutDil": 227906977,
    "link": "https://www.sec.gov/Archives/edgar/data/783325/000010781598000004/0000107815-98-000004-index.html",
    "finalLink": "https://www.sec.gov/Archives/edgar/data/783325/"
  },
  {
    "date": "1997-09-30",
    "symbol": "WEC",
    "reportedCurrency": "USD",
    "cik": "0000783325",
    "fillingDate": "1997-11-14",
    "acceptedDate": "1997-11-14 00:00:00",
    "calendarYear": "1997",
    "period": "Q3",
    "revenue": 400600000,
    "costOfRevenue": 119700000,
    "grossProfit": 280900000,
    "grossProfitRatio": 0.7011982027,
    "researchAndDevelopmentExpenses": 0,
    "generalAndAdministrativeExpenses": 0,
    "sellingAndMarketingExpenses": 0,
    "sellingGeneralAndAdministrativeExpenses": 0,
    "otherExpenses": 225000000,
    "operatingExpenses": 225000000,
    "costAndExpenses": 344700000,
    "interestIncome": 0,
    "interestExpense": 0,
    "depreciationAndAmortization": 70600000,
    "ebitda": 400600000,
    "ebitdaratio": 1,
    "operatingIncome": 55900000,
    "operatingIncomeRatio": 0.139540689,
    "totalOtherIncomeExpensesNet": -22300000,
    "incomeBeforeTax": 33600000,
    "incomeBeforeTaxRatio": 0.0838741887,
    "incomeTaxExpense": 9600000,
    "netIncome": 24000000,
    "netIncomeRatio": 0.0599101348,
    "eps": 0.11,
    "epsdiluted": 0.11,
    "weightedAverageShsOut": 228571429,
    "weightedAverageShsOutDil": 228571429,
    "link": "https://www.sec.gov/Archives/edgar/data/783325/000010781597000018/0000107815-97-000018-index.html",
    "finalLink": "https://www.sec.gov/Archives/edgar/data/783325/"
  },
  {
    "date": "1997-06-30",
    "symbol": "WEC",
    "reportedCurrency": "USD",
    "cik": "0000783325",
    "fillingDate": "1997-08-14",
    "acceptedDate": "1997-08-14 00:00:00",
    "calendarYear": "1997",
    "period": "Q2",
    "revenue": 403200000,
    "costOfRevenue": 109100000,
    "grossProfit": 294100000,
    "grossProfitRatio": 0.7294146825,
    "researchAndDevelopmentExpenses": 0,
    "generalAndAdministrativeExpenses": 0,
    "sellingAndMarketingExpenses": 0,
    "sellingGeneralAndAdministrativeExpenses": 0,
    "otherExpenses": 294700000,
    "operatingExpenses": 294700000,
    "costAndExpenses": 403800000,
    "interestIncome": 0,
    "interestExpense": 0,
    "depreciationAndAmortization": 66800000,
    "ebitda": 64300000,
    "ebitdaratio": 0.1594742063,
    "operatingIncome": -600000,
    "operatingIncomeRatio": -0.0014880952,
    "totalOtherIncomeExpensesNet": -23800000,
    "incomeBeforeTax": -24400000,
    "incomeBeforeTaxRatio": -0.060515873,
    "incomeTaxExpense": -13800000,
    "netIncome": -10600000,
    "netIncomeRatio": -0.0262896825,
    "eps": -0.045,
    "epsdiluted": -0.045,
    "weightedAverageShsOut": 235555556,
    "weightedAverageShsOutDil": 235555556,
    "link": "https://www.sec.gov/Archives/edgar/data/783325/000010781597000012/0000107815-97-000012-index.html",
    "finalLink": "https://www.sec.gov/Archives/edgar/data/783325/"
  },
  {
    "date": "1997-03-31",
    "symbol": "WEC",
    "reportedCurrency": "USD",
    "cik": "0000783325",
    "fillingDate": "1997-05-15",
    "acceptedDate": "1997-05-15 00:00:00",
    "calendarYear": "1997",
    "period": "Q1",
    "revenue": 510300000,
    "costOfRevenue": 105100000,
    "grossProfit": 405200000,
    "grossProfitRatio": 0.79404272,
    "researchAndDevelopmentExpenses": 0,
    "generalAndAdministrativeExpenses": 0,
    "sellingAndMarketingExpenses": 0,
    "sellingGeneralAndAdministrativeExpenses": 0,
    "otherExpenses": 317600000,
    "operatingExpenses": 317600000,
    "costAndExpenses": 422600000,
    "interestIncome": 0,
    "interestExpense": 0,
    "depreciationAndAmortization": 67200000,
    "ebitda": 510400000,
    "ebitdaratio": 1.0001959632,
    "operatingIncome": 87700000,
    "operatingIncomeRatio": 0.1718596904,
    "totalOtherIncomeExpensesNet": -20200000,
    "incomeBeforeTax": 67500000,
    "incomeBeforeTaxRatio": 0.1322751323,
    "incomeTaxExpense": 22400000,
    "netIncome": 45100000,
    "netIncomeRatio": 0.0883793847,
    "eps": 0.2,
    "epsdiluted": 0.2,
    "weightedAverageShsOut": 225500000,
    "weightedAverageShsOutDil": 225500000,
    "link": "https://www.sec.gov/Archives/edgar/data/783325/000010781597000008/0000107815-97-000008-index.html",
    "finalLink": "https://www.sec.gov/Archives/edgar/data/783325/"
  },
  {
    "date": "1996-12-31",
    "symbol": "WEC",
    "reportedCurrency": "USD",
    "cik": "0000783325",
    "fillingDate": "1997-03-28",
    "acceptedDate": "1997-03-28 00:00:00",
    "calendarYear": "1996",
    "period": "Q4",
    "revenue": 478000000,
    "costOfRevenue": 87800000,
    "grossProfit": 390200000,
    "grossProfitRatio": 0.8163179916,
    "researchAndDevelopmentExpenses": 0,
    "generalAndAdministrativeExpenses": 0,
    "sellingAndMarketingExpenses": 0,
    "sellingGeneralAndAdministrativeExpenses": 0,
    "otherExpenses": 279300000,
    "operatingExpenses": 279300000,
    "costAndExpenses": 367100000,
    "interestIncome": 0,
    "interestExpense": 0,
    "depreciationAndAmortization": 57600000,
    "ebitda": 172100000,
    "ebitdaratio": 0.360041841,
    "operatingIncome": 110900000,
    "operatingIncomeRatio": 0.2320083682,
    "totalOtherIncomeExpensesNet": -19100000,
    "incomeBeforeTax": 91800000,
    "incomeBeforeTaxRatio": 0.1920502092,
    "incomeTaxExpense": 35500000,
    "netIncome": 56300000,
    "netIncomeRatio": 0.1177824268,
    "eps": 0.25,
    "epsdiluted": 0.25,
    "weightedAverageShsOut": 220753772,
    "weightedAverageShsOutDil": 225500000,
    "link": "https://www.sec.gov/Archives/edgar/data/783325/000010781597000003/0000107815-97-000003-index.html",
    "finalLink": "https://www.sec.gov/Archives/edgar/data/783325/"
  },
  {
    "date": "1996-09-30",
    "symbol": "WEC",
    "reportedCurrency": "USD",
    "cik": "0000783325",
    "fillingDate": "1996-11-12",
    "acceptedDate": "1996-11-12 00:00:00",
    "calendarYear": "1996",
    "period": "Q3",
    "revenue": 398800000,
    "costOfRevenue": 84800000,
    "grossProfit": 314000000,
    "grossProfitRatio": 0.7873620863,
    "researchAndDevelopmentExpenses": 0,
    "generalAndAdministrativeExpenses": 0,
    "sellingAndMarketingExpenses": 0,
    "sellingGeneralAndAdministrativeExpenses": 0,
    "otherExpenses": 206400000,
    "operatingExpenses": 206400000,
    "costAndExpenses": 291200000,
    "interestIncome": 0,
    "interestExpense": 0,
    "depreciationAndAmortization": 65900000,
    "ebitda": 171500000,
    "ebitdaratio": 0.4300401204,
    "operatingIncome": 107600000,
    "operatingIncomeRatio": 0.2698094283,
    "totalOtherIncomeExpensesNet": -23900000,
    "incomeBeforeTax": 83700000,
    "incomeBeforeTaxRatio": 0.2098796389,
    "incomeTaxExpense": 30300000,
    "netIncome": 53400000,
    "netIncomeRatio": 0.1339017051,
    "eps": 0.24,
    "epsdiluted": 0.24,
    "weightedAverageShsOut": 222500000,
    "weightedAverageShsOutDil": 222500000,
    "link": "https://www.sec.gov/Archives/edgar/data/783325/000010781596000020/0000107815-96-000020-index.html",
    "finalLink": "https://www.sec.gov/Archives/edgar/data/783325/"
  },
  {
    "date": "1996-06-30",
    "symbol": "WEC",
    "reportedCurrency": "USD",
    "cik": "0000783325",
    "fillingDate": "1996-08-14",
    "acceptedDate": "1996-08-14 00:00:00",
    "calendarYear": "1996",
    "period": "Q2",
    "revenue": 401700000,
    "costOfRevenue": 77700000,
    "grossProfit": 324000000,
    "grossProfitRatio": 0.8065720687,
    "researchAndDevelopmentExpenses": 0,
    "generalAndAdministrativeExpenses": 0,
    "sellingAndMarketingExpenses": 0,
    "sellingGeneralAndAdministrativeExpenses": 0,
    "otherExpenses": 228900000,
    "operatingExpenses": 228900000,
    "costAndExpenses": 306600000,
    "interestIncome": 0,
    "interestExpense": 0,
    "depreciationAndAmortization": 66800000,
    "ebitda": 159700000,
    "ebitdaratio": 0.3975603684,
    "operatingIncome": 95100000,
    "operatingIncomeRatio": 0.2367438387,
    "totalOtherIncomeExpensesNet": -23200000,
    "incomeBeforeTax": 71900000,
    "incomeBeforeTaxRatio": 0.1789892955,
    "incomeTaxExpense": 26300000,
    "netIncome": 45600000,
    "netIncomeRatio": 0.1135175504,
    "eps": 0.21,
    "epsdiluted": 0.21,
    "weightedAverageShsOut": 222439024,
    "weightedAverageShsOutDil": 222439024,
    "link": "https://www.sec.gov/Archives/edgar/data/783325/000010781596000017/0000107815-96-000017-index.html",
    "finalLink": "https://www.sec.gov/Archives/edgar/data/783325/"
  },
  {
    "date": "1996-03-31",
    "symbol": "WEC",
    "reportedCurrency": "USD",
    "cik": "0000783325",
    "fillingDate": "1996-05-15",
    "acceptedDate": "1996-05-15 00:00:00",
    "calendarYear": "1996",
    "period": "Q1",
    "revenue": 495400000,
    "costOfRevenue": 81600000,
    "grossProfit": 413800000,
    "grossProfitRatio": 0.8352846185,
    "researchAndDevelopmentExpenses": 0,
    "generalAndAdministrativeExpenses": 0,
    "sellingAndMarketingExpenses": 0,
    "sellingGeneralAndAdministrativeExpenses": 0,
    "otherExpenses": 291100000,
    "operatingExpenses": 291100000,
    "costAndExpenses": 372600000,
    "interestIncome": 0,
    "interestExpense": 0,
    "depreciationAndAmortization": 69200000,
    "ebitda": 495500000,
    "ebitdaratio": 1.0002018571,
    "operatingIncome": 122800000,
    "operatingIncomeRatio": 0.2478805006,
    "totalOtherIncomeExpensesNet": -22600000,
    "incomeBeforeTax": 100200000,
    "incomeBeforeTaxRatio": 0.2022607994,
    "incomeTaxExpense": 37400000,
    "netIncome": 62800000,
    "netIncomeRatio": 0.1267662495,
    "eps": 0.28,
    "epsdiluted": 0.28,
    "weightedAverageShsOut": 220350877,
    "weightedAverageShsOutDil": 220350877,
    "link": "https://www.sec.gov/Archives/edgar/data/783325/000010781596000013/0000107815-96-000013-index.html",
    "finalLink": "https://www.sec.gov/Archives/edgar/data/783325/"
  },
  {
    "date": "1995-12-31",
    "symbol": "WEC",
    "reportedCurrency": "USD",
    "cik": "0000783325",
    "fillingDate": "1996-03-29",
    "acceptedDate": "1996-03-29 00:00:00",
    "calendarYear": "1995",
    "period": "Q4",
    "revenue": 467900000,
    "costOfRevenue": 84100000,
    "grossProfit": 383800000,
    "grossProfitRatio": 0.8202607395,
    "researchAndDevelopmentExpenses": 0,
    "generalAndAdministrativeExpenses": 0,
    "sellingAndMarketingExpenses": 0,
    "sellingGeneralAndAdministrativeExpenses": 0,
    "otherExpenses": 248400000,
    "operatingExpenses": 248400000,
    "costAndExpenses": 332500000,
    "interestIncome": 0,
    "interestExpense": 0,
    "depreciationAndAmortization": 70000000,
    "ebitda": 196600000,
    "ebitdaratio": 0.4201752511,
    "operatingIncome": 135400000,
    "operatingIncomeRatio": 0.2893780722,
    "totalOtherIncomeExpensesNet": -31200000,
    "incomeBeforeTax": 104200000,
    "incomeBeforeTaxRatio": 0.2226971575,
    "incomeTaxExpense": 42800000,
    "netIncome": 61400000,
    "netIncomeRatio": 0.1312246206,
    "eps": 0.28,
    "epsdiluted": 0.28,
    "weightedAverageShsOut": 219182166,
    "weightedAverageShsOutDil": 220350877,
    "link": "https://www.sec.gov/Archives/edgar/data/783325/000010781596000006/0000107815-96-000006-index.html",
    "finalLink": "https://www.sec.gov/Archives/edgar/data/783325/"
  },
  {
    "date": "1995-09-30",
    "symbol": "WEC",
    "reportedCurrency": "USD",
    "cik": "0000783325",
    "fillingDate": "1995-11-13",
    "acceptedDate": "1995-11-13 00:00:00",
    "calendarYear": "1995",
    "period": "Q3",
    "revenue": 426400000,
    "costOfRevenue": 94700000,
    "grossProfit": 331700000,
    "grossProfitRatio": 0.7779080675,
    "researchAndDevelopmentExpenses": 0,
    "generalAndAdministrativeExpenses": 0,
    "sellingAndMarketingExpenses": 0,
    "sellingGeneralAndAdministrativeExpenses": 0,
    "otherExpenses": 213000000,
    "operatingExpenses": 213000000,
    "costAndExpenses": 307700000,
    "interestIncome": 0,
    "interestExpense": 0,
    "depreciationAndAmortization": 62200000,
    "ebitda": 180400000,
    "ebitdaratio": 0.4230769231,
    "operatingIncome": 118700000,
    "operatingIncomeRatio": 0.2783771107,
    "totalOtherIncomeExpensesNet": -22700000,
    "incomeBeforeTax": 96000000,
    "incomeBeforeTaxRatio": 0.2251407129,
    "incomeTaxExpense": 37600000,
    "netIncome": 58400000,
    "netIncomeRatio": 0.1369606004,
    "eps": 0.27,
    "epsdiluted": 0.27,
    "weightedAverageShsOut": 220377358,
    "weightedAverageShsOutDil": 220377358,
    "link": "https://www.sec.gov/Archives/edgar/data/783325/000010781595000034/0000107815-95-000034-index.html",
    "finalLink": "https://www.sec.gov/Archives/edgar/data/783325/"
  }
]