[
  {
    "date": "2025-06-30",
    "symbol": "WELL",
    "reportedCurrency": "USD",
    "cik": "0000766704",
    "fillingDate": "2025-07-29",
    "acceptedDate": "2025-07-29 07:16:13",
    "calendarYear": "2025",
    "period": "Q2",
    "revenue": 2516141000,
    "costOfRevenue": 1514711000,
    "grossProfit": 1001430000,
    "grossProfitRatio": 0.3980023377,
    "researchAndDevelopmentExpenses": 0,
    "generalAndAdministrativeExpenses": 64175000,
    "sellingAndMarketingExpenses": 0,
    "sellingGeneralAndAdministrativeExpenses": 64175000,
    "otherExpenses": 493923000,
    "operatingExpenses": 558098000,
    "costAndExpenses": 2072809000,
    "interestIncome": 0,
    "interestExpense": 141157000,
    "depreciationAndAmortization": 508346000,
    "ebitda": 947716000,
    "ebitdaratio": 0.3766545675,
    "operatingIncome": 443332000,
    "operatingIncomeRatio": 0.1761952132,
    "totalOtherIncomeExpensesNet": -137661000,
    "incomeBeforeTax": 305671000,
    "incomeBeforeTaxRatio": 0.1214840504,
    "incomeTaxExpense": 1053000,
    "netIncome": 301888000,
    "netIncomeRatio": 0.1199805575,
    "eps": 0.46,
    "epsdiluted": 0.45,
    "weightedAverageShsOut": 656593000,
    "weightedAverageShsOutDil": 668140000,
    "link": "https://www.sec.gov/Archives/edgar/data/766704/000076670425000029/0000766704-25-000029-index.htm",
    "finalLink": "https://www.sec.gov/Archives/edgar/data/766704/000076670425000029/well-20250630.htm"
  },
  {
    "date": "2025-03-31",
    "symbol": "WELL",
    "reportedCurrency": "USD",
    "cik": "0000766704",
    "fillingDate": "2025-04-29",
    "acceptedDate": "2025-04-29 07:30:14",
    "calendarYear": "2025",
    "period": "Q1",
    "revenue": 2388587000,
    "costOfRevenue": 1462390000,
    "grossProfit": 926197000,
    "grossProfitRatio": 0.3877593741,
    "researchAndDevelopmentExpenses": 0,
    "generalAndAdministrativeExpenses": 63758000,
    "sellingAndMarketingExpenses": 0,
    "sellingGeneralAndAdministrativeExpenses": 63758000,
    "otherExpenses": 483862000,
    "operatingExpenses": 547620000,
    "costAndExpenses": 2010010000,
    "interestIncome": 0,
    "interestExpense": 144962000,
    "depreciationAndAmortization": 499638000,
    "ebitda": 843307000,
    "ebitdaratio": 0.3530568491,
    "operatingIncome": 378577000,
    "operatingIncomeRatio": 0.1584941223,
    "totalOtherIncomeExpensesNet": -126830000,
    "incomeBeforeTax": 251747000,
    "incomeBeforeTaxRatio": 0.1053957842,
    "incomeTaxExpense": -5519000,
    "netIncome": 257957000,
    "netIncomeRatio": 0.1079956476,
    "eps": 0.4,
    "epsdiluted": 0.4,
    "weightedAverageShsOut": 643393000,
    "weightedAverageShsOutDil": 653795000,
    "link": "https://www.sec.gov/Archives/edgar/data/766704/000076670425000020/0000766704-25-000020-index.htm",
    "finalLink": "https://www.sec.gov/Archives/edgar/data/766704/000076670425000020/well-20250331.htm"
  },
  {
    "date": "2024-12-31",
    "symbol": "WELL",
    "reportedCurrency": "USD",
    "cik": "0000766704",
    "fillingDate": "2025-02-12",
    "acceptedDate": "2025-02-12 07:48:13",
    "calendarYear": "2024",
    "period": "Q4",
    "revenue": 2219235000,
    "costOfRevenue": 1409300000,
    "grossProfit": 809935000,
    "grossProfitRatio": 0.3649613493,
    "researchAndDevelopmentExpenses": 0,
    "generalAndAdministrativeExpenses": 48707000,
    "sellingAndMarketingExpenses": 0,
    "sellingGeneralAndAdministrativeExpenses": 48707000,
    "otherExpenses": 480161000,
    "operatingExpenses": 528868000,
    "costAndExpenses": 1938168000,
    "interestIncome": 0,
    "interestExpense": 154469000,
    "depreciationAndAmortization": 484615000,
    "ebitda": 748327000,
    "ebitdaratio": 0.3372004317,
    "operatingIncome": 281067000,
    "operatingIncomeRatio": 0.1266503998,
    "totalOtherIncomeExpensesNet": -157200000,
    "incomeBeforeTax": 123867000,
    "incomeBeforeTaxRatio": 0.0558151796,
    "incomeTaxExpense": 114000,
    "netIncome": 119971000,
    "netIncomeRatio": 0.0540596196,
    "eps": 0.19,
    "epsdiluted": 0.19,
    "weightedAverageShsOut": 625675000,
    "weightedAverageShsOutDil": 634259000,
    "link": "https://www.sec.gov/Archives/edgar/data/766704/000076670425000009/0000766704-25-000009-index.htm",
    "finalLink": "https://www.sec.gov/Archives/edgar/data/766704/000076670425000009/well-20241231.htm"
  },
  {
    "date": "2024-09-30",
    "symbol": "WELL",
    "reportedCurrency": "USD",
    "cik": "0000766704",
    "fillingDate": "2024-10-29",
    "acceptedDate": "2024-10-29 07:30:04",
    "calendarYear": "2024",
    "period": "Q3",
    "revenue": 2011056000,
    "costOfRevenue": 1212701000,
    "grossProfit": 798355000,
    "grossProfitRatio": 0.3969829781,
    "researchAndDevelopmentExpenses": 0,
    "generalAndAdministrativeExpenses": 77901000,
    "sellingAndMarketingExpenses": 0,
    "sellingGeneralAndAdministrativeExpenses": 77901000,
    "otherExpenses": 407972000,
    "operatingExpenses": 485873000,
    "costAndExpenses": 1698574000,
    "interestIncome": 0,
    "interestExpense": 139050000,
    "depreciationAndAmortization": 418990000,
    "ebitda": 741906000,
    "ebitdaratio": 0.3689136454,
    "operatingIncome": 312482000,
    "operatingIncomeRatio": 0.155382048,
    "totalOtherIncomeExpensesNet": 139612000,
    "incomeBeforeTax": 452094000,
    "incomeBeforeTaxRatio": 0.2248042819,
    "incomeTaxExpense": -4706000,
    "netIncome": 449849000,
    "netIncomeRatio": 0.223687953,
    "eps": 0.74,
    "epsdiluted": 0.73,
    "weightedAverageShsOut": 611290000,
    "weightedAverageShsOutDil": 618306000,
    "link": "https://www.sec.gov/Archives/edgar/data/766704/000076670424000039/0000766704-24-000039-index.htm",
    "finalLink": "https://www.sec.gov/Archives/edgar/data/766704/000076670424000039/well-20240930.htm"
  },
  {
    "date": "2024-06-30",
    "symbol": "WELL",
    "reportedCurrency": "USD",
    "cik": "0000766704",
    "fillingDate": "2024-07-30",
    "acceptedDate": "2024-07-30 07:37:27",
    "calendarYear": "2024",
    "period": "Q2",
    "revenue": 1792737000,
    "costOfRevenue": 1111297000,
    "grossProfit": 681440000,
    "grossProfitRatio": 0.3801115278,
    "researchAndDevelopmentExpenses": 0,
    "generalAndAdministrativeExpenses": 55565000,
    "sellingAndMarketingExpenses": 0,
    "sellingGeneralAndAdministrativeExpenses": 55565000,
    "otherExpenses": 387208000,
    "operatingExpenses": 442773000,
    "costAndExpenses": 1554070000,
    "interestIncome": 0,
    "interestExpense": 133424000,
    "depreciationAndAmortization": 397065000,
    "ebitda": 620921000,
    "ebitdaratio": 0.3463536481,
    "operatingIncome": 238667000,
    "operatingIncomeRatio": 0.1331299572,
    "totalOtherIncomeExpensesNet": 23104000,
    "incomeBeforeTax": 261771000,
    "incomeBeforeTaxRatio": 0.146017514,
    "incomeTaxExpense": 1101000,
    "netIncome": 254714000,
    "netIncomeRatio": 0.1420810749,
    "eps": 0.42,
    "epsdiluted": 0.42,
    "weightedAverageShsOut": 600545000,
    "weightedAverageShsOutDil": 604563000,
    "link": "https://www.sec.gov/Archives/edgar/data/766704/000076670424000033/0000766704-24-000033-index.htm",
    "finalLink": "https://www.sec.gov/Archives/edgar/data/766704/000076670424000033/well-20240630.htm"
  },
  {
    "date": "2024-03-31",
    "symbol": "WELL",
    "reportedCurrency": "USD",
    "cik": "0000766704",
    "fillingDate": "2024-04-30",
    "acceptedDate": "2024-04-30 07:18:22",
    "calendarYear": "2024",
    "period": "Q1",
    "revenue": 1830590000,
    "costOfRevenue": 1096913000,
    "grossProfit": 733677000,
    "grossProfitRatio": 0.4007871779,
    "researchAndDevelopmentExpenses": 0,
    "generalAndAdministrativeExpenses": 53318000,
    "sellingAndMarketingExpenses": 0,
    "sellingGeneralAndAdministrativeExpenses": 53318000,
    "otherExpenses": 366877000,
    "operatingExpenses": 420195000,
    "costAndExpenses": 1517108000,
    "interestIncome": 0,
    "interestExpense": 147318000,
    "depreciationAndAmortization": 378963000,
    "ebitda": 667182000,
    "ebitdaratio": 0.3644628235,
    "operatingIncome": 313482000,
    "operatingIncomeRatio": 0.1712464287,
    "totalOtherIncomeExpensesNet": -175657000,
    "incomeBeforeTax": 137825000,
    "incomeBeforeTaxRatio": 0.0752899338,
    "incomeTaxExpense": 6191000,
    "netIncome": 127146000,
    "netIncomeRatio": 0.0694562955,
    "eps": 0.22,
    "epsdiluted": 0.22,
    "weightedAverageShsOut": 574049000,
    "weightedAverageShsOutDil": 577530000,
    "link": "https://www.sec.gov/Archives/edgar/data/766704/000076670424000022/0000766704-24-000022-index.htm",
    "finalLink": "https://www.sec.gov/Archives/edgar/data/766704/000076670424000022/well-20240331.htm"
  },
  {
    "date": "2023-12-31",
    "symbol": "WELL",
    "reportedCurrency": "USD",
    "cik": "0000766704",
    "fillingDate": "2024-02-15",
    "acceptedDate": "2024-02-15 07:25:22",
    "calendarYear": "2023",
    "period": "Q4",
    "revenue": 1717949000,
    "costOfRevenue": 1036078000,
    "grossProfit": 681871000,
    "grossProfitRatio": 0.3969099199,
    "researchAndDevelopmentExpenses": 0,
    "generalAndAdministrativeExpenses": 44327000,
    "sellingAndMarketingExpenses": 0,
    "sellingGeneralAndAdministrativeExpenses": 44327000,
    "otherExpenses": 383247000,
    "operatingExpenses": 427574000,
    "costAndExpenses": 1463652000,
    "interestIncome": 0,
    "interestExpense": 154574000,
    "depreciationAndAmortization": 392280000,
    "ebitda": 634317000,
    "ebitdaratio": 0.3692292379,
    "operatingIncome": 254297000,
    "operatingIncomeRatio": 0.1480236026,
    "totalOtherIncomeExpensesNet": -170625000,
    "incomeBeforeTax": 83672000,
    "incomeBeforeTaxRatio": 0.048704589,
    "incomeTaxExpense": -4768000,
    "netIncome": 83911000,
    "netIncomeRatio": 0.0488437084,
    "eps": 0.15,
    "epsdiluted": 0.15,
    "weightedAverageShsOut": 548892000,
    "weightedAverageShsOutDil": 552380000,
    "link": "https://www.sec.gov/Archives/edgar/data/766704/000076670424000008/0000766704-24-000008-index.htm",
    "finalLink": "https://www.sec.gov/Archives/edgar/data/766704/000076670424000008/well-20231231.htm"
  },
  {
    "date": "2023-09-30",
    "symbol": "WELL",
    "reportedCurrency": "USD",
    "cik": "0000766704",
    "fillingDate": "2023-10-31",
    "acceptedDate": "2023-10-31 08:23:50",
    "calendarYear": "2023",
    "period": "Q3",
    "revenue": 1626535000,
    "costOfRevenue": 995273000,
    "grossProfit": 631262000,
    "grossProfitRatio": 0.3881023157,
    "researchAndDevelopmentExpenses": 0,
    "generalAndAdministrativeExpenses": 46106000,
    "sellingAndMarketingExpenses": 0,
    "sellingGeneralAndAdministrativeExpenses": 46106000,
    "otherExpenses": 343373000,
    "operatingExpenses": 389479000,
    "costAndExpenses": 1384752000,
    "interestIncome": 0,
    "interestExpense": 156532000,
    "depreciationAndAmortization": 350042000,
    "ebitda": 578809000,
    "ebitdaratio": 0.3558540087,
    "operatingIncome": 241783000,
    "operatingIncomeRatio": 0.1486491222,
    "totalOtherIncomeExpensesNet": -102477000,
    "incomeBeforeTax": 139306000,
    "incomeBeforeTaxRatio": 0.0856458668,
    "incomeTaxExpense": 4584000,
    "netIncome": 127470000,
    "netIncomeRatio": 0.0783690483,
    "eps": 0.24,
    "epsdiluted": 0.24,
    "weightedAverageShsOut": 521847999,
    "weightedAverageShsOutDil": 525138000,
    "link": "https://www.sec.gov/Archives/edgar/data/766704/000076670423000031/0000766704-23-000031-index.htm",
    "finalLink": "https://www.sec.gov/Archives/edgar/data/766704/000076670423000031/well-20230930.htm"
  },
  {
    "date": "2023-06-30",
    "symbol": "WELL",
    "reportedCurrency": "USD",
    "cik": "0000766704",
    "fillingDate": "2023-08-01",
    "acceptedDate": "2023-08-01 07:32:55",
    "calendarYear": "2023",
    "period": "Q2",
    "revenue": 1581598000,
    "costOfRevenue": 958672000,
    "grossProfit": 622926000,
    "grossProfitRatio": 0.3938586164,
    "researchAndDevelopmentExpenses": 0,
    "generalAndAdministrativeExpenses": 44287000,
    "sellingAndMarketingExpenses": 0,
    "sellingGeneralAndAdministrativeExpenses": 44287000,
    "otherExpenses": 344401000,
    "operatingExpenses": 388688000,
    "costAndExpenses": 1347360000,
    "interestIncome": 0,
    "interestExpense": 152337000,
    "depreciationAndAmortization": 352073000,
    "ebitda": 656755000,
    "ebitdaratio": 0.4152477431,
    "operatingIncome": 234238000,
    "operatingIncomeRatio": 0.1481021094,
    "totalOtherIncomeExpensesNet": -122225000,
    "incomeBeforeTax": 112013000,
    "incomeBeforeTaxRatio": 0.0708226743,
    "incomeTaxExpense": 3503000,
    "netIncome": 103040000,
    "netIncomeRatio": 0.0651492984,
    "eps": 0.21,
    "epsdiluted": 0.2,
    "weightedAverageShsOut": 499023000,
    "weightedAverageShsOutDil": 501970000,
    "link": "https://www.sec.gov/Archives/edgar/data/766704/000076670423000025/0000766704-23-000025-index.htm",
    "finalLink": "https://www.sec.gov/Archives/edgar/data/766704/000076670423000025/well-20230630.htm"
  },
  {
    "date": "2023-03-31",
    "symbol": "WELL",
    "reportedCurrency": "USD",
    "cik": "0000766704",
    "fillingDate": "2023-05-03",
    "acceptedDate": "2023-05-03 07:32:26",
    "calendarYear": "2023",
    "period": "Q1",
    "revenue": 1552149000,
    "costOfRevenue": 957753000,
    "grossProfit": 594396000,
    "grossProfitRatio": 0.3829503482,
    "researchAndDevelopmentExpenses": 0,
    "generalAndAdministrativeExpenses": 44371000,
    "sellingAndMarketingExpenses": 0,
    "sellingGeneralAndAdministrativeExpenses": 44371000,
    "otherExpenses": 339889000,
    "operatingExpenses": 384260000,
    "costAndExpenses": 1342013000,
    "interestIncome": 0,
    "interestExpense": 144403000,
    "depreciationAndAmortization": 348822000,
    "ebitda": 531229000,
    "ebitdaratio": 0.3422538687,
    "operatingIncome": 210136000,
    "operatingIncomeRatio": 0.1353839097,
    "totalOtherIncomeExpensesNet": -178456000,
    "incomeBeforeTax": 31680000,
    "incomeBeforeTaxRatio": 0.0204104116,
    "incomeTaxExpense": 3045000,
    "netIncome": 25673000,
    "netIncomeRatio": 0.0165402935,
    "eps": 0.0522,
    "epsdiluted": 0.0519,
    "weightedAverageShsOut": 492061000,
    "weightedAverageShsOutDil": 494494000,
    "link": "https://www.sec.gov/Archives/edgar/data/766704/000076670423000017/0000766704-23-000017-index.htm",
    "finalLink": "https://www.sec.gov/Archives/edgar/data/766704/000076670423000017/well-20230331.htm"
  },
  {
    "date": "2022-12-31",
    "symbol": "WELL",
    "reportedCurrency": "USD",
    "cik": "0000766704",
    "fillingDate": "2023-02-21",
    "acceptedDate": "2023-02-21 16:09:46",
    "calendarYear": "2022",
    "period": "Q4",
    "revenue": 1509319000,
    "costOfRevenue": 938838000,
    "grossProfit": 570481000,
    "grossProfitRatio": 0.3779724498,
    "researchAndDevelopmentExpenses": 0,
    "generalAndAdministrativeExpenses": 41319000,
    "sellingAndMarketingExpenses": 0,
    "sellingGeneralAndAdministrativeExpenses": 41319000,
    "otherExpenses": 352755000,
    "operatingExpenses": 394074000,
    "costAndExpenses": 1332912000,
    "interestIncome": 0,
    "interestExpense": 140391000,
    "depreciationAndAmortization": 349383000,
    "ebitda": 496557000,
    "ebitdaratio": 0.3289940695,
    "operatingIncome": 176407000,
    "operatingIncomeRatio": 0.1168785393,
    "totalOtherIncomeExpensesNet": -178697000,
    "incomeBeforeTax": -2290000,
    "incomeBeforeTaxRatio": -0.0015172406,
    "incomeTaxExpense": -4088000,
    "netIncome": -3728000,
    "netIncomeRatio": -0.0024699881,
    "eps": -0.0077,
    "epsdiluted": -0.0077,
    "weightedAverageShsOut": 483305000,
    "weightedAverageShsOutDil": 483305000,
    "link": "https://www.sec.gov/Archives/edgar/data/766704/000076670423000010/0000766704-23-000010-index.htm",
    "finalLink": "https://www.sec.gov/Archives/edgar/data/766704/000076670423000010/well-20221231.htm"
  },
  {
    "date": "2022-09-30",
    "symbol": "WELL",
    "reportedCurrency": "USD",
    "cik": "0000766704",
    "fillingDate": "2022-11-08",
    "acceptedDate": "2022-11-07 17:39:48",
    "calendarYear": "2022",
    "period": "Q3",
    "revenue": 1468480000,
    "costOfRevenue": 912180000,
    "grossProfit": 556300000,
    "grossProfitRatio": 0.3788270865,
    "researchAndDevelopmentExpenses": 0,
    "generalAndAdministrativeExpenses": 34811000,
    "sellingAndMarketingExpenses": 0,
    "sellingGeneralAndAdministrativeExpenses": 34811000,
    "otherExpenses": 354189000,
    "operatingExpenses": 389000000,
    "costAndExpenses": 1301180000,
    "interestIncome": 0,
    "interestExpense": 139682000,
    "depreciationAndAmortization": 362513000,
    "ebitda": 508433000,
    "ebitdaratio": 0.3462307965,
    "operatingIncome": 167300000,
    "operatingIncomeRatio": 0.1139273262,
    "totalOtherIncomeExpensesNet": -166696000,
    "incomeBeforeTax": 604000,
    "incomeBeforeTaxRatio": 0.0004113097,
    "incomeTaxExpense": 3257000,
    "netIncome": -6767000,
    "netIncomeRatio": -0.0046081663,
    "eps": -0.0146,
    "epsdiluted": -0.0146,
    "weightedAverageShsOut": 462890758,
    "weightedAverageShsOutDil": 463366000,
    "link": "https://www.sec.gov/Archives/edgar/data/766704/000076670422000061/0000766704-22-000061-index.htm",
    "finalLink": "https://www.sec.gov/Archives/edgar/data/766704/000076670422000061/well-20220930.htm"
  },
  {
    "date": "2022-06-30",
    "symbol": "WELL",
    "reportedCurrency": "USD",
    "cik": "0000766704",
    "fillingDate": "2022-08-09",
    "acceptedDate": "2022-08-09 16:37:45",
    "calendarYear": "2022",
    "period": "Q2",
    "revenue": 1408550000,
    "costOfRevenue": 854083000,
    "grossProfit": 554467000,
    "grossProfitRatio": 0.3936438181,
    "researchAndDevelopmentExpenses": 0,
    "generalAndAdministrativeExpenses": 36554000,
    "sellingAndMarketingExpenses": 0,
    "sellingGeneralAndAdministrativeExpenses": 36554000,
    "otherExpenses": 310460000,
    "operatingExpenses": 347014000,
    "costAndExpenses": 1201097000,
    "interestIncome": 0,
    "interestExpense": 127750000,
    "depreciationAndAmortization": 315752000,
    "ebitda": 552829000,
    "ebitdaratio": 0.3924809201,
    "operatingIncome": 207453000,
    "operatingIncomeRatio": 0.1472812467,
    "totalOtherIncomeExpensesNet": -108716000,
    "incomeBeforeTax": 98737000,
    "incomeBeforeTaxRatio": 0.0700983281,
    "incomeTaxExpense": 3065000,
    "netIncome": 89784000,
    "netIncomeRatio": 0.0637421462,
    "eps": 0.2,
    "epsdiluted": 0.2,
    "weightedAverageShsOut": 454327000,
    "weightedAverageShsOutDil": 457082000,
    "link": "https://www.sec.gov/Archives/edgar/data/766704/000076670422000048/0000766704-22-000048-index.htm",
    "finalLink": "https://www.sec.gov/Archives/edgar/data/766704/000076670422000048/well-20220630.htm"
  },
  {
    "date": "2022-03-31",
    "symbol": "WELL",
    "reportedCurrency": "USD",
    "cik": "0000766704",
    "fillingDate": "2022-05-10",
    "acceptedDate": "2022-05-10 16:32:53",
    "calendarYear": "2022",
    "period": "Q1",
    "revenue": 1389719000,
    "costOfRevenue": 853669000,
    "grossProfit": 536050000,
    "grossProfitRatio": 0.3857254596,
    "researchAndDevelopmentExpenses": 0,
    "generalAndAdministrativeExpenses": 37706000,
    "sellingAndMarketingExpenses": 0,
    "sellingGeneralAndAdministrativeExpenses": 37706000,
    "otherExpenses": 303284000,
    "operatingExpenses": 340990000,
    "costAndExpenses": 1194659000,
    "interestIncome": 0,
    "interestExpense": 121696000,
    "depreciationAndAmortization": 309261000,
    "ebitda": 481671000,
    "ebitdaratio": 0.3465959665,
    "operatingIncome": 195060000,
    "operatingIncomeRatio": 0.14035931,
    "totalOtherIncomeExpensesNet": -124296000,
    "incomeBeforeTax": 70764000,
    "incomeBeforeTaxRatio": 0.0509196463,
    "incomeTaxExpense": 5013000,
    "netIncome": 61925000,
    "netIncomeRatio": 0.0445593678,
    "eps": 0.14,
    "epsdiluted": 0.14,
    "weightedAverageShsOut": 447379000,
    "weightedAverageShsOutDil": 449802000,
    "link": "https://www.sec.gov/Archives/edgar/data/766704/000076670422000031/0000766704-22-000031-index.htm",
    "finalLink": "https://www.sec.gov/Archives/edgar/data/766704/000076670422000031/well-20220331.htm"
  },
  {
    "date": "2021-12-31",
    "symbol": "WELL",
    "reportedCurrency": "USD",
    "cik": "0000766704",
    "fillingDate": "2022-02-16",
    "acceptedDate": "2022-02-16 08:17:37",
    "calendarYear": "2021",
    "period": "Q4",
    "revenue": 1296068000,
    "costOfRevenue": 785179000,
    "grossProfit": 510889000,
    "grossProfitRatio": 0.3941837928,
    "researchAndDevelopmentExpenses": 0,
    "generalAndAdministrativeExpenses": 33109000,
    "sellingAndMarketingExpenses": 0,
    "sellingGeneralAndAdministrativeExpenses": 33109000,
    "otherExpenses": 284462000,
    "operatingExpenses": 317571000,
    "costAndExpenses": 1102750000,
    "interestIncome": 0,
    "interestExpense": 121848000,
    "depreciationAndAmortization": 288207000,
    "ebitda": 478801000,
    "ebitdaratio": 0.3694258326,
    "operatingIncome": 193318000,
    "operatingIncomeRatio": 0.1491572973,
    "totalOtherIncomeExpensesNet": -125073000,
    "incomeBeforeTax": 68245000,
    "incomeBeforeTaxRatio": 0.0526554162,
    "incomeTaxExpense": 2051000,
    "netIncome": 58672000,
    "netIncomeRatio": 0.0452692297,
    "eps": 0.13,
    "epsdiluted": 0.13,
    "weightedAverageShsOut": 436909000,
    "weightedAverageShsOutDil": 438719000,
    "link": "https://www.sec.gov/Archives/edgar/data/766704/000076670422000013/0000766704-22-000013-index.htm",
    "finalLink": "https://www.sec.gov/Archives/edgar/data/766704/000076670422000013/well-20211231.htm"
  },
  {
    "date": "2021-09-30",
    "symbol": "WELL",
    "reportedCurrency": "USD",
    "cik": "0000766704",
    "fillingDate": "2021-11-05",
    "acceptedDate": "2021-11-05 08:02:37",
    "calendarYear": "2021",
    "period": "Q3",
    "revenue": 1233465000,
    "costOfRevenue": 729400000,
    "grossProfit": 504065000,
    "grossProfitRatio": 0.4086577244,
    "researchAndDevelopmentExpenses": 0,
    "generalAndAdministrativeExpenses": 32256000,
    "sellingAndMarketingExpenses": 0,
    "sellingGeneralAndAdministrativeExpenses": 32256000,
    "otherExpenses": 267483000,
    "operatingExpenses": 299739000,
    "costAndExpenses": 1029139000,
    "interestIncome": 0,
    "interestExpense": 122522000,
    "depreciationAndAmortization": 271732000,
    "ebitda": 485408000,
    "ebitdaratio": 0.3935320418,
    "operatingIncome": 204326000,
    "operatingIncomeRatio": 0.1656520453,
    "totalOtherIncomeExpensesNet": -9050000,
    "incomeBeforeTax": 195276000,
    "incomeBeforeTaxRatio": 0.1583149907,
    "incomeTaxExpense": 4940000,
    "netIncome": 179663000,
    "netIncomeRatio": 0.1456571528,
    "eps": 0.42,
    "epsdiluted": 0.42,
    "weightedAverageShsOut": 428031000,
    "weightedAverageShsOutDil": 429983000,
    "link": "https://www.sec.gov/Archives/edgar/data/766704/000076670421000065/0000766704-21-000065-index.htm",
    "finalLink": "https://www.sec.gov/Archives/edgar/data/766704/000076670421000065/well-20210930.htm"
  },
  {
    "date": "2021-06-30",
    "symbol": "WELL",
    "reportedCurrency": "USD",
    "cik": "0000766704",
    "fillingDate": "2021-07-30",
    "acceptedDate": "2021-07-30 08:35:20",
    "calendarYear": "2021",
    "period": "Q2",
    "revenue": 1134062000,
    "costOfRevenue": 642657000,
    "grossProfit": 491405000,
    "grossProfitRatio": 0.4333140516,
    "researchAndDevelopmentExpenses": 0,
    "generalAndAdministrativeExpenses": 31436000,
    "sellingAndMarketingExpenses": 0,
    "sellingGeneralAndAdministrativeExpenses": 31436000,
    "otherExpenses": 247082000,
    "operatingExpenses": 278518000,
    "costAndExpenses": 921175000,
    "interestIncome": 0,
    "interestExpense": 122341000,
    "depreciationAndAmortization": 245076000,
    "ebitda": 374261000,
    "ebitdaratio": 0.3300181119,
    "operatingIncome": 212887000,
    "operatingIncomeRatio": 0.1877207772,
    "totalOtherIncomeExpensesNet": -169351000,
    "incomeBeforeTax": 43536000,
    "incomeBeforeTaxRatio": 0.0383894355,
    "incomeTaxExpense": -2221000,
    "netIncome": 26257000,
    "netIncomeRatio": 0.0231530551,
    "eps": 0.0629,
    "epsdiluted": 0.0605,
    "weightedAverageShsOut": 417452000,
    "weightedAverageShsOutDil": 419305000,
    "link": "https://www.sec.gov/Archives/edgar/data/766704/000076670421000049/0000766704-21-000049-index.htm",
    "finalLink": "https://www.sec.gov/Archives/edgar/data/766704/000076670421000049/well-20210630.htm"
  },
  {
    "date": "2021-03-31",
    "symbol": "WELL",
    "reportedCurrency": "USD",
    "cik": "0000766704",
    "fillingDate": "2021-04-29",
    "acceptedDate": "2021-04-29 16:07:25",
    "calendarYear": "2021",
    "period": "Q1",
    "revenue": 1045886000,
    "costOfRevenue": 617326000,
    "grossProfit": 428560000,
    "grossProfitRatio": 0.4097578512,
    "researchAndDevelopmentExpenses": 0,
    "generalAndAdministrativeExpenses": 29926000,
    "sellingAndMarketingExpenses": 0,
    "sellingGeneralAndAdministrativeExpenses": 29926000,
    "otherExpenses": 245809000,
    "operatingExpenses": 275735000,
    "costAndExpenses": 893061000,
    "interestIncome": 0,
    "interestExpense": 123142000,
    "depreciationAndAmortization": 248163000,
    "ebitda": 375311000,
    "ebitdaratio": 0.3588450366,
    "operatingIncome": 152825000,
    "operatingIncomeRatio": 0.1461201316,
    "totalOtherIncomeExpensesNet": -76690000,
    "incomeBeforeTax": 76135000,
    "incomeBeforeTaxRatio": 0.0727947405,
    "incomeTaxExpense": 3943000,
    "netIncome": 71546000,
    "netIncomeRatio": 0.068407073,
    "eps": 0.17,
    "epsdiluted": 0.17,
    "weightedAverageShsOut": 417241000,
    "weightedAverageShsOutDil": 419079000,
    "link": "https://www.sec.gov/Archives/edgar/data/766704/000076670421000033/0000766704-21-000033-index.htm",
    "finalLink": "https://www.sec.gov/Archives/edgar/data/766704/000076670421000033/well-20210331.htm"
  },
  {
    "date": "2020-12-31",
    "symbol": "WELL",
    "reportedCurrency": "USD",
    "cik": "0000766704",
    "fillingDate": "2021-02-10",
    "acceptedDate": "2021-02-10 16:31:46",
    "calendarYear": "2020",
    "period": "Q4",
    "revenue": 1116679000,
    "costOfRevenue": 620561000,
    "grossProfit": 496118000,
    "grossProfitRatio": 0.4442798691,
    "researchAndDevelopmentExpenses": 0,
    "generalAndAdministrativeExpenses": 27848000,
    "sellingAndMarketingExpenses": 0,
    "sellingGeneralAndAdministrativeExpenses": 27848000,
    "otherExpenses": 325818000,
    "operatingExpenses": 353666000,
    "costAndExpenses": 974227000,
    "interestIncome": 0,
    "interestExpense": 121173000,
    "depreciationAndAmortization": 245836000,
    "ebitda": 336855000,
    "ebitdaratio": 0.3016578623,
    "operatingIncome": 142452000,
    "operatingIncomeRatio": 0.1275675463,
    "totalOtherIncomeExpensesNet": 13116000,
    "incomeBeforeTax": 155568000,
    "incomeBeforeTaxRatio": 0.1393130882,
    "incomeTaxExpense": 290000,
    "netIncome": 163729000,
    "netIncomeRatio": 0.1466213657,
    "eps": 0.39,
    "epsdiluted": 0.39,
    "weightedAverageShsOut": 417123000,
    "weightedAverageShsOutDil": 418753000,
    "link": "https://www.sec.gov/Archives/edgar/data/766704/000076670421000018/0000766704-21-000018-index.htm",
    "finalLink": "https://www.sec.gov/Archives/edgar/data/766704/000076670421000018/well-20201231.htm"
  },
  {
    "date": "2020-09-30",
    "symbol": "WELL",
    "reportedCurrency": "USD",
    "cik": "0000766704",
    "fillingDate": "2020-10-29",
    "acceptedDate": "2020-10-29 16:07:47",
    "calendarYear": "2020",
    "period": "Q3",
    "revenue": 1032752000,
    "costOfRevenue": 634717000,
    "grossProfit": 398035000,
    "grossProfitRatio": 0.3854119866,
    "researchAndDevelopmentExpenses": 0,
    "generalAndAdministrativeExpenses": 31003000,
    "sellingAndMarketingExpenses": 0,
    "sellingGeneralAndAdministrativeExpenses": 31003000,
    "otherExpenses": 258389000,
    "operatingExpenses": 289392000,
    "costAndExpenses": 924109000,
    "interestIncome": 0,
    "interestExpense": 124851000,
    "depreciationAndAmortization": 257833000,
    "ebitda": 301342000,
    "ebitdaratio": 0.2917854432,
    "operatingIncome": 108643000,
    "operatingIncomeRatio": 0.1051975692,
    "totalOtherIncomeExpensesNet": 288338000,
    "incomeBeforeTax": 396981000,
    "incomeBeforeTaxRatio": 0.3843914125,
    "incomeTaxExpense": 2003000,
    "netIncome": 325585000,
    "netIncomeRatio": 0.315259617,
    "eps": 0.78,
    "epsdiluted": 0.77,
    "weightedAverageShsOut": 417027000,
    "weightedAverageShsOutDil": 418987000,
    "link": "https://www.sec.gov/Archives/edgar/data/766704/000076670420000064/0000766704-20-000064-index.htm",
    "finalLink": "https://www.sec.gov/Archives/edgar/data/766704/000076670420000064/well-20200930.htm"
  },
  {
    "date": "2020-06-30",
    "symbol": "WELL",
    "reportedCurrency": "USD",
    "cik": "0000766704",
    "fillingDate": "2020-08-06",
    "acceptedDate": "2020-08-06 16:06:31",
    "calendarYear": "2020",
    "period": "Q2",
    "revenue": 1181934000,
    "costOfRevenue": 660764000,
    "grossProfit": 521170000,
    "grossProfitRatio": 0.4409467872,
    "researchAndDevelopmentExpenses": 0,
    "generalAndAdministrativeExpenses": 34062000,
    "sellingAndMarketingExpenses": 0,
    "sellingGeneralAndAdministrativeExpenses": 34062000,
    "otherExpenses": 266793000,
    "operatingExpenses": 300855000,
    "costAndExpenses": 961619000,
    "interestIncome": 0,
    "interestExpense": 126357000,
    "depreciationAndAmortization": 268655000,
    "ebitda": 399266000,
    "ebitdaratio": 0.3378073564,
    "operatingIncome": 220315000,
    "operatingIncomeRatio": 0.1864021172,
    "totalOtherIncomeExpensesNet": -58866000,
    "incomeBeforeTax": 161449000,
    "incomeBeforeTaxRatio": 0.1365973058,
    "incomeTaxExpense": 2233000,
    "netIncome": 179246000,
    "netIncomeRatio": 0.1516548301,
    "eps": 0.43,
    "epsdiluted": 0.42,
    "weightedAverageShsOut": 417084000,
    "weightedAverageShsOutDil": 419121000,
    "link": "https://www.sec.gov/Archives/edgar/data/766704/000076670420000050/0000766704-20-000050-index.htm",
    "finalLink": "https://www.sec.gov/Archives/edgar/data/766704/000076670420000050/well-20200630.htm"
  },
  {
    "date": "2020-03-31",
    "symbol": "WELL",
    "reportedCurrency": "USD",
    "cik": "0000766704",
    "fillingDate": "2020-05-07",
    "acceptedDate": "2020-05-07 08:54:22",
    "calendarYear": "2020",
    "period": "Q1",
    "revenue": 1255173000,
    "costOfRevenue": 681781000,
    "grossProfit": 573392000,
    "grossProfitRatio": 0.4568230834,
    "researchAndDevelopmentExpenses": 0,
    "generalAndAdministrativeExpenses": 35481000,
    "sellingAndMarketingExpenses": 0,
    "sellingGeneralAndAdministrativeExpenses": 35481000,
    "otherExpenses": 281873000,
    "operatingExpenses": 317354000,
    "costAndExpenses": 999135000,
    "interestIncome": 0,
    "interestExpense": 142007000,
    "depreciationAndAmortization": 277456000,
    "ebitda": 495153000,
    "ebitdaratio": 0.3944898432,
    "operatingIncome": 256038000,
    "operatingIncomeRatio": 0.2039862234,
    "totalOtherIncomeExpensesNet": 78784000,
    "incomeBeforeTax": 334822000,
    "incomeBeforeTaxRatio": 0.2667536666,
    "incomeTaxExpense": 5442000,
    "netIncome": 310284000,
    "netIncomeRatio": 0.2472041703,
    "eps": 0.76,
    "epsdiluted": 0.75,
    "weightedAverageShsOut": 410306000,
    "weightedAverageShsOutDil": 412420000,
    "link": "https://www.sec.gov/Archives/edgar/data/766704/000076670420000031/0000766704-20-000031-index.htm",
    "finalLink": "https://www.sec.gov/Archives/edgar/data/766704/000076670420000031/a1q2010-q.htm"
  },
  {
    "date": "2019-12-31",
    "symbol": "WELL",
    "reportedCurrency": "USD",
    "cik": "0000766704",
    "fillingDate": "2020-02-14",
    "acceptedDate": "2020-02-14 07:36:55",
    "calendarYear": "2019",
    "period": "Q4",
    "revenue": 1256985000,
    "costOfRevenue": 662520000,
    "grossProfit": 594465000,
    "grossProfitRatio": 0.4729292712,
    "researchAndDevelopmentExpenses": 0,
    "generalAndAdministrativeExpenses": 26507000,
    "sellingAndMarketingExpenses": 0,
    "sellingGeneralAndAdministrativeExpenses": 26507000,
    "otherExpenses": 262644000,
    "operatingExpenses": 289151000,
    "costAndExpenses": 951671000,
    "interestIncome": 0,
    "interestExpense": 131648000,
    "depreciationAndAmortization": 265656000,
    "ebitda": 563124000,
    "ebitdaratio": 0.4479957995,
    "operatingIncome": 305314000,
    "operatingIncomeRatio": 0.2428939088,
    "totalOtherIncomeExpensesNet": -82074000,
    "incomeBeforeTax": 223240000,
    "incomeBeforeTaxRatio": 0.1775995736,
    "incomeTaxExpense": -4832000,
    "netIncome": 224324000,
    "netIncomeRatio": 0.1784619546,
    "eps": 0.55,
    "epsdiluted": 0.55,
    "weightedAverageShsOut": 405974000,
    "weightedAverageShsOutDil": 407904000,
    "link": "https://www.sec.gov/Archives/edgar/data/766704/000076670420000015/0000766704-20-000015-index.htm",
    "finalLink": "https://www.sec.gov/Archives/edgar/data/766704/000076670420000015/a201910-k.htm"
  },
  {
    "date": "2019-09-30",
    "symbol": "WELL",
    "reportedCurrency": "USD",
    "cik": "0000766704",
    "fillingDate": "2019-10-30",
    "acceptedDate": "2019-10-30 17:33:17",
    "calendarYear": "2019",
    "period": "Q3",
    "revenue": 1261905000,
    "costOfRevenue": 655588000,
    "grossProfit": 606317000,
    "grossProfitRatio": 0.480477532,
    "researchAndDevelopmentExpenses": 0,
    "generalAndAdministrativeExpenses": 31019000,
    "sellingAndMarketingExpenses": 0,
    "sellingGeneralAndAdministrativeExpenses": 31019000,
    "otherExpenses": 272445000,
    "operatingExpenses": 303464000,
    "costAndExpenses": 959052000,
    "interestIncome": 15637000,
    "interestExpense": 137343000,
    "depreciationAndAmortization": 275825000,
    "ebitda": 491556000,
    "ebitdaratio": 0.3895348699,
    "operatingIncome": 302853000,
    "operatingIncomeRatio": 0.2399966717,
    "totalOtherIncomeExpensesNet": 349047000,
    "incomeBeforeTax": 651900000,
    "incomeBeforeTaxRatio": 0.5165999025,
    "incomeTaxExpense": 3968000,
    "netIncome": 589876000,
    "netIncomeRatio": 0.4674488175,
    "eps": 1.46,
    "epsdiluted": 1.45,
    "weightedAverageShsOut": 405023000,
    "weightedAverageShsOutDil": 406891000,
    "link": "https://www.sec.gov/Archives/edgar/data/766704/000076670419000061/0000766704-19-000061-index.htm",
    "finalLink": "https://www.sec.gov/Archives/edgar/data/766704/000076670419000061/a3q1910-q.htm"
  },
  {
    "date": "2019-06-30",
    "symbol": "WELL",
    "reportedCurrency": "USD",
    "cik": "0000766704",
    "fillingDate": "2019-08-01",
    "acceptedDate": "2019-08-01 16:13:17",
    "calendarYear": "2019",
    "period": "Q2",
    "revenue": 1317027000,
    "costOfRevenue": 701127000,
    "grossProfit": 615900000,
    "grossProfitRatio": 0.4676441713,
    "researchAndDevelopmentExpenses": 0,
    "generalAndAdministrativeExpenses": 33741000,
    "sellingAndMarketingExpenses": 0,
    "sellingGeneralAndAdministrativeExpenses": 33741000,
    "otherExpenses": 248052000,
    "operatingExpenses": 281793000,
    "costAndExpenses": 982920000,
    "interestIncome": 17356000,
    "interestExpense": 141336000,
    "depreciationAndAmortization": 251819000,
    "ebitda": 555525000,
    "ebitdaratio": 0.4218022865,
    "operatingIncome": 334107000,
    "operatingIncomeRatio": 0.2536827263,
    "totalOtherIncomeExpensesNet": -182468000,
    "incomeBeforeTax": 151639000,
    "incomeBeforeTaxRatio": 0.115137351,
    "incomeTaxExpense": 1599000,
    "netIncome": 137762000,
    "netIncomeRatio": 0.1046007409,
    "eps": 0.34,
    "epsdiluted": 0.34,
    "weightedAverageShsOut": 404607000,
    "weightedAverageShsOutDil": 406673000,
    "link": "https://www.sec.gov/Archives/edgar/data/766704/000076670419000041/0000766704-19-000041-index.htm",
    "finalLink": "https://www.sec.gov/Archives/edgar/data/766704/000076670419000041/a2q1910-q.htm"
  },
  {
    "date": "2019-03-31",
    "symbol": "WELL",
    "reportedCurrency": "USD",
    "cik": "0000766704",
    "fillingDate": "2019-04-30",
    "acceptedDate": "2019-04-30 16:28:06",
    "calendarYear": "2019",
    "period": "Q1",
    "revenue": 1264488000,
    "costOfRevenue": 670807000,
    "grossProfit": 593681000,
    "grossProfitRatio": 0.4695030716,
    "researchAndDevelopmentExpenses": 0,
    "generalAndAdministrativeExpenses": 35282000,
    "sellingAndMarketingExpenses": 0,
    "sellingGeneralAndAdministrativeExpenses": 35282000,
    "otherExpenses": 262622000,
    "operatingExpenses": 297904000,
    "costAndExpenses": 968711000,
    "interestIncome": 15119000,
    "interestExpense": 145232000,
    "depreciationAndAmortization": 249924000,
    "ebitda": 531470000,
    "ebitdaratio": 0.4203045027,
    "operatingIncome": 295777000,
    "operatingIncomeRatio": 0.2339104839,
    "totalOtherIncomeExpensesNet": -168662000,
    "incomeBeforeTax": 127115000,
    "incomeBeforeTaxRatio": 0.1005268536,
    "incomeTaxExpense": 2222000,
    "netIncome": 280470000,
    "netIncomeRatio": 0.2218051891,
    "eps": 0.72,
    "epsdiluted": 0.71,
    "weightedAverageShsOut": 391474000,
    "weightedAverageShsOutDil": 393452000,
    "link": "https://www.sec.gov/Archives/edgar/data/766704/000076670419000024/0000766704-19-000024-index.htm",
    "finalLink": "https://www.sec.gov/Archives/edgar/data/766704/000076670419000024/a1q1910-q.htm"
  },
  {
    "date": "2018-12-31",
    "symbol": "WELL",
    "reportedCurrency": "USD",
    "cik": "0000766704",
    "fillingDate": "2019-02-25",
    "acceptedDate": "2019-02-25 08:41:38",
    "calendarYear": "2018",
    "period": "Q4",
    "revenue": 1234049000,
    "costOfRevenue": 650644000,
    "grossProfit": 583405000,
    "grossProfitRatio": 0.4727567544,
    "researchAndDevelopmentExpenses": 0,
    "generalAndAdministrativeExpenses": 31101000,
    "sellingAndMarketingExpenses": 0,
    "sellingGeneralAndAdministrativeExpenses": 31101000,
    "otherExpenses": 242834000,
    "operatingExpenses": 273935000,
    "costAndExpenses": 924579000,
    "interestIncome": 13082000,
    "interestExpense": 144369000,
    "depreciationAndAmortization": 248348000,
    "ebitda": 476809000,
    "ebitdaratio": 0.3863776884,
    "operatingIncome": 309470000,
    "operatingIncomeRatio": 0.2507761037,
    "totalOtherIncomeExpensesNet": -225183000,
    "incomeBeforeTax": 84287000,
    "incomeBeforeTaxRatio": 0.0683011777,
    "incomeTaxExpense": 1504000,
    "netIncome": 113439000,
    "netIncomeRatio": 0.0919242267,
    "eps": 0.27,
    "epsdiluted": 0.26,
    "weightedAverageShsOut": 378240000,
    "weightedAverageShsOutDil": 380002000,
    "link": "https://www.sec.gov/Archives/edgar/data/766704/000076670419000014/0000766704-19-000014-index.htm",
    "finalLink": "https://www.sec.gov/Archives/edgar/data/766704/000076670419000014/a201810-k.htm"
  },
  {
    "date": "2018-09-30",
    "symbol": "WELL",
    "reportedCurrency": "USD",
    "cik": "0000766704",
    "fillingDate": "2018-10-30",
    "acceptedDate": "2018-10-30 16:23:30",
    "calendarYear": "2018",
    "period": "Q3",
    "revenue": 1232680000,
    "costOfRevenue": 657157000,
    "grossProfit": 575523000,
    "grossProfitRatio": 0.4668875945,
    "researchAndDevelopmentExpenses": 0,
    "generalAndAdministrativeExpenses": 28746000,
    "sellingAndMarketingExpenses": 0,
    "sellingGeneralAndAdministrativeExpenses": 28746000,
    "otherExpenses": 243149000,
    "operatingExpenses": 271895000,
    "costAndExpenses": 929052000,
    "interestIncome": 14622000,
    "interestExpense": 138032000,
    "depreciationAndAmortization": 247896000,
    "ebitda": 446828000,
    "ebitdaratio": 0.362484992,
    "operatingIncome": 303628000,
    "operatingIncomeRatio": 0.2463153454,
    "totalOtherIncomeExpensesNet": -242384000,
    "incomeBeforeTax": 61244000,
    "incomeBeforeTaxRatio": 0.0496836162,
    "incomeTaxExpense": 1741000,
    "netIncome": 76060000,
    "netIncomeRatio": 0.0617029562,
    "eps": 0.17,
    "epsdiluted": 0.17,
    "weightedAverageShsOut": 373023000,
    "weightedAverageShsOutDil": 374487000,
    "link": "https://www.sec.gov/Archives/edgar/data/766704/000076670418000061/0000766704-18-000061-index.htm",
    "finalLink": "https://www.sec.gov/Archives/edgar/data/766704/000076670418000061/a3q1810-q.htm"
  },
  {
    "date": "2018-06-30",
    "symbol": "WELL",
    "reportedCurrency": "USD",
    "cik": "0000766704",
    "fillingDate": "2018-08-02",
    "acceptedDate": "2018-08-02 16:20:50",
    "calendarYear": "2018",
    "period": "Q2",
    "revenue": 1110408000,
    "costOfRevenue": 568751000,
    "grossProfit": 541657000,
    "grossProfitRatio": 0.4877999798,
    "researchAndDevelopmentExpenses": 0,
    "generalAndAdministrativeExpenses": 32831000,
    "sellingAndMarketingExpenses": 0,
    "sellingGeneralAndAdministrativeExpenses": 32831000,
    "otherExpenses": 236275000,
    "operatingExpenses": 269106000,
    "costAndExpenses": 837857000,
    "interestIncome": 13462000,
    "interestExpense": 121416000,
    "depreciationAndAmortization": 240733000,
    "ebitda": 521259000,
    "ebitdaratio": 0.4694301554,
    "operatingIncome": 272551000,
    "operatingIncomeRatio": 0.2454512215,
    "totalOtherIncomeExpensesNet": -112192000,
    "incomeBeforeTax": 160359000,
    "incomeBeforeTaxRatio": 0.1444144855,
    "incomeTaxExpense": 3841000,
    "netIncome": 166108000,
    "netIncomeRatio": 0.1495918617,
    "eps": 0.42,
    "epsdiluted": 0.41,
    "weightedAverageShsOut": 371640000,
    "weightedAverageShsOutDil": 373075000,
    "link": "https://www.sec.gov/Archives/edgar/data/766704/000076670418000040/0000766704-18-000040-index.htm",
    "finalLink": "https://www.sec.gov/Archives/edgar/data/766704/000076670418000040/a2q1810-q.htm"
  },
  {
    "date": "2018-03-31",
    "symbol": "WELL",
    "reportedCurrency": "USD",
    "cik": "0000766704",
    "fillingDate": "2018-05-04",
    "acceptedDate": "2018-05-04 16:16:22",
    "calendarYear": "2018",
    "period": "Q1",
    "revenue": 1093951000,
    "costOfRevenue": 556465000,
    "grossProfit": 537486000,
    "grossProfitRatio": 0.4913254798,
    "researchAndDevelopmentExpenses": 0,
    "generalAndAdministrativeExpenses": 33705000,
    "sellingAndMarketingExpenses": 0,
    "sellingGeneralAndAdministrativeExpenses": 33705000,
    "otherExpenses": 228201000,
    "operatingExpenses": 261906000,
    "costAndExpenses": 818371000,
    "interestIncome": 14648000,
    "interestExpense": 122775000,
    "depreciationAndAmortization": 233090000,
    "ebitda": 475253000,
    "ebitdaratio": 0.4344371914,
    "operatingIncome": 275580000,
    "operatingIncomeRatio": 0.2519125628,
    "totalOtherIncomeExpensesNet": -158621000,
    "incomeBeforeTax": 116959000,
    "incomeBeforeTaxRatio": 0.1069142951,
    "incomeTaxExpense": 1588000,
    "netIncome": 449347000,
    "netIncomeRatio": 0.4107560576,
    "eps": 1.18,
    "epsdiluted": 1.17,
    "weightedAverageShsOut": 371426000,
    "weightedAverageShsOutDil": 373257000,
    "link": "https://www.sec.gov/Archives/edgar/data/766704/000076670418000030/0000766704-18-000030-index.htm",
    "finalLink": "https://www.sec.gov/Archives/edgar/data/766704/000076670418000030/10-Q.htm"
  },
  {
    "date": "2017-12-31",
    "symbol": "WELL",
    "reportedCurrency": "USD",
    "cik": "0000766704",
    "fillingDate": "2018-02-28",
    "acceptedDate": "2018-02-28 17:14:51",
    "calendarYear": "2017",
    "period": "Q4",
    "revenue": 1101891000,
    "costOfRevenue": 547904000,
    "grossProfit": 553987000,
    "grossProfitRatio": 0.5027602549,
    "researchAndDevelopmentExpenses": 0,
    "generalAndAdministrativeExpenses": 28365000,
    "sellingAndMarketingExpenses": 0,
    "sellingGeneralAndAdministrativeExpenses": 28365000,
    "otherExpenses": 301424000,
    "operatingExpenses": 329789000,
    "costAndExpenses": 877693000,
    "interestIncome": 11975000,
    "interestExpense": 127217000,
    "depreciationAndAmortization": 243061000,
    "ebitda": 309266000,
    "ebitdaratio": 0.2806684146,
    "operatingIncome": 224198000,
    "operatingIncomeRatio": 0.2034665861,
    "totalOtherIncomeExpensesNet": -344659000,
    "incomeBeforeTax": -120461000,
    "incomeBeforeTaxRatio": -0.1093220654,
    "incomeTaxExpense": 25663000,
    "netIncome": -99847000,
    "netIncomeRatio": -0.0906142259,
    "eps": -0.3,
    "epsdiluted": -0.3,
    "weightedAverageShsOut": 370485000,
    "weightedAverageShsOutDil": 370485000,
    "link": "https://www.sec.gov/Archives/edgar/data/766704/000076670418000012/0000766704-18-000012-index.htm",
    "finalLink": "https://www.sec.gov/Archives/edgar/data/766704/000076670418000012/10-K.htm"
  },
  {
    "date": "2017-09-30",
    "symbol": "WELL",
    "reportedCurrency": "USD",
    "cik": "0000766704",
    "fillingDate": "2017-11-07",
    "acceptedDate": "2017-11-07 16:35:11",
    "calendarYear": "2017",
    "period": "Q3",
    "revenue": 1085447000,
    "costOfRevenue": 523997000,
    "grossProfit": 561450000,
    "grossProfitRatio": 0.5172523394,
    "researchAndDevelopmentExpenses": 0,
    "generalAndAdministrativeExpenses": 29913000,
    "sellingAndMarketingExpenses": 0,
    "sellingGeneralAndAdministrativeExpenses": 29913000,
    "otherExpenses": 230138000,
    "operatingExpenses": 260051000,
    "costAndExpenses": 784048000,
    "interestIncome": 20187000,
    "interestExpense": 122578000,
    "depreciationAndAmortization": 234576000,
    "ebitda": 442092000,
    "ebitdaratio": 0.4072902684,
    "operatingIncome": 301399000,
    "operatingIncomeRatio": 0.2776727007,
    "totalOtherIncomeExpensesNet": -213053000,
    "incomeBeforeTax": 88346000,
    "incomeBeforeTaxRatio": 0.0813913531,
    "incomeTaxExpense": 669000,
    "netIncome": 85719000,
    "netIncomeRatio": 0.078971152,
    "eps": 0.2,
    "epsdiluted": 0.2,
    "weightedAverageShsOut": 369089000,
    "weightedAverageShsOutDil": 370740000,
    "link": "https://www.sec.gov/Archives/edgar/data/766704/000076670417000050/0000766704-17-000050-index.htm",
    "finalLink": "https://www.sec.gov/Archives/edgar/data/766704/000076670417000050/10-Q.htm"
  },
  {
    "date": "2017-06-30",
    "symbol": "WELL",
    "reportedCurrency": "USD",
    "cik": "0000766704",
    "fillingDate": "2017-07-28",
    "acceptedDate": "2017-07-28 16:16:44",
    "calendarYear": "2017",
    "period": "Q2",
    "revenue": 1053540000,
    "costOfRevenue": 501855000,
    "grossProfit": 551685000,
    "grossProfitRatio": 0.5236488411,
    "researchAndDevelopmentExpenses": 0,
    "generalAndAdministrativeExpenses": 32632000,
    "sellingAndMarketingExpenses": 0,
    "sellingGeneralAndAdministrativeExpenses": 32632000,
    "otherExpenses": 224847000,
    "operatingExpenses": 257479000,
    "costAndExpenses": 759334000,
    "interestIncome": 20901000,
    "interestExpense": 116231000,
    "depreciationAndAmortization": 229316000,
    "ebitda": 502363000,
    "ebitdaratio": 0.4768333428,
    "operatingIncome": 294206000,
    "operatingIncomeRatio": 0.2792547032,
    "totalOtherIncomeExpensesNet": -141368000,
    "incomeBeforeTax": 152838000,
    "incomeBeforeTaxRatio": 0.1450709038,
    "incomeTaxExpense": -8448000,
    "netIncome": 200109000,
    "netIncomeRatio": 0.1899396321,
    "eps": 0.51,
    "epsdiluted": 0.51,
    "weightedAverageShsOut": 366524000,
    "weightedAverageShsOutDil": 368149000,
    "link": "https://www.sec.gov/Archives/edgar/data/766704/000076670417000035/0000766704-17-000035-index.htm",
    "finalLink": "https://www.sec.gov/Archives/edgar/data/766704/000076670417000035/10-Q.htm"
  },
  {
    "date": "2017-03-31",
    "symbol": "WELL",
    "reportedCurrency": "USD",
    "cik": "0000766704",
    "fillingDate": "2017-05-05",
    "acceptedDate": "2017-05-05 16:17:30",
    "calendarYear": "2017",
    "period": "Q1",
    "revenue": 1058226000,
    "costOfRevenue": 510169000,
    "grossProfit": 548057000,
    "grossProfitRatio": 0.5179016581,
    "researchAndDevelopmentExpenses": 0,
    "generalAndAdministrativeExpenses": 31101000,
    "sellingAndMarketingExpenses": 0,
    "sellingGeneralAndAdministrativeExpenses": 31101000,
    "otherExpenses": 228276000,
    "operatingExpenses": 259377000,
    "costAndExpenses": 769546000,
    "interestIncome": 20748000,
    "interestExpense": 118597000,
    "depreciationAndAmortization": 231645000,
    "ebitda": 469111000,
    "ebitdaratio": 0.4432994464,
    "operatingIncome": 288680000,
    "operatingIncomeRatio": 0.2727961702,
    "totalOtherIncomeExpensesNet": -192917000,
    "incomeBeforeTax": 95763000,
    "incomeBeforeTaxRatio": 0.0904939021,
    "incomeTaxExpense": 2245000,
    "netIncome": 336787000,
    "netIncomeRatio": 0.3182562137,
    "eps": 0.86,
    "epsdiluted": 0.86,
    "weightedAverageShsOut": 362534000,
    "weightedAverageShsOutDil": 364652000,
    "link": "https://www.sec.gov/Archives/edgar/data/766704/000076670417000024/0000766704-17-000024-index.htm",
    "finalLink": "https://www.sec.gov/Archives/edgar/data/766704/000076670417000024/10-Q.htm"
  },
  {
    "date": "2016-12-31",
    "symbol": "WELL",
    "reportedCurrency": "USD",
    "cik": "0000766704",
    "fillingDate": "2017-02-22",
    "acceptedDate": "2017-02-22 16:34:03",
    "calendarYear": "2016",
    "period": "Q4",
    "revenue": 1070406000,
    "costOfRevenue": 494835000,
    "grossProfit": 575571000,
    "grossProfitRatio": 0.5377127931,
    "researchAndDevelopmentExpenses": 0,
    "generalAndAdministrativeExpenses": 32807000,
    "sellingAndMarketingExpenses": 0,
    "sellingGeneralAndAdministrativeExpenses": 32807000,
    "otherExpenses": 238131000,
    "operatingExpenses": 270938000,
    "costAndExpenses": 765773000,
    "interestIncome": 23688000,
    "interestExpense": 126360000,
    "depreciationAndAmortization": 231279000,
    "ebitda": 494827000,
    "ebitdaratio": 0.4622797331,
    "operatingIncome": 304633000,
    "operatingIncomeRatio": 0.2845957515,
    "totalOtherIncomeExpensesNet": -170274000,
    "incomeBeforeTax": 134359000,
    "incomeBeforeTaxRatio": 0.1255215311,
    "incomeTaxExpense": -16585000,
    "netIncome": 349395000,
    "netIncomeRatio": 0.3264135291,
    "eps": 0.92,
    "epsdiluted": 0.92,
    "weightedAverageShsOut": 362088000,
    "weightedAverageShsOutDil": 364369000,
    "link": "https://www.sec.gov/Archives/edgar/data/766704/000076670417000012/0000766704-17-000012-index.htm",
    "finalLink": "https://www.sec.gov/Archives/edgar/data/766704/000076670417000012/10-k.htm"
  },
  {
    "date": "2016-09-30",
    "symbol": "WELL",
    "reportedCurrency": "USD",
    "cik": "0000766704",
    "fillingDate": "2016-11-02",
    "acceptedDate": "2016-11-02 16:17:44",
    "calendarYear": "2016",
    "period": "Q3",
    "revenue": 1076249000,
    "costOfRevenue": 473680000,
    "grossProfit": 602569000,
    "grossProfitRatio": 0.5598788013,
    "researchAndDevelopmentExpenses": 0,
    "generalAndAdministrativeExpenses": 36828000,
    "sellingAndMarketingExpenses": 0,
    "sellingGeneralAndAdministrativeExpenses": 36828000,
    "otherExpenses": 218061000,
    "operatingExpenses": 254889000,
    "costAndExpenses": 728569000,
    "interestIncome": 25080000,
    "interestExpense": 129699000,
    "depreciationAndAmortization": 220369000,
    "ebitda": 543902000,
    "ebitdaratio": 0.5053681815,
    "operatingIncome": 347680000,
    "operatingIncomeRatio": 0.3230479192,
    "totalOtherIncomeExpensesNet": -155595000,
    "incomeBeforeTax": 192085000,
    "incomeBeforeTaxRatio": 0.1784763563,
    "incomeTaxExpense": -305000,
    "netIncome": 351262000,
    "netIncomeRatio": 0.3263761453,
    "eps": 0.93,
    "epsdiluted": 0.93,
    "weightedAverageShsOut": 358932000,
    "weightedAverageShsOutDil": 361237000,
    "link": "https://www.sec.gov/Archives/edgar/data/766704/000076670416000092/0000766704-16-000092-index.htm",
    "finalLink": "https://www.sec.gov/Archives/edgar/data/766704/000076670416000092/10-Q.htm"
  },
  {
    "date": "2016-06-30",
    "symbol": "WELL",
    "reportedCurrency": "USD",
    "cik": "0000766704",
    "fillingDate": "2016-08-02",
    "acceptedDate": "2016-08-02 16:18:30",
    "calendarYear": "2016",
    "period": "Q2",
    "revenue": 1061855000,
    "costOfRevenue": 458832000,
    "grossProfit": 603023000,
    "grossProfitRatio": 0.567895805,
    "researchAndDevelopmentExpenses": 0,
    "generalAndAdministrativeExpenses": 39914000,
    "sellingAndMarketingExpenses": 0,
    "sellingGeneralAndAdministrativeExpenses": 39914000,
    "otherExpenses": 226569000,
    "operatingExpenses": 266483000,
    "costAndExpenses": 725315000,
    "interestIncome": 24007000,
    "interestExpense": 132326000,
    "depreciationAndAmortization": 228694000,
    "ebitda": 571685000,
    "ebitdaratio": 0.5383833009,
    "operatingIncome": 336540000,
    "operatingIncomeRatio": 0.3169359282,
    "totalOtherIncomeExpensesNet": -127834000,
    "incomeBeforeTax": 208706000,
    "incomeBeforeTaxRatio": 0.196548493,
    "incomeTaxExpense": -513000,
    "netIncome": 211826000,
    "netIncomeRatio": 0.1994867472,
    "eps": 0.55,
    "epsdiluted": 0.54,
    "weightedAverageShsOut": 356646000,
    "weightedAverageShsOutDil": 358891000,
    "link": "https://www.sec.gov/Archives/edgar/data/766704/000076670416000082/0000766704-16-000082-index.htm",
    "finalLink": "https://www.sec.gov/Archives/edgar/data/766704/000076670416000082/10-Q.htm"
  },
  {
    "date": "2016-03-31",
    "symbol": "WELL",
    "reportedCurrency": "USD",
    "cik": "0000766704",
    "fillingDate": "2016-05-05",
    "acceptedDate": "2016-05-05 08:30:52",
    "calendarYear": "2016",
    "period": "Q1",
    "revenue": 1043000000,
    "costOfRevenue": 449636000,
    "grossProfit": 593364000,
    "grossProfitRatio": 0.5689012464,
    "researchAndDevelopmentExpenses": 0,
    "generalAndAdministrativeExpenses": 45691000,
    "sellingAndMarketingExpenses": 0,
    "sellingGeneralAndAdministrativeExpenses": 45691000,
    "otherExpenses": 228696000,
    "operatingExpenses": 274387000,
    "costAndExpenses": 724023000,
    "interestIncome": 25188000,
    "interestExpense": 132960000,
    "depreciationAndAmortization": 230044000,
    "ebitda": 530573000,
    "ebitdaratio": 0.5086989453,
    "operatingIncome": 318977000,
    "operatingIncomeRatio": 0.3058264621,
    "totalOtherIncomeExpensesNet": -155228000,
    "incomeBeforeTax": 163749000,
    "incomeBeforeTaxRatio": 0.1569980825,
    "incomeTaxExpense": -1725000,
    "netIncome": 165321000,
    "netIncomeRatio": 0.1585052733,
    "eps": 0.42,
    "epsdiluted": 0.42,
    "weightedAverageShsOut": 355076000,
    "weightedAverageShsOutDil": 356051000,
    "link": "https://www.sec.gov/Archives/edgar/data/766704/000076670416000072/0000766704-16-000072-index.htm",
    "finalLink": "https://www.sec.gov/Archives/edgar/data/766704/000076670416000072/10-Q.htm"
  },
  {
    "date": "2015-12-31",
    "symbol": "WELL",
    "reportedCurrency": "USD",
    "cik": "0000766704",
    "fillingDate": "2016-02-18",
    "acceptedDate": "2016-02-18 17:23:14",
    "calendarYear": "2015",
    "period": "Q4",
    "revenue": 1022350000,
    "costOfRevenue": 438738000,
    "grossProfit": 583612000,
    "grossProfitRatio": 0.5708534259,
    "researchAndDevelopmentExpenses": 0,
    "generalAndAdministrativeExpenses": 36854000,
    "sellingAndMarketingExpenses": 0,
    "sellingGeneralAndAdministrativeExpenses": 36854000,
    "otherExpenses": 222809000,
    "operatingExpenses": 259663000,
    "costAndExpenses": 698401000,
    "interestIncome": 24191000,
    "interestExpense": 131098000,
    "depreciationAndAmortization": 225088000,
    "ebitda": 480171000,
    "ebitdaratio": 0.4696737908,
    "operatingIncome": 323949000,
    "operatingIncomeRatio": 0.3168670221,
    "totalOtherIncomeExpensesNet": -203237000,
    "incomeBeforeTax": 120712000,
    "incomeBeforeTaxRatio": 0.118073067,
    "incomeTaxExpense": 2682000,
    "netIncome": 149282000,
    "netIncomeRatio": 0.1460184868,
    "eps": 0.38,
    "epsdiluted": 0.37,
    "weightedAverageShsOut": 355076000,
    "weightedAverageShsOutDil": 356051000,
    "link": "https://www.sec.gov/Archives/edgar/data/766704/000076670416000055/0000766704-16-000055-index.htm",
    "finalLink": "https://www.sec.gov/Archives/edgar/data/766704/000076670416000055/10-K.htm"
  },
  {
    "date": "2015-09-30",
    "symbol": "WELL",
    "reportedCurrency": "USD",
    "cik": "0000766704",
    "fillingDate": "2015-10-30",
    "acceptedDate": "2015-10-30 16:23:25",
    "calendarYear": "2015",
    "period": "Q3",
    "revenue": 976925000,
    "costOfRevenue": 408703000,
    "grossProfit": 568222000,
    "grossProfitRatio": 0.581643422,
    "researchAndDevelopmentExpenses": 0,
    "generalAndAdministrativeExpenses": 36950000,
    "sellingAndMarketingExpenses": 0,
    "sellingGeneralAndAdministrativeExpenses": 36950000,
    "otherExpenses": 205799000,
    "operatingExpenses": 242749000,
    "costAndExpenses": 651452000,
    "interestIncome": 22380000,
    "interestExpense": 121130000,
    "depreciationAndAmortization": 209202000,
    "ebitda": 526830000,
    "ebitdaratio": 0.5392737416,
    "operatingIncome": 325473000,
    "operatingIncomeRatio": 0.3331606828,
    "totalOtherIncomeExpensesNet": -131606000,
    "incomeBeforeTax": 193867000,
    "incomeBeforeTaxRatio": 0.1984461448,
    "incomeTaxExpense": -3344000,
    "netIncome": 198395000,
    "netIncomeRatio": 0.2030810963,
    "eps": 0.52,
    "epsdiluted": 0.52,
    "weightedAverageShsOut": 351765000,
    "weightedAverageShsOutDil": 353107000,
    "link": "https://www.sec.gov/Archives/edgar/data/766704/000076670415000043/0000766704-15-000043-index.htm",
    "finalLink": "https://www.sec.gov/Archives/edgar/data/766704/000076670415000043/10-Q.htm"
  },
  {
    "date": "2015-06-30",
    "symbol": "WELL",
    "reportedCurrency": "USD",
    "cik": "0000766704",
    "fillingDate": "2015-08-04",
    "acceptedDate": "2015-08-04 16:25:20",
    "calendarYear": "2015",
    "period": "Q2",
    "revenue": 952755000,
    "costOfRevenue": 398354000,
    "grossProfit": 554401000,
    "grossProfitRatio": 0.5818925117,
    "researchAndDevelopmentExpenses": 0,
    "generalAndAdministrativeExpenses": 38474000,
    "sellingAndMarketingExpenses": 0,
    "sellingGeneralAndAdministrativeExpenses": 38474000,
    "otherExpenses": 208802000,
    "operatingExpenses": 247276000,
    "costAndExpenses": 645630000,
    "interestIncome": 20576000,
    "interestExpense": 118861000,
    "depreciationAndAmortization": 210697000,
    "ebitda": 480275000,
    "ebitdaratio": 0.5040907684,
    "operatingIncome": 307125000,
    "operatingIncomeRatio": 0.3223546452,
    "totalOtherIncomeExpensesNet": -159360000,
    "incomeBeforeTax": 147765000,
    "incomeBeforeTaxRatio": 0.1550923375,
    "incomeTaxExpense": 7417000,
    "netIncome": 328925000,
    "netIncomeRatio": 0.3452356587,
    "eps": 0.89,
    "epsdiluted": 0.89,
    "weightedAverageShsOut": 350399000,
    "weightedAverageShsOutDil": 351366000,
    "link": "https://www.sec.gov/Archives/edgar/data/766704/000076670415000031/0000766704-15-000031-index.htm",
    "finalLink": "https://www.sec.gov/Archives/edgar/data/766704/000076670415000031/10-Q.htm"
  },
  {
    "date": "2015-03-31",
    "symbol": "WELL",
    "reportedCurrency": "USD",
    "cik": "0000766704",
    "fillingDate": "2015-05-08",
    "acceptedDate": "2015-05-08 16:28:18",
    "calendarYear": "2015",
    "period": "Q1",
    "revenue": 889091000,
    "costOfRevenue": 376461000,
    "grossProfit": 512630000,
    "grossProfitRatio": 0.5765776507,
    "researchAndDevelopmentExpenses": 0,
    "generalAndAdministrativeExpenses": 35138000,
    "sellingAndMarketingExpenses": 0,
    "sellingGeneralAndAdministrativeExpenses": 35138000,
    "otherExpenses": 188829000,
    "operatingExpenses": 223967000,
    "costAndExpenses": 600428000,
    "interestIncome": 16994000,
    "interestExpense": 121080000,
    "depreciationAndAmortization": 190262000,
    "ebitda": 476263000,
    "ebitdaratio": 0.5356740761,
    "operatingIncome": 288663000,
    "operatingIncomeRatio": 0.3246720527,
    "totalOtherIncomeExpensesNet": -136390000,
    "incomeBeforeTax": 152273000,
    "incomeBeforeTaxRatio": 0.1712681829,
    "incomeTaxExpense": -304000,
    "netIncome": 207151000,
    "netIncomeRatio": 0.2329918985,
    "eps": 0.57,
    "epsdiluted": 0.56,
    "weightedAverageShsOut": 336754000,
    "weightedAverageShsOutDil": 337812000,
    "link": "https://www.sec.gov/Archives/edgar/data/766704/000076670415000021/0000766704-15-000021-index.htm",
    "finalLink": "https://www.sec.gov/Archives/edgar/data/766704/000076670415000021/10-Q.htm"
  },
  {
    "date": "2014-12-31",
    "symbol": "WELL",
    "reportedCurrency": "USD",
    "cik": "0000766704",
    "fillingDate": "2015-02-20",
    "acceptedDate": "2015-02-20 16:36:34",
    "calendarYear": "2014",
    "period": "Q4",
    "revenue": 864033000,
    "costOfRevenue": 363016000,
    "grossProfit": 501017000,
    "grossProfitRatio": 0.5798586397,
    "researchAndDevelopmentExpenses": 0,
    "generalAndAdministrativeExpenses": 27616000,
    "sellingAndMarketingExpenses": 0,
    "sellingGeneralAndAdministrativeExpenses": 27616000,
    "otherExpenses": 195393000,
    "operatingExpenses": 223009000,
    "costAndExpenses": 586025000,
    "interestIncome": 10796000,
    "interestExpense": 120705000,
    "depreciationAndAmortization": 196974000,
    "ebitda": 426138000,
    "ebitdaratio": 0.4931964404,
    "operatingIncome": 278008000,
    "operatingIncomeRatio": 0.3217562292,
    "totalOtherIncomeExpensesNet": -177270000,
    "incomeBeforeTax": 100738000,
    "incomeBeforeTaxRatio": 0.1165904543,
    "incomeTaxExpense": 5102000,
    "netIncome": 204989000,
    "netIncomeRatio": 0.2372467255,
    "eps": 0.58,
    "epsdiluted": 0.58,
    "weightedAverageShsOut": 336754000,
    "weightedAverageShsOutDil": 337812000,
    "link": "https://www.sec.gov/Archives/edgar/data/766704/000076670415000012/0000766704-15-000012-index.htm",
    "finalLink": "https://www.sec.gov/Archives/edgar/data/766704/000076670415000012/10-K.htm"
  },
  {
    "date": "2014-09-30",
    "symbol": "WELL",
    "reportedCurrency": "USD",
    "cik": "0000766704",
    "fillingDate": "2014-11-04",
    "acceptedDate": "2014-11-04 16:16:36",
    "calendarYear": "2014",
    "period": "Q3",
    "revenue": 845904000,
    "costOfRevenue": 355157000,
    "grossProfit": 490747000,
    "grossProfitRatio": 0.5801450283,
    "researchAndDevelopmentExpenses": 0,
    "generalAndAdministrativeExpenses": 30803000,
    "sellingAndMarketingExpenses": 0,
    "sellingGeneralAndAdministrativeExpenses": 30803000,
    "otherExpenses": 200970000,
    "operatingExpenses": 231773000,
    "costAndExpenses": 586930000,
    "interestIncome": 9344000,
    "interestExpense": 118435000,
    "depreciationAndAmortization": 203670000,
    "ebitda": 437706000,
    "ebitdaratio": 0.5174416955,
    "operatingIncome": 258974000,
    "operatingIncomeRatio": 0.3061505797,
    "totalOtherIncomeExpensesNet": -146005000,
    "incomeBeforeTax": 112969000,
    "incomeBeforeTaxRatio": 0.1335482513,
    "incomeTaxExpense": -10198000,
    "netIncome": 152607000,
    "netIncomeRatio": 0.1804069965,
    "eps": 0.44,
    "epsdiluted": 0.44,
    "weightedAverageShsOut": 311117000,
    "weightedAverageShsOutDil": 312812000,
    "link": "https://www.sec.gov/Archives/edgar/data/766704/000076670414000030/0000766704-14-000030-index.htm",
    "finalLink": "https://www.sec.gov/Archives/edgar/data/766704/000076670414000030/10-Q.htm"
  },
  {
    "date": "2014-06-30",
    "symbol": "WELL",
    "reportedCurrency": "USD",
    "cik": "0000766704",
    "fillingDate": "2014-08-01",
    "acceptedDate": "2014-08-01 16:37:08",
    "calendarYear": "2014",
    "period": "Q2",
    "revenue": 824419000,
    "costOfRevenue": 343754000,
    "grossProfit": 480665000,
    "grossProfitRatio": 0.5830348403,
    "researchAndDevelopmentExpenses": 0,
    "generalAndAdministrativeExpenses": 51660000,
    "sellingAndMarketingExpenses": 0,
    "sellingGeneralAndAdministrativeExpenses": 51660000,
    "otherExpenses": 214449000,
    "operatingExpenses": 266109000,
    "costAndExpenses": 609863000,
    "interestIncome": 8933000,
    "interestExpense": 121065000,
    "depreciationAndAmortization": 215940000,
    "ebitda": 424601000,
    "ebitdaratio": 0.5150305852,
    "operatingIncome": 214556000,
    "operatingIncomeRatio": 0.2602511587,
    "totalOtherIncomeExpensesNet": -138476000,
    "incomeBeforeTax": 76080000,
    "incomeBeforeTaxRatio": 0.0922831715,
    "incomeTaxExpense": 1569000,
    "netIncome": 88181000,
    "netIncomeRatio": 0.1069613874,
    "eps": 0.22,
    "epsdiluted": 0.22,
    "weightedAverageShsOut": 296256000,
    "weightedAverageShsOutDil": 297995000,
    "link": "https://www.sec.gov/Archives/edgar/data/766704/000076670414000019/0000766704-14-000019-index.htm",
    "finalLink": "https://www.sec.gov/Archives/edgar/data/766704/000076670414000019/10-Q.htm"
  },
  {
    "date": "2014-03-31",
    "symbol": "WELL",
    "reportedCurrency": "USD",
    "cik": "0000766704",
    "fillingDate": "2014-05-08",
    "acceptedDate": "2014-05-08 16:36:45",
    "calendarYear": "2014",
    "period": "Q1",
    "revenue": 801314000,
    "costOfRevenue": 341431000,
    "grossProfit": 459883000,
    "grossProfitRatio": 0.573911101,
    "researchAndDevelopmentExpenses": 0,
    "generalAndAdministrativeExpenses": 32865000,
    "sellingAndMarketingExpenses": 0,
    "sellingGeneralAndAdministrativeExpenses": 32865000,
    "otherExpenses": 233318000,
    "operatingExpenses": 266183000,
    "costAndExpenses": 607614000,
    "interestIncome": 8594000,
    "interestExpense": 120833000,
    "depreciationAndAmortization": 235256000,
    "ebitda": 428645000,
    "ebitdaratio": 0.5349276314,
    "operatingIncome": 193700000,
    "operatingIncomeRatio": 0.2417279618,
    "totalOtherIncomeExpensesNet": -126700000,
    "incomeBeforeTax": 67000000,
    "incomeBeforeTaxRatio": 0.0836126662,
    "incomeTaxExpense": 2260000,
    "netIncome": 66375000,
    "netIncomeRatio": 0.0828326973,
    "eps": 0.17,
    "epsdiluted": 0.17,
    "weightedAverageShsOut": 289606000,
    "weightedAverageShsOutDil": 290917000,
    "link": "https://www.sec.gov/Archives/edgar/data/766704/000076670414000012/0000766704-14-000012-index.htm",
    "finalLink": "https://www.sec.gov/Archives/edgar/data/766704/000076670414000012/10-Q.htm"
  },
  {
    "date": "2013-12-31",
    "symbol": "WELL",
    "reportedCurrency": "USD",
    "cik": "0000766704",
    "fillingDate": "2014-02-21",
    "acceptedDate": "2014-02-21 16:43:00",
    "calendarYear": "2013",
    "period": "Q4",
    "revenue": 778112000,
    "costOfRevenue": 331853000,
    "grossProfit": 446259000,
    "grossProfitRatio": 0.5735151238,
    "researchAndDevelopmentExpenses": 0,
    "generalAndAdministrativeExpenses": 28519000,
    "sellingAndMarketingExpenses": 0,
    "sellingGeneralAndAdministrativeExpenses": 28519000,
    "otherExpenses": 239210000,
    "operatingExpenses": 267729000,
    "costAndExpenses": 599582000,
    "interestIncome": 8338000,
    "interestExpense": 121775000,
    "depreciationAndAmortization": 244963000,
    "ebitda": 405225000,
    "ebitdaratio": 0.5207797849,
    "operatingIncome": 178530000,
    "operatingIncomeRatio": 0.2294399778,
    "totalOtherIncomeExpensesNet": -144701000,
    "incomeBeforeTax": 33829000,
    "incomeBeforeTaxRatio": 0.0434757464,
    "incomeTaxExpense": 436000,
    "netIncome": 28000000,
    "netIncomeRatio": 0.0359845369,
    "eps": 0.0672,
    "epsdiluted": 0.0672,
    "weightedAverageShsOut": 288133000,
    "weightedAverageShsOutDil": 289677000,
    "link": "https://www.sec.gov/Archives/edgar/data/766704/000076670414000006/0000766704-14-000006-index.htm",
    "finalLink": "https://www.sec.gov/Archives/edgar/data/766704/000076670414000006/10-K.htm"
  },
  {
    "date": "2013-09-30",
    "symbol": "WELL",
    "reportedCurrency": "USD",
    "cik": "0000766704",
    "fillingDate": "2013-11-05",
    "acceptedDate": "2013-11-05 16:33:11",
    "calendarYear": "2013",
    "period": "Q3",
    "revenue": 782268000,
    "costOfRevenue": 341921000,
    "grossProfit": 440347000,
    "grossProfitRatio": 0.5629106649,
    "researchAndDevelopmentExpenses": 0,
    "generalAndAdministrativeExpenses": 28718000,
    "sellingAndMarketingExpenses": 0,
    "sellingGeneralAndAdministrativeExpenses": 28718000,
    "otherExpenses": 241027000,
    "operatingExpenses": 269745000,
    "costAndExpenses": 611666000,
    "interestIncome": 7629000,
    "interestExpense": 116020000,
    "depreciationAndAmortization": 243167000,
    "ebitda": 390817000,
    "ebitdaratio": 0.499594768,
    "operatingIncome": 170602000,
    "operatingIncomeRatio": 0.2180863847,
    "totalOtherIncomeExpensesNet": -139303000,
    "incomeBeforeTax": 31299000,
    "incomeBeforeTaxRatio": 0.0400105846,
    "incomeTaxExpense": 3077000,
    "netIncome": 37293000,
    "netIncomeRatio": 0.0476729203,
    "eps": 0.0535,
    "epsdiluted": 0.05,
    "weightedAverageShsOut": 286020000,
    "weightedAverageShsOutDil": 288029000,
    "link": "https://www.sec.gov/Archives/edgar/data/766704/000076670413000035/0000766704-13-000035-index.htm",
    "finalLink": "https://www.sec.gov/Archives/edgar/data/766704/000076670413000035/10q.htm"
  },
  {
    "date": "2013-06-30",
    "symbol": "WELL",
    "reportedCurrency": "USD",
    "cik": "0000766704",
    "fillingDate": "2013-08-06",
    "acceptedDate": "2013-08-06 16:38:20",
    "calendarYear": "2013",
    "period": "Q2",
    "revenue": 677508000,
    "costOfRevenue": 277958000,
    "grossProfit": 399550000,
    "grossProfitRatio": 0.5897347338,
    "researchAndDevelopmentExpenses": 0,
    "generalAndAdministrativeExpenses": 23902000,
    "sellingAndMarketingExpenses": 0,
    "sellingGeneralAndAdministrativeExpenses": 23902000,
    "otherExpenses": 198062000,
    "operatingExpenses": 221964000,
    "costAndExpenses": 499922000,
    "interestIncome": 7640000,
    "interestExpense": 109465000,
    "depreciationAndAmortization": 202899000,
    "ebitda": 356090000,
    "ebitdaratio": 0.5255878897,
    "operatingIncome": 177586000,
    "operatingIncomeRatio": 0.2621164621,
    "totalOtherIncomeExpensesNet": -139321000,
    "incomeBeforeTax": 38265000,
    "incomeBeforeTaxRatio": 0.0564790379,
    "incomeTaxExpense": 1215000,
    "netIncome": 8094000,
    "netIncomeRatio": 0.0119467224,
    "eps": 0.0782,
    "epsdiluted": 0.0782,
    "weightedAverageShsOut": 273091000,
    "weightedAverageShsOutDil": 276481000,
    "link": "https://www.sec.gov/Archives/edgar/data/766704/000076670413000024/0000766704-13-000024-index.htm",
    "finalLink": "https://www.sec.gov/Archives/edgar/data/766704/000076670413000024/10Q.htm"
  },
  {
    "date": "2013-03-31",
    "symbol": "WELL",
    "reportedCurrency": "USD",
    "cik": "0000766704",
    "fillingDate": "2013-05-07",
    "acceptedDate": "2013-05-07 08:04:15",
    "calendarYear": "2013",
    "period": "Q1",
    "revenue": 629024000,
    "costOfRevenue": 252823000,
    "grossProfit": 376201000,
    "grossProfitRatio": 0.5980709798,
    "researchAndDevelopmentExpenses": 0,
    "generalAndAdministrativeExpenses": 27179000,
    "sellingAndMarketingExpenses": 0,
    "sellingGeneralAndAdministrativeExpenses": 27179000,
    "otherExpenses": 184688000,
    "operatingExpenses": 211867000,
    "costAndExpenses": 464690000,
    "interestIncome": 9057000,
    "interestExpense": 108838000,
    "depreciationAndAmortization": 191488000,
    "ebitda": 288541000,
    "ebitdaratio": 0.4587122272,
    "operatingIncome": 164334000,
    "operatingIncomeRatio": 0.2612523529,
    "totalOtherIncomeExpensesNet": -173857000,
    "incomeBeforeTax": -9523000,
    "incomeBeforeTaxRatio": -0.015139327,
    "incomeTaxExpense": 2763000,
    "netIncome": 71660000,
    "netIncomeRatio": 0.1139225212,
    "eps": -0.11,
    "epsdiluted": -0.11,
    "weightedAverageShsOut": 260036000,
    "weightedAverageShsOutDil": 260036000,
    "link": "https://www.sec.gov/Archives/edgar/data/766704/000076670413000015/0000766704-13-000015-index.htm",
    "finalLink": "https://www.sec.gov/Archives/edgar/data/766704/000076670413000015/10-Q.htm"
  },
  {
    "date": "2012-12-31",
    "symbol": "WELL",
    "reportedCurrency": "USD",
    "cik": "0000766704",
    "fillingDate": "2013-02-26",
    "acceptedDate": "2013-02-26 16:33:51",
    "calendarYear": "2012",
    "period": "Q4",
    "revenue": 463270000,
    "costOfRevenue": 160511000,
    "grossProfit": 302759000,
    "grossProfitRatio": 0.6535260215,
    "researchAndDevelopmentExpenses": 0,
    "generalAndAdministrativeExpenses": 0,
    "sellingAndMarketingExpenses": 0,
    "sellingGeneralAndAdministrativeExpenses": 20039000,
    "otherExpenses": 128835000,
    "operatingExpenses": 148874000,
    "costAndExpenses": 309385000,
    "interestIncome": 0,
    "interestExpense": 87025000,
    "depreciationAndAmortization": 143990000,
    "ebitda": 285751000,
    "ebitdaratio": 0.6168130896,
    "operatingIncome": 153885000,
    "operatingIncomeRatio": 0.332171304,
    "totalOtherIncomeExpensesNet": -98917000,
    "incomeBeforeTax": 54968000,
    "incomeBeforeTaxRatio": 0.1186521899,
    "incomeTaxExpense": 3858000,
    "netIncome": 107178000,
    "netIncomeRatio": 0.231351048,
    "eps": 0.19,
    "epsdiluted": 0.19,
    "weightedAverageShsOut": 259290000,
    "weightedAverageShsOutDil": 261210000,
    "link": "https://www.sec.gov/Archives/edgar/data/766704/000076670413000006/0000766704-13-000006-index.htm",
    "finalLink": "https://www.sec.gov/Archives/edgar/data/766704/000076670413000006/10K.htm"
  },
  {
    "date": "2012-09-30",
    "symbol": "WELL",
    "reportedCurrency": "USD",
    "cik": "0000766704",
    "fillingDate": "2012-11-07",
    "acceptedDate": "2012-11-07 16:38:55",
    "calendarYear": "2012",
    "period": "Q3",
    "revenue": 460494000,
    "costOfRevenue": 144417000,
    "grossProfit": 316077000,
    "grossProfitRatio": 0.6863867933,
    "researchAndDevelopmentExpenses": 0,
    "generalAndAdministrativeExpenses": 23679000,
    "sellingAndMarketingExpenses": 0,
    "sellingGeneralAndAdministrativeExpenses": 23679000,
    "otherExpenses": 154852000,
    "operatingExpenses": 178531000,
    "costAndExpenses": 322948000,
    "interestIncome": 8111000,
    "interestExpense": 91915000,
    "depreciationAndAmortization": 137013000,
    "ebitda": 267010000,
    "ebitdaratio": 0.5798338306,
    "operatingIncome": 137546000,
    "operatingIncomeRatio": 0.2986922739,
    "totalOtherIncomeExpensesNet": -100203000,
    "incomeBeforeTax": 37343000,
    "incomeBeforeTaxRatio": 0.0810933476,
    "incomeTaxExpense": 836000,
    "netIncome": 53871000,
    "netIncomeRatio": 0.1169852376,
    "eps": 0.24,
    "epsdiluted": 0.24,
    "weightedAverageShsOut": 224391000,
    "weightedAverageShsOutDil": 226258000,
    "link": "https://www.sec.gov/Archives/edgar/data/766704/000076670412000027/0000766704-12-000027-index.htm",
    "finalLink": "https://www.sec.gov/Archives/edgar/data/766704/000076670412000027/10-Q.htm"
  },
  {
    "date": "2012-06-30",
    "symbol": "WELL",
    "reportedCurrency": "USD",
    "cik": "0000766704",
    "fillingDate": "2012-08-06",
    "acceptedDate": "2012-08-06 07:50:57",
    "calendarYear": "2012",
    "period": "Q2",
    "revenue": 437237000,
    "costOfRevenue": 135839000,
    "grossProfit": 301398000,
    "grossProfitRatio": 0.6893240965,
    "researchAndDevelopmentExpenses": 0,
    "generalAndAdministrativeExpenses": 25870000,
    "sellingAndMarketingExpenses": 0,
    "sellingGeneralAndAdministrativeExpenses": 25870000,
    "otherExpenses": 127599000,
    "operatingExpenses": 153469000,
    "costAndExpenses": 289308000,
    "interestIncome": 7879000,
    "interestExpense": 91299000,
    "depreciationAndAmortization": 136545000,
    "ebitda": 259365000,
    "ebitdaratio": 0.5931908782,
    "operatingIncome": 147929000,
    "operatingIncomeRatio": 0.3383268113,
    "totalOtherIncomeExpensesNet": -114952000,
    "incomeBeforeTax": 32977000,
    "incomeBeforeTaxRatio": 0.075421339,
    "incomeTaxExpense": 1447000,
    "netIncome": 77696000,
    "netIncomeRatio": 0.1776976788,
    "eps": 0.36,
    "epsdiluted": 0.36,
    "weightedAverageShsOut": 213498000,
    "weightedAverageShsOutDil": 215138000,
    "link": "https://www.sec.gov/Archives/edgar/data/766704/000076670412000020/0000766704-12-000020-index.htm",
    "finalLink": "https://www.sec.gov/Archives/edgar/data/766704/000076670412000020/10-Q.htm"
  },
  {
    "date": "2012-03-31",
    "symbol": "WELL",
    "reportedCurrency": "USD",
    "cik": "0000766704",
    "fillingDate": "2012-05-10",
    "acceptedDate": "2012-05-10 16:12:32",
    "calendarYear": "2012",
    "period": "Q1",
    "revenue": 416310000,
    "costOfRevenue": 128801000,
    "grossProfit": 287509000,
    "grossProfitRatio": 0.6906127645,
    "researchAndDevelopmentExpenses": 0,
    "generalAndAdministrativeExpenses": 27751000,
    "sellingAndMarketingExpenses": 0,
    "sellingGeneralAndAdministrativeExpenses": 27751000,
    "otherExpenses": 120907000,
    "operatingExpenses": 148658000,
    "costAndExpenses": 277459000,
    "interestIncome": 8141000,
    "interestExpense": 88814000,
    "depreciationAndAmortization": 132154000,
    "ebitda": 266557000,
    "ebitdaratio": 0.6402848839,
    "operatingIncome": 138851000,
    "operatingIncomeRatio": 0.3335278999,
    "totalOtherIncomeExpensesNet": -91730000,
    "incomeBeforeTax": 47121000,
    "incomeBeforeTaxRatio": 0.1131872883,
    "incomeTaxExpense": 1470000,
    "netIncome": 58514000,
    "netIncomeRatio": 0.1405539142,
    "eps": 0.29,
    "epsdiluted": 0.29,
    "weightedAverageShsOut": 199661000,
    "weightedAverageShsOutDil": 201658000,
    "link": "https://www.sec.gov/Archives/edgar/data/766704/000076670412000009/0000766704-12-000009-index.htm",
    "finalLink": "https://www.sec.gov/Archives/edgar/data/766704/000076670412000009/10-Q.htm"
  },
  {
    "date": "2011-12-31",
    "symbol": "WELL",
    "reportedCurrency": "USD",
    "cik": "0000766704",
    "fillingDate": "2012-02-17",
    "acceptedDate": "2012-02-17 16:03:57",
    "calendarYear": "2011",
    "period": "Q4",
    "revenue": 402353000,
    "costOfRevenue": 111495000,
    "grossProfit": 290858000,
    "grossProfitRatio": 0.7228925844,
    "researchAndDevelopmentExpenses": 0,
    "generalAndAdministrativeExpenses": 0,
    "sellingAndMarketingExpenses": 0,
    "sellingGeneralAndAdministrativeExpenses": 90416000,
    "otherExpenses": 121043000,
    "operatingExpenses": 211459000,
    "costAndExpenses": 322954000,
    "interestIncome": 0,
    "interestExpense": 88252000,
    "depreciationAndAmortization": 126971000,
    "ebitda": 263891000,
    "ebitdaratio": 0.6558693486,
    "operatingIncome": 79399000,
    "operatingIncomeRatio": 0.1973366671,
    "totalOtherIncomeExpensesNet": -29115000,
    "incomeBeforeTax": 50284000,
    "incomeBeforeTaxRatio": 0.1249748355,
    "incomeTaxExpense": 825000,
    "netIncome": 44516000,
    "netIncomeRatio": 0.1106391651,
    "eps": 0.22,
    "epsdiluted": 0.22,
    "weightedAverageShsOut": 199661000,
    "weightedAverageShsOutDil": 201658000,
    "link": "https://www.sec.gov/Archives/edgar/data/766704/000095012312002707/0000950123-12-002707-index.htm",
    "finalLink": "https://www.sec.gov/Archives/edgar/data/766704/000095012312002707/201110-K.htm"
  },
  {
    "date": "2011-09-30",
    "symbol": "WELL",
    "reportedCurrency": "USD",
    "cik": "0000766704",
    "fillingDate": "2011-11-03",
    "acceptedDate": "2011-11-03 15:20:04",
    "calendarYear": "2011",
    "period": "Q3",
    "revenue": 370730000,
    "costOfRevenue": 103127000,
    "grossProfit": 267603000,
    "grossProfitRatio": 0.7218272058,
    "researchAndDevelopmentExpenses": 0,
    "generalAndAdministrativeExpenses": 0,
    "sellingAndMarketingExpenses": 0,
    "sellingGeneralAndAdministrativeExpenses": 19735000,
    "otherExpenses": 111714000,
    "operatingExpenses": 131449000,
    "costAndExpenses": 234576000,
    "interestIncome": 0,
    "interestExpense": 84429000,
    "depreciationAndAmortization": 119764000,
    "ebitda": 249179000,
    "ebitdaratio": 0.6721306611,
    "operatingIncome": 136154000,
    "operatingIncomeRatio": 0.3672591913,
    "totalOtherIncomeExpensesNet": -89526000,
    "incomeBeforeTax": 46628000,
    "incomeBeforeTaxRatio": 0.125773474,
    "incomeTaxExpense": 223000,
    "netIncome": 53841000,
    "netIncomeRatio": 0.145229682,
    "eps": 0.3,
    "epsdiluted": 0.3,
    "weightedAverageShsOut": 177272000,
    "weightedAverageShsOutDil": 177849000,
    "link": "https://www.sec.gov/Archives/edgar/data/766704/000119312511294910/0001193125-11-294910-index.htm",
    "finalLink": "https://www.sec.gov/Archives/edgar/data/766704/000119312511294910/d246488d10q.htm"
  },
  {
    "date": "2011-06-30",
    "symbol": "WELL",
    "reportedCurrency": "USD",
    "cik": "0000766704",
    "fillingDate": "2011-08-09",
    "acceptedDate": "2011-08-09 16:59:19",
    "calendarYear": "2011",
    "period": "Q2",
    "revenue": 369602000,
    "costOfRevenue": 99808000,
    "grossProfit": 269794000,
    "grossProfitRatio": 0.7299581712,
    "researchAndDevelopmentExpenses": 0,
    "generalAndAdministrativeExpenses": 0,
    "sellingAndMarketingExpenses": 0,
    "sellingGeneralAndAdministrativeExpenses": 19562000,
    "otherExpenses": 107423000,
    "operatingExpenses": 126985000,
    "costAndExpenses": 226793000,
    "interestIncome": 0,
    "interestExpense": 81484000,
    "depreciationAndAmortization": 114615000,
    "ebitda": 243686000,
    "ebitdaratio": 0.6593200253,
    "operatingIncome": 142809000,
    "operatingIncomeRatio": 0.3863858962,
    "totalOtherIncomeExpensesNet": -94251000,
    "incomeBeforeTax": 48558000,
    "incomeBeforeTaxRatio": 0.1313791592,
    "incomeTaxExpense": 211000,
    "netIncome": 87200000,
    "netIncomeRatio": 0.2359294593,
    "eps": 0.49,
    "epsdiluted": 0.49,
    "weightedAverageShsOut": 176445000,
    "weightedAverageShsOutDil": 177487000,
    "link": "https://www.sec.gov/Archives/edgar/data/766704/000095012311075160/0000950123-11-075160-index.htm",
    "finalLink": "https://www.sec.gov/Archives/edgar/data/766704/000095012311075160/l42875e10vq.htm"
  },
  {
    "date": "2011-03-31",
    "symbol": "WELL",
    "reportedCurrency": "USD",
    "cik": "0000766704",
    "fillingDate": "2011-05-10",
    "acceptedDate": "2011-05-10 17:12:40",
    "calendarYear": "2011",
    "period": "Q1",
    "revenue": 245756000,
    "costOfRevenue": 63563000,
    "grossProfit": 182193000,
    "grossProfitRatio": 0.7413572812,
    "researchAndDevelopmentExpenses": 0,
    "generalAndAdministrativeExpenses": 0,
    "sellingAndMarketingExpenses": 0,
    "sellingGeneralAndAdministrativeExpenses": 17714000,
    "otherExpenses": 70991000,
    "operatingExpenses": 88705000,
    "costAndExpenses": 152268000,
    "interestIncome": 0,
    "interestExpense": 56902000,
    "depreciationAndAmortization": 79106000,
    "ebitda": 136529000,
    "ebitdaratio": 0.5555469653,
    "operatingIncome": 93488000,
    "operatingIncomeRatio": 0.3804098374,
    "totalOtherIncomeExpensesNet": -91424000,
    "incomeBeforeTax": 2064000,
    "incomeBeforeTaxRatio": 0.0083985742,
    "incomeTaxExpense": 129000,
    "netIncome": 32052000,
    "netIncomeRatio": 0.1304220446,
    "eps": 0.21,
    "epsdiluted": 0.21,
    "weightedAverageShsOut": 154945000,
    "weightedAverageShsOutDil": 155485000,
    "link": "https://www.sec.gov/Archives/edgar/data/766704/000095012311048445/0000950123-11-048445-index.htm",
    "finalLink": "https://www.sec.gov/Archives/edgar/data/766704/000095012311048445/l42312e10vq.htm"
  },
  {
    "date": "2010-12-31",
    "symbol": "WELL",
    "reportedCurrency": "USD",
    "cik": "0000766704",
    "fillingDate": "2011-02-25",
    "acceptedDate": "2011-02-25 16:26:13",
    "calendarYear": "2010",
    "period": "Q4",
    "revenue": 193145000,
    "costOfRevenue": 37261000,
    "grossProfit": 155884000,
    "grossProfitRatio": 0.8070827617,
    "researchAndDevelopmentExpenses": 0,
    "generalAndAdministrativeExpenses": 0,
    "sellingAndMarketingExpenses": 0,
    "sellingGeneralAndAdministrativeExpenses": -13006000,
    "otherExpenses": 59563000,
    "operatingExpenses": 46557000,
    "costAndExpenses": 83818000,
    "interestIncome": 0,
    "interestExpense": 46405000,
    "depreciationAndAmortization": 66397000,
    "ebitda": 129064000,
    "ebitdaratio": 0.6682233555,
    "operatingIncome": 109327000,
    "operatingIncomeRatio": 0.5660358798,
    "totalOtherIncomeExpensesNet": -90888000,
    "incomeBeforeTax": 18439000,
    "incomeBeforeTaxRatio": 0.0954671361,
    "incomeTaxExpense": 39000,
    "netIncome": 39607000,
    "netIncomeRatio": 0.2050635533,
    "eps": 0.26,
    "epsdiluted": 0.25,
    "weightedAverageShsOut": 154945000,
    "weightedAverageShsOutDil": 155485000,
    "link": "https://www.sec.gov/Archives/edgar/data/766704/000095012311018750/0000950123-11-018750-index.htm",
    "finalLink": "https://www.sec.gov/Archives/edgar/data/766704/000095012311018750/l41762e10vk.htm"
  },
  {
    "date": "2010-09-30",
    "symbol": "WELL",
    "reportedCurrency": "USD",
    "cik": "0000766704",
    "fillingDate": "2010-11-08",
    "acceptedDate": "2010-11-08 17:08:50",
    "calendarYear": "2010",
    "period": "Q3",
    "revenue": 168943000,
    "costOfRevenue": 20327000,
    "grossProfit": 148616000,
    "grossProfitRatio": 0.8796813126,
    "researchAndDevelopmentExpenses": 0,
    "generalAndAdministrativeExpenses": 0,
    "sellingAndMarketingExpenses": 0,
    "sellingGeneralAndAdministrativeExpenses": 11628000,
    "otherExpenses": 77881000,
    "operatingExpenses": 89509000,
    "costAndExpenses": 109836000,
    "interestIncome": 0,
    "interestExpense": 42935000,
    "depreciationAndAmortization": 57523000,
    "ebitda": 86296000,
    "ebitdaratio": 0.5107995004,
    "operatingIncome": 59107000,
    "operatingIncomeRatio": 0.3498635635,
    "totalOtherIncomeExpensesNet": -71370000,
    "incomeBeforeTax": -12263000,
    "incomeBeforeTaxRatio": -0.0725866121,
    "incomeTaxExpense": 52000,
    "netIncome": 784000,
    "netIncomeRatio": 0.0046406184,
    "eps": 0.0516,
    "epsdiluted": 0.0514,
    "weightedAverageShsOut": 125298000,
    "weightedAverageShsOutDil": 125842000,
    "link": "https://www.sec.gov/Archives/edgar/data/766704/000095012310102561/0000950123-10-102561-index.htm",
    "finalLink": "https://www.sec.gov/Archives/edgar/data/766704/000095012310102561/l41081e10vq.htm"
  },
  {
    "date": "2010-06-30",
    "symbol": "WELL",
    "reportedCurrency": "USD",
    "cik": "0000766704",
    "fillingDate": "2010-08-06",
    "acceptedDate": "2010-08-06 13:59:46",
    "calendarYear": "2010",
    "period": "Q2",
    "revenue": 153749000,
    "costOfRevenue": 11970000,
    "grossProfit": 141779000,
    "grossProfitRatio": 0.9221458351,
    "researchAndDevelopmentExpenses": 0,
    "generalAndAdministrativeExpenses": 0,
    "sellingAndMarketingExpenses": 0,
    "sellingGeneralAndAdministrativeExpenses": 11878000,
    "otherExpenses": 44037000,
    "operatingExpenses": 55915000,
    "costAndExpenses": 67885000,
    "interestIncome": 0,
    "interestExpense": 35478000,
    "depreciationAndAmortization": 52084000,
    "ebitda": 130161000,
    "ebitdaratio": 0.846581116,
    "operatingIncome": 85864000,
    "operatingIncomeRatio": 0.558468673,
    "totalOtherIncomeExpensesNet": -41437000,
    "incomeBeforeTax": 44427000,
    "incomeBeforeTaxRatio": 0.288957977,
    "incomeTaxExpense": 188000,
    "netIncome": 51130000,
    "netIncomeRatio": 0.3325550085,
    "eps": 0.37,
    "epsdiluted": 0.37,
    "weightedAverageShsOut": 123808000,
    "weightedAverageShsOutDil": 124324000,
    "link": "https://www.sec.gov/Archives/edgar/data/766704/000095012310074122/0000950123-10-074122-index.htm",
    "finalLink": "https://www.sec.gov/Archives/edgar/data/766704/000095012310074122/l40352e10vq.htm"
  },
  {
    "date": "2010-03-31",
    "symbol": "WELL",
    "reportedCurrency": "USD",
    "cik": "0000766704",
    "fillingDate": "2010-05-10",
    "acceptedDate": "2010-05-10 16:39:30",
    "calendarYear": "2010",
    "period": "Q1",
    "revenue": 145377000,
    "costOfRevenue": 12513000,
    "grossProfit": 132864000,
    "grossProfitRatio": 0.9139272375,
    "researchAndDevelopmentExpenses": 0,
    "generalAndAdministrativeExpenses": 0,
    "sellingAndMarketingExpenses": 0,
    "sellingGeneralAndAdministrativeExpenses": 16821000,
    "otherExpenses": 40652000,
    "operatingExpenses": 57473000,
    "costAndExpenses": 69986000,
    "interestIncome": 0,
    "interestExpense": 28425000,
    "depreciationAndAmortization": 46995000,
    "ebitda": 96634000,
    "ebitdaratio": 0.6647131252,
    "operatingIncome": 75391000,
    "operatingIncomeRatio": 0.5185895981,
    "totalOtherIncomeExpensesNet": -53409000,
    "incomeBeforeTax": 21982000,
    "incomeBeforeTaxRatio": 0.1512068622,
    "incomeTaxExpense": 84000,
    "netIncome": 31321000,
    "netIncomeRatio": 0.215446735,
    "eps": 0.21,
    "epsdiluted": 0.21,
    "weightedAverageShsOut": 123270000,
    "weightedAverageShsOutDil": 123790000,
    "link": "https://www.sec.gov/Archives/edgar/data/766704/000095012310047238/0000950123-10-047238-index.htm",
    "finalLink": "https://www.sec.gov/Archives/edgar/data/766704/000095012310047238/l39699e10vq.htm"
  },
  {
    "date": "2009-12-31",
    "symbol": "WELL",
    "reportedCurrency": "USD",
    "cik": "0000766704",
    "fillingDate": "2010-02-26",
    "acceptedDate": "2010-02-26 17:19:00",
    "calendarYear": "2009",
    "period": "Q4",
    "revenue": 140623000,
    "costOfRevenue": 10519000,
    "grossProfit": 130104000,
    "grossProfitRatio": 0.9251971584,
    "researchAndDevelopmentExpenses": 0,
    "generalAndAdministrativeExpenses": 0,
    "sellingAndMarketingExpenses": 0,
    "sellingGeneralAndAdministrativeExpenses": 10907000,
    "otherExpenses": 60041000,
    "operatingExpenses": 70948000,
    "costAndExpenses": 81467000,
    "interestIncome": 0,
    "interestExpense": 23719000,
    "depreciationAndAmortization": 46193000,
    "ebitda": 104939000,
    "ebitdaratio": 0.7462435021,
    "operatingIncome": 59156000,
    "operatingIncomeRatio": 0.4206708718,
    "totalOtherIncomeExpensesNet": -24129000,
    "incomeBeforeTax": 35027000,
    "incomeBeforeTaxRatio": 0.2490844314,
    "incomeTaxExpense": 151000,
    "netIncome": 37220000,
    "netIncomeRatio": 0.2646793199,
    "eps": 0.26,
    "epsdiluted": 0.26,
    "weightedAverageShsOut": 122700000,
    "weightedAverageShsOutDil": 123105000,
    "link": "https://www.sec.gov/Archives/edgar/data/766704/000095012310018352/0000950123-10-018352-index.htm",
    "finalLink": "https://www.sec.gov/Archives/edgar/data/766704/000095012310018352/l38660e10vk.htm"
  },
  {
    "date": "2009-09-30",
    "symbol": "WELL",
    "reportedCurrency": "USD",
    "cik": "0000766704",
    "fillingDate": "2009-11-05",
    "acceptedDate": "2009-11-05 16:49:41",
    "calendarYear": "2009",
    "period": "Q3",
    "revenue": 140144000,
    "costOfRevenue": 12153000,
    "grossProfit": 127991000,
    "grossProfitRatio": 0.9132820527,
    "researchAndDevelopmentExpenses": 0,
    "generalAndAdministrativeExpenses": 0,
    "sellingAndMarketingExpenses": 0,
    "sellingGeneralAndAdministrativeExpenses": 10363000,
    "otherExpenses": 39187000,
    "operatingExpenses": 49550000,
    "costAndExpenses": 61703000,
    "interestIncome": 0,
    "interestExpense": 27595000,
    "depreciationAndAmortization": 44831000,
    "ebitda": 96898000,
    "ebitdaratio": 0.6914173992,
    "operatingIncome": 78441000,
    "operatingIncomeRatio": 0.5597171481,
    "totalOtherIncomeExpensesNet": -53969000,
    "incomeBeforeTax": 24472000,
    "incomeBeforeTaxRatio": 0.1746203905,
    "incomeTaxExpense": -55000,
    "netIncome": 24650000,
    "netIncomeRatio": 0.1758905126,
    "eps": 0.17,
    "epsdiluted": 0.17,
    "weightedAverageShsOut": 114874000,
    "weightedAverageShsOutDil": 115289000,
    "link": "https://www.sec.gov/Archives/edgar/data/766704/000095012309058477/0000950123-09-058477-index.htm",
    "finalLink": "https://www.sec.gov/Archives/edgar/data/766704/000095012309058477/l37956e10vq.htm"
  },
  {
    "date": "2009-06-30",
    "symbol": "WELL",
    "reportedCurrency": "USD",
    "cik": "0000766704",
    "fillingDate": "2009-08-06",
    "acceptedDate": "2009-08-06 16:43:46",
    "calendarYear": "2009",
    "period": "Q2",
    "revenue": 139039000,
    "costOfRevenue": 11240000,
    "grossProfit": 127799000,
    "grossProfitRatio": 0.9191593726,
    "researchAndDevelopmentExpenses": 0,
    "generalAndAdministrativeExpenses": 0,
    "sellingAndMarketingExpenses": 0,
    "sellingGeneralAndAdministrativeExpenses": 11062000,
    "otherExpenses": 38115000,
    "operatingExpenses": 49177000,
    "costAndExpenses": 60417000,
    "interestIncome": 0,
    "interestExpense": 26107000,
    "depreciationAndAmortization": 44407000,
    "ebitda": 123029000,
    "ebitdaratio": 0.8848524515,
    "operatingIncome": 78622000,
    "operatingIncomeRatio": 0.565467243,
    "totalOtherIncomeExpensesNet": -26107000,
    "incomeBeforeTax": 52515000,
    "incomeBeforeTaxRatio": 0.3776997821,
    "incomeTaxExpense": 21000,
    "netIncome": 64756000,
    "netIncomeRatio": 0.4657398284,
    "eps": 0.53,
    "epsdiluted": 0.53,
    "weightedAverageShsOut": 110864000,
    "weightedAverageShsOutDil": 111272000,
    "link": "https://www.sec.gov/Archives/edgar/data/766704/000095012309031250/0000950123-09-031250-index.htm",
    "finalLink": "https://www.sec.gov/Archives/edgar/data/766704/000095012309031250/l37207e10vq.htm"
  },
  {
    "date": "2009-03-31",
    "symbol": "WELL",
    "reportedCurrency": "USD",
    "cik": "0000766704",
    "fillingDate": "2009-05-07",
    "acceptedDate": "2009-05-07 16:15:31",
    "calendarYear": "2009",
    "period": "Q1",
    "revenue": 138846000,
    "costOfRevenue": 11049000,
    "grossProfit": 127797000,
    "grossProfitRatio": 0.9204226265,
    "researchAndDevelopmentExpenses": 0,
    "generalAndAdministrativeExpenses": 0,
    "sellingAndMarketingExpenses": 0,
    "sellingGeneralAndAdministrativeExpenses": 17361000,
    "otherExpenses": 38338000,
    "operatingExpenses": 55699000,
    "costAndExpenses": 66748000,
    "interestIncome": 0,
    "interestExpense": 26679000,
    "depreciationAndAmortization": 44904000,
    "ebitda": 118680000,
    "ebitdaratio": 0.8547599499,
    "operatingIncome": 72098000,
    "operatingIncomeRatio": 0.5192659493,
    "totalOtherIncomeExpensesNet": -25001000,
    "incomeBeforeTax": 47097000,
    "incomeBeforeTaxRatio": 0.3392031459,
    "incomeTaxExpense": 50000,
    "netIncome": 66643000,
    "netIncomeRatio": 0.4799778171,
    "eps": 0.56,
    "epsdiluted": 0.56,
    "weightedAverageShsOut": 108214000,
    "weightedAverageShsOutDil": 108624000,
    "link": "https://www.sec.gov/Archives/edgar/data/766704/000095015209004900/0000950152-09-004900-index.htm",
    "finalLink": "https://www.sec.gov/Archives/edgar/data/766704/000095015209004900/l36346ae10vq.htm"
  },
  {
    "date": "2008-12-31",
    "symbol": "WELL",
    "reportedCurrency": "USD",
    "cik": "0000766704",
    "fillingDate": "2009-03-02",
    "acceptedDate": "2009-03-02 17:09:07",
    "calendarYear": "2008",
    "period": "Q4",
    "revenue": 140692000,
    "costOfRevenue": 9660000,
    "grossProfit": 131032000,
    "grossProfitRatio": 0.9313393796,
    "researchAndDevelopmentExpenses": 0,
    "generalAndAdministrativeExpenses": 0,
    "sellingAndMarketingExpenses": 0,
    "sellingGeneralAndAdministrativeExpenses": 13500000,
    "otherExpenses": 33676000,
    "operatingExpenses": 47176000,
    "costAndExpenses": 56836000,
    "interestIncome": 0,
    "interestExpense": 32505000,
    "depreciationAndAmortization": 44568000,
    "ebitda": 105031000,
    "ebitdaratio": 0.7465314304,
    "operatingIncome": 83856000,
    "operatingIncomeRatio": 0.5960253604,
    "totalOtherIncomeExpensesNet": -55898000,
    "incomeBeforeTax": 27958000,
    "incomeBeforeTaxRatio": 0.1987177665,
    "incomeTaxExpense": 136000,
    "netIncome": 28594000,
    "netIncomeRatio": 0.2032382794,
    "eps": 0.26,
    "epsdiluted": 0.26,
    "weightedAverageShsOut": 108214000,
    "weightedAverageShsOutDil": 108624000,
    "link": "https://www.sec.gov/Archives/edgar/data/766704/000095015209002082/0000950152-09-002082-index.htm",
    "finalLink": "https://www.sec.gov/Archives/edgar/data/766704/000095015209002082/l35635ae10vk.htm"
  },
  {
    "date": "2008-09-30",
    "symbol": "WELL",
    "reportedCurrency": "USD",
    "cik": "0000766704",
    "fillingDate": "2008-11-05",
    "acceptedDate": "2008-11-05 16:43:52",
    "calendarYear": "2008",
    "period": "Q3",
    "revenue": 139349000,
    "costOfRevenue": 11192000,
    "grossProfit": 128157000,
    "grossProfitRatio": 0.9196836719,
    "researchAndDevelopmentExpenses": 0,
    "generalAndAdministrativeExpenses": 0,
    "sellingAndMarketingExpenses": 0,
    "sellingGeneralAndAdministrativeExpenses": 10789000,
    "otherExpenses": 39011000,
    "operatingExpenses": 49800000,
    "costAndExpenses": 60992000,
    "interestIncome": 0,
    "interestExpense": 33725000,
    "depreciationAndAmortization": 47018000,
    "ebitda": 124630000,
    "ebitdaratio": 0.8943731207,
    "operatingIncome": 78357000,
    "operatingIncomeRatio": 0.5623075874,
    "totalOtherIncomeExpensesNet": -34470000,
    "incomeBeforeTax": 43887000,
    "incomeBeforeTaxRatio": 0.3149430566,
    "incomeTaxExpense": -153000,
    "netIncome": 59319000,
    "netIncomeRatio": 0.4256865855,
    "eps": 0.57,
    "epsdiluted": 0.57,
    "weightedAverageShsOut": 96040000,
    "weightedAverageShsOutDil": 96849000,
    "link": "https://www.sec.gov/Archives/edgar/data/766704/000095015208008751/0000950152-08-008751-index.htm",
    "finalLink": "https://www.sec.gov/Archives/edgar/data/766704/000095015208008751/l34419ae10vq.htm"
  },
  {
    "date": "2008-06-30",
    "symbol": "WELL",
    "reportedCurrency": "USD",
    "cik": "0000766704",
    "fillingDate": "2008-08-06",
    "acceptedDate": "2008-08-06 17:08:51",
    "calendarYear": "2008",
    "period": "Q2",
    "revenue": 129185000,
    "costOfRevenue": 10697000,
    "grossProfit": 118488000,
    "grossProfitRatio": 0.9171962689,
    "researchAndDevelopmentExpenses": 0,
    "generalAndAdministrativeExpenses": 0,
    "sellingAndMarketingExpenses": 0,
    "sellingGeneralAndAdministrativeExpenses": 10575000,
    "otherExpenses": 35437000,
    "operatingExpenses": 46012000,
    "costAndExpenses": 56709000,
    "interestIncome": 0,
    "interestExpense": 33335000,
    "depreciationAndAmortization": 41993000,
    "ebitda": 114469000,
    "ebitdaratio": 0.8860858459,
    "operatingIncome": 72476000,
    "operatingIncomeRatio": 0.5610248868,
    "totalOtherIncomeExpensesNet": -33335000,
    "incomeBeforeTax": 39141000,
    "incomeBeforeTaxRatio": 0.3029840926,
    "incomeTaxExpense": 44000,
    "netIncome": 161194000,
    "netIncomeRatio": 1.2477764446,
    "eps": 1.74,
    "epsdiluted": 1.73,
    "weightedAverageShsOut": 89294000,
    "weightedAverageShsOutDil": 89853000,
    "link": "https://www.sec.gov/Archives/edgar/data/766704/000095015208006095/0000950152-08-006095-index.htm",
    "finalLink": "https://www.sec.gov/Archives/edgar/data/766704/000095015208006095/l32725ae10vq.htm"
  },
  {
    "date": "2008-03-31",
    "symbol": "WELL",
    "reportedCurrency": "USD",
    "cik": "0000766704",
    "fillingDate": "2008-05-09",
    "acceptedDate": "2008-05-09 16:18:37",
    "calendarYear": "2008",
    "period": "Q1",
    "revenue": 126633000,
    "costOfRevenue": 10712000,
    "grossProfit": 115921000,
    "grossProfitRatio": 0.9154090956,
    "researchAndDevelopmentExpenses": 0,
    "generalAndAdministrativeExpenses": 12328000,
    "sellingAndMarketingExpenses": 0,
    "sellingGeneralAndAdministrativeExpenses": 12328000,
    "otherExpenses": 36346000,
    "operatingExpenses": 48674000,
    "costAndExpenses": 59386000,
    "interestIncome": 0,
    "interestExpense": 35102000,
    "depreciationAndAmortization": 43100000,
    "ebitda": 111673000,
    "ebitdaratio": 0.8818633374,
    "operatingIncome": 67247000,
    "operatingIncomeRatio": 0.5310385129,
    "totalOtherIncomeExpensesNet": -33776000,
    "incomeBeforeTax": 33471000,
    "incomeBeforeTaxRatio": 0.264314989,
    "incomeTaxExpense": 1279000,
    "netIncome": 35396000,
    "netIncomeRatio": 0.2795163978,
    "eps": 0.34,
    "epsdiluted": 0.34,
    "weightedAverageShsOut": 86100000,
    "weightedAverageShsOutDil": 86610000,
    "link": "https://www.sec.gov/Archives/edgar/data/766704/000095015208003746/0000950152-08-003746-index.htm",
    "finalLink": "https://www.sec.gov/Archives/edgar/data/766704/000095015208003746/l31548ae10vq.htm"
  },
  {
    "date": "2007-12-31",
    "symbol": "WELL",
    "reportedCurrency": "USD",
    "cik": "0000766704",
    "fillingDate": "2008-02-28",
    "acceptedDate": "2008-02-27 18:56:30",
    "calendarYear": "2007",
    "period": "Q4",
    "revenue": 131507000,
    "costOfRevenue": 0,
    "grossProfit": 131507000,
    "grossProfitRatio": 1,
    "researchAndDevelopmentExpenses": 0,
    "generalAndAdministrativeExpenses": 9349000,
    "sellingAndMarketingExpenses": 0,
    "sellingGeneralAndAdministrativeExpenses": 9349000,
    "otherExpenses": 50654000,
    "operatingExpenses": 60003000,
    "costAndExpenses": 60003000,
    "interestIncome": 0,
    "interestExpense": 0,
    "depreciationAndAmortization": 40081000,
    "ebitda": 111585000,
    "ebitdaratio": 0.8485099652,
    "operatingIncome": 71504000,
    "operatingIncomeRatio": 0.5437277103,
    "totalOtherIncomeExpensesNet": 0,
    "incomeBeforeTax": 71504000,
    "incomeBeforeTaxRatio": 0.5437277103,
    "incomeTaxExpense": 33860000,
    "netIncome": 48946000,
    "netIncomeRatio": 0.3721931152,
    "eps": 0.57,
    "epsdiluted": 0.57,
    "weightedAverageShsOut": 86100000,
    "weightedAverageShsOutDil": 86610000,
    "link": "https://www.sec.gov/Archives/edgar/data/766704/000095015208001476/0000950152-08-001476-index.htm",
    "finalLink": "https://www.sec.gov/Archives/edgar/data/766704/000095015208001476/l30238ae10vk.htm"
  },
  {
    "date": "2007-09-30",
    "symbol": "WELL",
    "reportedCurrency": "USD",
    "cik": "0000766704",
    "fillingDate": "2007-11-07",
    "acceptedDate": "2007-11-07 15:21:01",
    "calendarYear": "2007",
    "period": "Q3",
    "revenue": 118745000,
    "costOfRevenue": 10333000,
    "grossProfit": 108412000,
    "grossProfitRatio": 0.9129815992,
    "researchAndDevelopmentExpenses": 0,
    "generalAndAdministrativeExpenses": 8626000,
    "sellingAndMarketingExpenses": 23000,
    "sellingGeneralAndAdministrativeExpenses": 8649000,
    "otherExpenses": 39008000,
    "operatingExpenses": 47657000,
    "costAndExpenses": 57990000,
    "interestIncome": 0,
    "interestExpense": 33221000,
    "depreciationAndAmortization": 42033000,
    "ebitda": 102788000,
    "ebitdaratio": 0.865619605,
    "operatingIncome": 60755000,
    "operatingIncomeRatio": 0.5116425955,
    "totalOtherIncomeExpensesNet": -33221000,
    "incomeBeforeTax": 27534000,
    "incomeBeforeTaxRatio": 0.2318750263,
    "incomeTaxExpense": -23000,
    "netIncome": 30846000,
    "netIncomeRatio": 0.259766727,
    "eps": 0.3,
    "epsdiluted": 0.3,
    "weightedAverageShsOut": 80710000,
    "weightedAverageShsOutDil": 81163000,
    "link": "https://www.sec.gov/Archives/edgar/data/766704/000095015207008687/0000950152-07-008687-index.htm",
    "finalLink": "https://www.sec.gov/Archives/edgar/data/766704/000095015207008687/l28642ae10vq.htm"
  },
  {
    "date": "2007-06-30",
    "symbol": "WELL",
    "reportedCurrency": "USD",
    "cik": "0000766704",
    "fillingDate": "2007-08-09",
    "acceptedDate": "2007-08-09 16:43:30",
    "calendarYear": "2007",
    "period": "Q2",
    "revenue": 112743000,
    "costOfRevenue": 8657000,
    "grossProfit": 104086000,
    "grossProfitRatio": 0.923214745,
    "researchAndDevelopmentExpenses": 0,
    "generalAndAdministrativeExpenses": 9888000,
    "sellingAndMarketingExpenses": 69000,
    "sellingGeneralAndAdministrativeExpenses": 9957000,
    "otherExpenses": 34514000,
    "operatingExpenses": 44471000,
    "costAndExpenses": 53128000,
    "interestIncome": 0,
    "interestExpense": 31692000,
    "depreciationAndAmortization": 37863000,
    "ebitda": 97478000,
    "ebitdaratio": 0.8646035674,
    "operatingIncome": 59615000,
    "operatingIncomeRatio": 0.5287689701,
    "totalOtherIncomeExpensesNet": -31692000,
    "incomeBeforeTax": 27923000,
    "incomeBeforeTaxRatio": 0.2476694784,
    "incomeTaxExpense": -69000,
    "netIncome": 31937000,
    "netIncomeRatio": 0.2832725757,
    "eps": 0.32,
    "epsdiluted": 0.32,
    "weightedAverageShsOut": 79060000,
    "weightedAverageShsOutDil": 79546000,
    "link": "https://www.sec.gov/Archives/edgar/data/766704/000095015207006670/0000950152-07-006670-index.htm",
    "finalLink": "https://www.sec.gov/Archives/edgar/data/766704/000095015207006670/l27425ae10vq.htm"
  },
  {
    "date": "2007-03-31",
    "symbol": "WELL",
    "reportedCurrency": "USD",
    "cik": "0000766704",
    "fillingDate": "2007-05-10",
    "acceptedDate": "2007-05-10 16:41:35",
    "calendarYear": "2007",
    "period": "Q1",
    "revenue": 110237000,
    "costOfRevenue": 0,
    "grossProfit": 110237000,
    "grossProfitRatio": 1,
    "researchAndDevelopmentExpenses": 0,
    "generalAndAdministrativeExpenses": 9782000,
    "sellingAndMarketingExpenses": 0,
    "sellingGeneralAndAdministrativeExpenses": 9782000,
    "otherExpenses": 41117000,
    "operatingExpenses": 50899000,
    "costAndExpenses": 50899000,
    "interestIncome": 0,
    "interestExpense": 0,
    "depreciationAndAmortization": 33860000,
    "ebitda": 93198000,
    "ebitdaratio": 0.8454330216,
    "operatingIncome": 59338000,
    "operatingIncomeRatio": 0.5382766222,
    "totalOtherIncomeExpensesNet": -31330000,
    "incomeBeforeTax": 28008000,
    "incomeBeforeTaxRatio": 0.2540707748,
    "incomeTaxExpense": 11000,
    "netIncome": 29673000,
    "netIncomeRatio": 0.2691745966,
    "eps": 0.32,
    "epsdiluted": 0.32,
    "weightedAverageShsOut": 73224000,
    "weightedAverageShsOutDil": 73791000,
    "link": "https://www.sec.gov/Archives/edgar/data/766704/000095015207004285/0000950152-07-004285-index.htm",
    "finalLink": "https://www.sec.gov/Archives/edgar/data/766704/000095015207004285/l26083ae10vq.htm"
  },
  {
    "date": "2006-12-31",
    "symbol": "WELL",
    "reportedCurrency": "USD",
    "cik": "0000766704",
    "fillingDate": "2007-03-01",
    "acceptedDate": "2007-03-01 17:29:07",
    "calendarYear": "2006",
    "period": "Q4",
    "revenue": 86595000,
    "costOfRevenue": 0,
    "grossProfit": 86595000,
    "grossProfitRatio": 1,
    "researchAndDevelopmentExpenses": 0,
    "generalAndAdministrativeExpenses": 9487000,
    "sellingAndMarketingExpenses": 0,
    "sellingGeneralAndAdministrativeExpenses": 9487000,
    "otherExpenses": 25296000,
    "operatingExpenses": 34783000,
    "costAndExpenses": 34783000,
    "interestIncome": 0,
    "interestExpense": 0,
    "depreciationAndAmortization": 23447000,
    "ebitda": 75259000,
    "ebitdaratio": 0.8690917489,
    "operatingIncome": 51812000,
    "operatingIncomeRatio": 0.5983255384,
    "totalOtherIncomeExpensesNet": 0,
    "incomeBeforeTax": 51812000,
    "incomeBeforeTaxRatio": 0.5983255384,
    "incomeTaxExpense": 24228000,
    "netIncome": 22959000,
    "netIncomeRatio": 0.2651307812,
    "eps": 0.31,
    "epsdiluted": 0.31,
    "weightedAverageShsOut": 73224000,
    "weightedAverageShsOutDil": 73791000,
    "link": "https://www.sec.gov/Archives/edgar/data/766704/000095015207001691/0000950152-07-001691-index.htm",
    "finalLink": "https://www.sec.gov/Archives/edgar/data/766704/000095015207001691/l24255ae10vk.htm"
  },
  {
    "date": "2006-09-30",
    "symbol": "WELL",
    "reportedCurrency": "USD",
    "cik": "0000766704",
    "fillingDate": "2006-10-20",
    "acceptedDate": "2006-10-20 16:45:12",
    "calendarYear": "2006",
    "period": "Q3",
    "revenue": 78783000,
    "costOfRevenue": 0,
    "grossProfit": 78783000,
    "grossProfitRatio": 1,
    "researchAndDevelopmentExpenses": 0,
    "generalAndAdministrativeExpenses": 5010000,
    "sellingAndMarketingExpenses": 0,
    "sellingGeneralAndAdministrativeExpenses": 5010000,
    "otherExpenses": 23979000,
    "operatingExpenses": 28989000,
    "costAndExpenses": 28989000,
    "interestIncome": 0,
    "interestExpense": 0,
    "depreciationAndAmortization": 24526000,
    "ebitda": 74320000,
    "ebitdaratio": 0.9433507229,
    "operatingIncome": 49794000,
    "operatingIncomeRatio": 0.6320399071,
    "totalOtherIncomeExpensesNet": 0,
    "incomeBeforeTax": 49794000,
    "incomeBeforeTaxRatio": 0.6320399071,
    "incomeTaxExpense": 23290000,
    "netIncome": 26813000,
    "netIncomeRatio": 0.340339921,
    "eps": 0.34,
    "epsdiluted": 0.34,
    "weightedAverageShsOut": 62524000,
    "weightedAverageShsOutDil": 62866000,
    "link": "https://www.sec.gov/Archives/edgar/data/766704/000095015206008321/0000950152-06-008321-index.htm",
    "finalLink": "https://www.sec.gov/Archives/edgar/data/766704/000095015206008321/l22676ae10vq.htm"
  },
  {
    "date": "2006-06-30",
    "symbol": "WELL",
    "reportedCurrency": "USD",
    "cik": "0000766704",
    "fillingDate": "2006-07-28",
    "acceptedDate": "2006-07-28 16:43:25",
    "calendarYear": "2006",
    "period": "Q2",
    "revenue": 77902000,
    "costOfRevenue": 0,
    "grossProfit": 77902000,
    "grossProfitRatio": 1,
    "researchAndDevelopmentExpenses": 0,
    "generalAndAdministrativeExpenses": 4798000,
    "sellingAndMarketingExpenses": 0,
    "sellingGeneralAndAdministrativeExpenses": 4798000,
    "otherExpenses": 23745000,
    "operatingExpenses": 28543000,
    "costAndExpenses": 28543000,
    "interestIncome": 0,
    "interestExpense": 0,
    "depreciationAndAmortization": 24130000,
    "ebitda": 73489000,
    "ebitdaratio": 0.9433519037,
    "operatingIncome": 49359000,
    "operatingIncomeRatio": 0.6336037586,
    "totalOtherIncomeExpensesNet": 0,
    "incomeBeforeTax": 49359000,
    "incomeBeforeTaxRatio": 0.6336037586,
    "incomeTaxExpense": 22325000,
    "netIncome": 28001000,
    "netIncomeRatio": 0.3594387821,
    "eps": 0.37,
    "epsdiluted": 0.37,
    "weightedAverageShsOut": 61548000,
    "weightedAverageShsOutDil": 61868000,
    "link": "https://www.sec.gov/Archives/edgar/data/766704/000095015206006250/0000950152-06-006250-index.htm",
    "finalLink": "https://www.sec.gov/Archives/edgar/data/766704/000095015206006250/l21359ae10vq.htm"
  },
  {
    "date": "2006-03-31",
    "symbol": "WELL",
    "reportedCurrency": "USD",
    "cik": "0000766704",
    "fillingDate": "2006-05-10",
    "acceptedDate": "2006-05-10 17:00:42",
    "calendarYear": "2006",
    "period": "Q1",
    "revenue": 76008000,
    "costOfRevenue": 0,
    "grossProfit": 76008000,
    "grossProfitRatio": 1,
    "researchAndDevelopmentExpenses": 0,
    "generalAndAdministrativeExpenses": 5976000,
    "sellingAndMarketingExpenses": 0,
    "sellingGeneralAndAdministrativeExpenses": 5976000,
    "otherExpenses": 22786000,
    "operatingExpenses": 28762000,
    "costAndExpenses": 28762000,
    "interestIncome": 0,
    "interestExpense": 0,
    "depreciationAndAmortization": 23262000,
    "ebitda": 70508000,
    "ebitdaratio": 0.9276391959,
    "operatingIncome": 47246000,
    "operatingIncomeRatio": 0.621592464,
    "totalOtherIncomeExpensesNet": 0,
    "incomeBeforeTax": 47246000,
    "incomeBeforeTaxRatio": 0.621592464,
    "incomeTaxExpense": 23523000,
    "netIncome": 24978000,
    "netIncomeRatio": 0.3286233028,
    "eps": 0.34,
    "epsdiluted": 0.34,
    "weightedAverageShsOut": 58178000,
    "weightedAverageShsOutDil": 58535000,
    "link": "https://www.sec.gov/Archives/edgar/data/766704/000095015206004253/0000950152-06-004253-index.htm",
    "finalLink": "https://www.sec.gov/Archives/edgar/data/766704/000095015206004253/l19845ae10vq.htm"
  },
  {
    "date": "2005-12-31",
    "symbol": "WELL",
    "reportedCurrency": "USD",
    "cik": "0000766704",
    "fillingDate": "2006-03-10",
    "acceptedDate": "2006-03-10 17:39:11",
    "calendarYear": "2005",
    "period": "Q4",
    "revenue": 74567000,
    "costOfRevenue": 0,
    "grossProfit": 74567000,
    "grossProfitRatio": 1,
    "researchAndDevelopmentExpenses": 0,
    "generalAndAdministrativeExpenses": 4256000,
    "sellingAndMarketingExpenses": 0,
    "sellingGeneralAndAdministrativeExpenses": 4256000,
    "otherExpenses": 1688000,
    "operatingExpenses": 5944000,
    "costAndExpenses": 5944000,
    "interestIncome": 0,
    "interestExpense": 0,
    "depreciationAndAmortization": 22063000,
    "ebitda": 90686000,
    "ebitdaratio": 1.21616801,
    "operatingIncome": 68623000,
    "operatingIncomeRatio": 0.9202864538,
    "totalOtherIncomeExpensesNet": 0,
    "incomeBeforeTax": 68623000,
    "incomeBeforeTaxRatio": 0.9202864538,
    "incomeTaxExpense": 41610000,
    "netIncome": 31920000,
    "netIncomeRatio": 0.4280713989,
    "eps": 0.55,
    "epsdiluted": 0.55,
    "weightedAverageShsOut": 58178000,
    "weightedAverageShsOutDil": 58535000,
    "link": "https://www.sec.gov/Archives/edgar/data/766704/000095015206001977/0000950152-06-001977-index.htm",
    "finalLink": "https://www.sec.gov/Archives/edgar/data/766704/000095015206001977/l17863ae10vk.htm"
  },
  {
    "date": "2005-09-30",
    "symbol": "WELL",
    "reportedCurrency": "USD",
    "cik": "0000766704",
    "fillingDate": "2005-10-21",
    "acceptedDate": "2005-10-21 12:07:35",
    "calendarYear": "2005",
    "period": "Q3",
    "revenue": 70286000,
    "costOfRevenue": 0,
    "grossProfit": 70286000,
    "grossProfitRatio": 1,
    "researchAndDevelopmentExpenses": 0,
    "generalAndAdministrativeExpenses": 4640000,
    "sellingAndMarketingExpenses": 0,
    "sellingGeneralAndAdministrativeExpenses": 4640000,
    "otherExpenses": 20888000,
    "operatingExpenses": 25528000,
    "costAndExpenses": 25528000,
    "interestIncome": 0,
    "interestExpense": 0,
    "depreciationAndAmortization": 22662000,
    "ebitda": 67420000,
    "ebitdaratio": 0.959223743,
    "operatingIncome": 44758000,
    "operatingIncomeRatio": 0.6367982244,
    "totalOtherIncomeExpensesNet": 0,
    "incomeBeforeTax": 44758000,
    "incomeBeforeTaxRatio": 0.6367982244,
    "incomeTaxExpense": 20477000,
    "netIncome": 25297000,
    "netIncomeRatio": 0.3599152036,
    "eps": 0.37,
    "epsdiluted": 0.37,
    "weightedAverageShsOut": 54038000,
    "weightedAverageShsOutDil": 54359000,
    "link": "https://www.sec.gov/Archives/edgar/data/766704/000095015205008303/0000950152-05-008303-index.htm",
    "finalLink": "https://www.sec.gov/Archives/edgar/data/766704/000095015205008303/l16497ae10vq.htm"
  },
  {
    "date": "2005-06-30",
    "symbol": "WELL",
    "reportedCurrency": "USD",
    "cik": "0000766704",
    "fillingDate": "2005-07-22",
    "acceptedDate": "2005-07-22 15:28:40",
    "calendarYear": "2005",
    "period": "Q2",
    "revenue": 65393000,
    "costOfRevenue": 0,
    "grossProfit": 65393000,
    "grossProfitRatio": 1,
    "researchAndDevelopmentExpenses": 0,
    "generalAndAdministrativeExpenses": 4337000,
    "sellingAndMarketingExpenses": 0,
    "sellingGeneralAndAdministrativeExpenses": 4337000,
    "otherExpenses": 38730000,
    "operatingExpenses": 43067000,
    "costAndExpenses": 43067000,
    "interestIncome": 0,
    "interestExpense": 0,
    "depreciationAndAmortization": 22691000,
    "ebitda": 45017000,
    "ebitdaratio": 0.688407016,
    "operatingIncome": 22326000,
    "operatingIncomeRatio": 0.3414126894,
    "totalOtherIncomeExpensesNet": 0,
    "incomeBeforeTax": 22326000,
    "incomeBeforeTaxRatio": 0.3414126894,
    "incomeTaxExpense": 19073000,
    "netIncome": 3830000,
    "netIncomeRatio": 0.05856896,
    "eps": 0.0717,
    "epsdiluted": 0.0717,
    "weightedAverageShsOut": 53429000,
    "weightedAverageShsOutDil": 53429000,
    "link": "https://www.sec.gov/Archives/edgar/data/766704/000095015205006123/0000950152-05-006123-index.htm",
    "finalLink": "https://www.sec.gov/Archives/edgar/data/766704/000095015205006123/l14996ae10vq.htm"
  },
  {
    "date": "2005-03-31",
    "symbol": "WELL",
    "reportedCurrency": "USD",
    "cik": "0000766704",
    "fillingDate": "2005-05-10",
    "acceptedDate": "2005-05-10 15:09:29",
    "calendarYear": "2005",
    "period": "Q1",
    "revenue": 65198000,
    "costOfRevenue": 0,
    "grossProfit": 65198000,
    "grossProfitRatio": 1,
    "researchAndDevelopmentExpenses": 0,
    "generalAndAdministrativeExpenses": 4017000,
    "sellingAndMarketingExpenses": 0,
    "sellingGeneralAndAdministrativeExpenses": 4017000,
    "otherExpenses": 19743000,
    "operatingExpenses": 23760000,
    "costAndExpenses": 23760000,
    "interestIncome": 0,
    "interestExpense": 0,
    "depreciationAndAmortization": 21438000,
    "ebitda": 62876000,
    "ebitdaratio": 0.9643854106,
    "operatingIncome": 41438000,
    "operatingIncomeRatio": 0.6355716433,
    "totalOtherIncomeExpensesNet": 0,
    "incomeBeforeTax": 41438000,
    "incomeBeforeTaxRatio": 0.6355716433,
    "incomeTaxExpense": 18697000,
    "netIncome": 23239000,
    "netIncomeRatio": 0.356437314,
    "eps": 0.34,
    "epsdiluted": 0.33,
    "weightedAverageShsOut": 52963000,
    "weightedAverageShsOutDil": 53454000,
    "link": "https://www.sec.gov/Archives/edgar/data/766704/000095015205004248/0000950152-05-004248-index.htm",
    "finalLink": "https://www.sec.gov/Archives/edgar/data/766704/000095015205004248/l13317ae10vq.htm"
  },
  {
    "date": "2004-12-31",
    "symbol": "WELL",
    "reportedCurrency": "USD",
    "cik": "0000766704",
    "fillingDate": "2005-03-16",
    "acceptedDate": "2005-03-16 16:35:24",
    "calendarYear": "2004",
    "period": "Q4",
    "revenue": 43046000,
    "costOfRevenue": 0,
    "grossProfit": 43046000,
    "grossProfitRatio": 1,
    "researchAndDevelopmentExpenses": 0,
    "generalAndAdministrativeExpenses": 6246000,
    "sellingAndMarketingExpenses": 0,
    "sellingGeneralAndAdministrativeExpenses": 6246000,
    "otherExpenses": 21028000,
    "operatingExpenses": 27274000,
    "costAndExpenses": 27274000,
    "interestIncome": 0,
    "interestExpense": 0,
    "depreciationAndAmortization": 99588000,
    "ebitda": 115360000,
    "ebitdaratio": 2.6799238024,
    "operatingIncome": 15772000,
    "operatingIncomeRatio": 0.3663987362,
    "totalOtherIncomeExpensesNet": 0,
    "incomeBeforeTax": 15772000,
    "incomeBeforeTaxRatio": 0.3663987362,
    "incomeTaxExpense": -6678000,
    "netIncome": 21210000,
    "netIncomeRatio": 0.4927287088,
    "eps": 0.4,
    "epsdiluted": 0.4,
    "weightedAverageShsOut": 52963000,
    "weightedAverageShsOutDil": 53454000,
    "link": "https://www.sec.gov/Archives/edgar/data/766704/000095015205002226/0000950152-05-002226-index.htm",
    "finalLink": "https://www.sec.gov/Archives/edgar/data/766704/000095015205002226/l12413ae10vk.htm"
  },
  {
    "date": "2004-09-30",
    "symbol": "WELL",
    "reportedCurrency": "USD",
    "cik": "0000766704",
    "fillingDate": "2004-10-26",
    "acceptedDate": "2004-10-26 17:31:41",
    "calendarYear": "2004",
    "period": "Q3",
    "revenue": 61801000,
    "costOfRevenue": 0,
    "grossProfit": 61801000,
    "grossProfitRatio": 1,
    "researchAndDevelopmentExpenses": 0,
    "generalAndAdministrativeExpenses": 3618000,
    "sellingAndMarketingExpenses": 0,
    "sellingGeneralAndAdministrativeExpenses": 3618000,
    "otherExpenses": 19507000,
    "operatingExpenses": 23125000,
    "costAndExpenses": 23125000,
    "interestIncome": 0,
    "interestExpense": 0,
    "depreciationAndAmortization": 19910000,
    "ebitda": 58586000,
    "ebitdaratio": 0.9479781881,
    "operatingIncome": 38676000,
    "operatingIncomeRatio": 0.6258151163,
    "totalOtherIncomeExpensesNet": 0,
    "incomeBeforeTax": 38676000,
    "incomeBeforeTaxRatio": 0.6258151163,
    "incomeTaxExpense": 17376000,
    "netIncome": 21807000,
    "netIncomeRatio": 0.352858368,
    "eps": 0.37,
    "epsdiluted": 0.37,
    "weightedAverageShsOut": 51538000,
    "weightedAverageShsOutDil": 52008000,
    "link": "https://www.sec.gov/Archives/edgar/data/766704/000095015204007643/0000950152-04-007643-index.htm",
    "finalLink": "https://www.sec.gov/Archives/edgar/data/766704/000095015204007643/l09960ae10vq.htm"
  },
  {
    "date": "2004-06-30",
    "symbol": "WELL",
    "reportedCurrency": "USD",
    "cik": "0000766704",
    "fillingDate": "2004-07-23",
    "acceptedDate": "2004-07-23 15:51:34",
    "calendarYear": "2004",
    "period": "Q2",
    "revenue": 58901000,
    "costOfRevenue": 0,
    "grossProfit": 58901000,
    "grossProfitRatio": 1,
    "researchAndDevelopmentExpenses": 0,
    "generalAndAdministrativeExpenses": 3560000,
    "sellingAndMarketingExpenses": 0,
    "sellingGeneralAndAdministrativeExpenses": 3560000,
    "otherExpenses": 18338000,
    "operatingExpenses": 21898000,
    "costAndExpenses": 21898000,
    "interestIncome": 0,
    "interestExpense": 0,
    "depreciationAndAmortization": 18774000,
    "ebitda": 55777000,
    "ebitdaratio": 0.9469618512,
    "operatingIncome": 37003000,
    "operatingIncomeRatio": 0.6282236295,
    "totalOtherIncomeExpensesNet": 0,
    "incomeBeforeTax": 37003000,
    "incomeBeforeTaxRatio": 0.6282236295,
    "incomeTaxExpense": 17104000,
    "netIncome": 21429000,
    "netIncomeRatio": 0.3638138572,
    "eps": 0.37,
    "epsdiluted": 0.37,
    "weightedAverageShsOut": 51232000,
    "weightedAverageShsOutDil": 51828000,
    "link": "https://www.sec.gov/Archives/edgar/data/766704/000095015204005588/0000950152-04-005588-index.htm",
    "finalLink": "https://www.sec.gov/Archives/edgar/data/766704/000095015204005588/l08627ae10vq.htm"
  },
  {
    "date": "2004-03-31",
    "symbol": "WELL",
    "reportedCurrency": "USD",
    "cik": "0000766704",
    "fillingDate": "2004-05-10",
    "acceptedDate": "2004-05-10 16:43:17",
    "calendarYear": "2004",
    "period": "Q1",
    "revenue": 59645000,
    "costOfRevenue": 0,
    "grossProfit": 59645000,
    "grossProfitRatio": 1,
    "researchAndDevelopmentExpenses": 0,
    "generalAndAdministrativeExpenses": 3159000,
    "sellingAndMarketingExpenses": 0,
    "sellingGeneralAndAdministrativeExpenses": 3159000,
    "otherExpenses": 17725000,
    "operatingExpenses": 20884000,
    "costAndExpenses": 20884000,
    "interestIncome": 0,
    "interestExpense": 0,
    "depreciationAndAmortization": 18252000,
    "ebitda": 57013000,
    "ebitdaratio": 0.9558722441,
    "operatingIncome": 38761000,
    "operatingIncomeRatio": 0.6498616816,
    "totalOtherIncomeExpensesNet": 0,
    "incomeBeforeTax": 38761000,
    "incomeBeforeTaxRatio": 0.6498616816,
    "incomeTaxExpense": 18148000,
    "netIncome": 20925000,
    "netIncomeRatio": 0.3508257188,
    "eps": 0.37,
    "epsdiluted": 0.36,
    "weightedAverageShsOut": 50580000,
    "weightedAverageShsOutDil": 51358000,
    "link": "https://www.sec.gov/Archives/edgar/data/766704/000095015204003816/0000950152-04-003816-index.htm",
    "finalLink": "https://www.sec.gov/Archives/edgar/data/766704/000095015204003816/l06882ae10vq.txt"
  },
  {
    "date": "2003-12-31",
    "symbol": "WELL",
    "reportedCurrency": "USD",
    "cik": "0000766704",
    "fillingDate": "2004-03-12",
    "acceptedDate": "2004-03-12 17:20:14",
    "calendarYear": "2003",
    "period": "Q4",
    "revenue": 61198000,
    "costOfRevenue": 0,
    "grossProfit": 61198000,
    "grossProfitRatio": 1,
    "researchAndDevelopmentExpenses": 0,
    "generalAndAdministrativeExpenses": 3031000,
    "sellingAndMarketingExpenses": 0,
    "sellingGeneralAndAdministrativeExpenses": 3031000,
    "otherExpenses": 19083000,
    "operatingExpenses": 22114000,
    "costAndExpenses": 22114000,
    "interestIncome": 0,
    "interestExpense": 0,
    "depreciationAndAmortization": 17200000,
    "ebitda": 56284000,
    "ebitdaratio": 0.9197032583,
    "operatingIncome": 39084000,
    "operatingIncomeRatio": 0.6386483218,
    "totalOtherIncomeExpensesNet": 0,
    "incomeBeforeTax": 39084000,
    "incomeBeforeTaxRatio": 0.6386483218,
    "incomeTaxExpense": 19843000,
    "netIncome": 19080000,
    "netIncomeRatio": 0.3117748946,
    "eps": 0.38,
    "epsdiluted": 0.37,
    "weightedAverageShsOut": 50580000,
    "weightedAverageShsOutDil": 51358000,
    "link": "https://www.sec.gov/Archives/edgar/data/766704/000095015204001895/0000950152-04-001895-index.htm",
    "finalLink": "https://www.sec.gov/Archives/edgar/data/766704/000095015204001895/l05635ae10vk.txt"
  },
  {
    "date": "2003-09-30",
    "symbol": "WELL",
    "reportedCurrency": "USD",
    "cik": "0000766704",
    "fillingDate": "2003-10-24",
    "acceptedDate": "2003-10-24 17:17:57",
    "calendarYear": "2003",
    "period": "Q3",
    "revenue": 49086000,
    "costOfRevenue": 0,
    "grossProfit": 49086000,
    "grossProfitRatio": 1,
    "researchAndDevelopmentExpenses": 0,
    "generalAndAdministrativeExpenses": 2995000,
    "sellingAndMarketingExpenses": 0,
    "sellingGeneralAndAdministrativeExpenses": 2995000,
    "otherExpenses": 13566000,
    "operatingExpenses": 16561000,
    "costAndExpenses": 16561000,
    "interestIncome": 0,
    "interestExpense": 0,
    "depreciationAndAmortization": 14189000,
    "ebitda": 46714000,
    "ebitdaratio": 0.9516766491,
    "operatingIncome": 32525000,
    "operatingIncomeRatio": 0.6626125576,
    "totalOtherIncomeExpensesNet": 0,
    "incomeBeforeTax": 32525000,
    "incomeBeforeTaxRatio": 0.6626125576,
    "incomeTaxExpense": 12801000,
    "netIncome": 25301000,
    "netIncomeRatio": 0.515442285,
    "eps": 0.47,
    "epsdiluted": 0.46,
    "weightedAverageShsOut": 44181000,
    "weightedAverageShsOutDil": 44833000,
    "link": "https://www.sec.gov/Archives/edgar/data/766704/000095015203009076/0000950152-03-009076-index.htm",
    "finalLink": "https://www.sec.gov/Archives/edgar/data/766704/000095015203009076/l03462ae10vq.txt"
  },
  {
    "date": "2003-06-30",
    "symbol": "WELL",
    "reportedCurrency": "USD",
    "cik": "0000766704",
    "fillingDate": "2003-07-21",
    "acceptedDate": "2003-07-21 15:10:38",
    "calendarYear": "2003",
    "period": "Q2",
    "revenue": 44822000,
    "costOfRevenue": 0,
    "grossProfit": 44822000,
    "grossProfitRatio": 1,
    "researchAndDevelopmentExpenses": 0,
    "generalAndAdministrativeExpenses": 2847000,
    "sellingAndMarketingExpenses": 0,
    "sellingGeneralAndAdministrativeExpenses": 2847000,
    "otherExpenses": 11714000,
    "operatingExpenses": 14561000,
    "costAndExpenses": 14561000,
    "interestIncome": 0,
    "interestExpense": 0,
    "depreciationAndAmortization": 12593000,
    "ebitda": 42854000,
    "ebitdaratio": 0.95609299,
    "operatingIncome": 30261000,
    "operatingIncomeRatio": 0.6751372094,
    "totalOtherIncomeExpensesNet": 0,
    "incomeBeforeTax": 30261000,
    "incomeBeforeTaxRatio": 0.6751372094,
    "incomeTaxExpense": 12292000,
    "netIncome": 19062000,
    "netIncomeRatio": 0.4252822275,
    "eps": 0.41,
    "epsdiluted": 0.41,
    "weightedAverageShsOut": 40546000,
    "weightedAverageShsOutDil": 41136000,
    "link": "https://www.sec.gov/Archives/edgar/data/766704/000095015203006942/0000950152-03-006942-index.htm",
    "finalLink": "https://www.sec.gov/Archives/edgar/data/766704/000095015203006942/l01997ae10vq.txt"
  },
  {
    "date": "2003-03-31",
    "symbol": "WELL",
    "reportedCurrency": "USD",
    "cik": "0000766704",
    "fillingDate": "2003-05-07",
    "acceptedDate": "2003-05-07 16:51:24",
    "calendarYear": "2003",
    "period": "Q1",
    "revenue": 44137000,
    "costOfRevenue": 0,
    "grossProfit": 44137000,
    "grossProfitRatio": 1,
    "researchAndDevelopmentExpenses": 0,
    "generalAndAdministrativeExpenses": 2611000,
    "sellingAndMarketingExpenses": 0,
    "sellingGeneralAndAdministrativeExpenses": 2611000,
    "otherExpenses": 11805000,
    "operatingExpenses": 14416000,
    "costAndExpenses": 14416000,
    "interestIncome": 0,
    "interestExpense": 0,
    "depreciationAndAmortization": 12845000,
    "ebitda": 42566000,
    "ebitdaratio": 0.9644062804,
    "operatingIncome": 29721000,
    "operatingIncomeRatio": 0.6733806104,
    "totalOtherIncomeExpensesNet": 0,
    "incomeBeforeTax": 29721000,
    "incomeBeforeTaxRatio": 0.6733806104,
    "incomeTaxExpense": 11383000,
    "netIncome": 19297000,
    "netIncomeRatio": 0.4372068786,
    "eps": 0.41,
    "epsdiluted": 0.41,
    "weightedAverageShsOut": 39971000,
    "weightedAverageShsOutDil": 40473000,
    "link": "https://www.sec.gov/Archives/edgar/data/766704/000095015203005131/0000950152-03-005131-index.htm",
    "finalLink": "https://www.sec.gov/Archives/edgar/data/766704/000095015203005131/l00390ae10vq.txt"
  },
  {
    "date": "2002-12-31",
    "symbol": "WELL",
    "reportedCurrency": "USD",
    "cik": "0000766704",
    "fillingDate": "2003-03-10",
    "acceptedDate": "2003-03-07 18:52:56",
    "calendarYear": "2002",
    "period": "Q4",
    "revenue": 45072000,
    "costOfRevenue": 0,
    "grossProfit": 45072000,
    "grossProfitRatio": 1,
    "researchAndDevelopmentExpenses": 0,
    "generalAndAdministrativeExpenses": 2625000,
    "sellingAndMarketingExpenses": 0,
    "sellingGeneralAndAdministrativeExpenses": 2625000,
    "otherExpenses": 11712000,
    "operatingExpenses": 14337000,
    "costAndExpenses": 14337000,
    "interestIncome": 0,
    "interestExpense": 0,
    "depreciationAndAmortization": 12655000,
    "ebitda": 43390000,
    "ebitdaratio": 0.9626819311,
    "operatingIncome": 30735000,
    "operatingIncomeRatio": 0.6819089457,
    "totalOtherIncomeExpensesNet": 0,
    "incomeBeforeTax": 30735000,
    "incomeBeforeTaxRatio": 0.6819089457,
    "incomeTaxExpense": 13846000,
    "netIncome": 15175000,
    "netIncomeRatio": 0.3366835286,
    "eps": 0.38,
    "epsdiluted": 0.37,
    "weightedAverageShsOut": 39971000,
    "weightedAverageShsOutDil": 40473000,
    "link": "https://www.sec.gov/Archives/edgar/data/766704/000095015203002693/0000950152-03-002693-index.htm",
    "finalLink": "https://www.sec.gov/Archives/edgar/data/766704/000095015203002693/l99123ae10vk.txt"
  },
  {
    "date": "2002-09-30",
    "symbol": "WELL",
    "reportedCurrency": "USD",
    "cik": "0000766704",
    "fillingDate": "2002-11-07",
    "acceptedDate": "2002-11-07 14:02:13",
    "calendarYear": "2002",
    "period": "Q3",
    "revenue": 40148000,
    "costOfRevenue": 0,
    "grossProfit": 40148000,
    "grossProfitRatio": 1,
    "researchAndDevelopmentExpenses": 0,
    "generalAndAdministrativeExpenses": 2496000,
    "sellingAndMarketingExpenses": 0,
    "sellingGeneralAndAdministrativeExpenses": 2496000,
    "otherExpenses": 10071000,
    "operatingExpenses": 12567000,
    "costAndExpenses": 12567000,
    "interestIncome": 0,
    "interestExpense": 0,
    "depreciationAndAmortization": 11271000,
    "ebitda": 38852000,
    "ebitdaratio": 0.9677194381,
    "operatingIncome": 27581000,
    "operatingIncomeRatio": 0.6869831623,
    "totalOtherIncomeExpensesNet": 0,
    "incomeBeforeTax": 27581000,
    "incomeBeforeTaxRatio": 0.6869831623,
    "incomeTaxExpense": 9556000,
    "netIncome": 19763000,
    "netIncomeRatio": 0.4922536615,
    "eps": 0.44,
    "epsdiluted": 0.43,
    "weightedAverageShsOut": 38628000,
    "weightedAverageShsOutDil": 39324000,
    "link": "https://www.sec.gov/Archives/edgar/data/766704/000095015202008128/0000950152-02-008128-index.htm",
    "finalLink": "https://www.sec.gov/Archives/edgar/data/766704/000095015202008128/l96752ae10vq.txt"
  },
  {
    "date": "2002-06-30",
    "symbol": "WELL",
    "reportedCurrency": "USD",
    "cik": "0000766704",
    "fillingDate": "2002-08-14",
    "acceptedDate": "2002-08-14 15:24:46",
    "calendarYear": "2002",
    "period": "Q2",
    "revenue": 39384000,
    "costOfRevenue": 0,
    "grossProfit": 39384000,
    "grossProfitRatio": 1,
    "researchAndDevelopmentExpenses": 0,
    "generalAndAdministrativeExpenses": 2285000,
    "sellingAndMarketingExpenses": 0,
    "sellingGeneralAndAdministrativeExpenses": 2285000,
    "otherExpenses": 11044000,
    "operatingExpenses": 13329000,
    "costAndExpenses": 13329000,
    "interestIncome": 0,
    "interestExpense": 0,
    "depreciationAndAmortization": 10675000,
    "ebitda": 36730000,
    "ebitdaratio": 0.9326122283,
    "operatingIncome": 26055000,
    "operatingIncomeRatio": 0.6615630713,
    "totalOtherIncomeExpensesNet": 0,
    "incomeBeforeTax": 26055000,
    "incomeBeforeTaxRatio": 0.6615630713,
    "incomeTaxExpense": 10026000,
    "netIncome": 16831000,
    "netIncomeRatio": 0.4273562868,
    "eps": 0.38,
    "epsdiluted": 0.37,
    "weightedAverageShsOut": 35446000,
    "weightedAverageShsOutDil": 36223000,
    "link": "https://www.sec.gov/Archives/edgar/data/766704/000095015202006410/0000950152-02-006410-index.htm",
    "finalLink": "https://www.sec.gov/Archives/edgar/data/766704/000095015202006410/l94963ae10vq.txt"
  },
  {
    "date": "2002-03-31",
    "symbol": "WELL",
    "reportedCurrency": "USD",
    "cik": "0000766704",
    "fillingDate": "2002-05-07",
    "acceptedDate": "2002-05-07 17:19:45",
    "calendarYear": "2002",
    "period": "Q1",
    "revenue": 36083000,
    "costOfRevenue": 0,
    "grossProfit": 36083000,
    "grossProfitRatio": 1,
    "researchAndDevelopmentExpenses": 0,
    "generalAndAdministrativeExpenses": 2261000,
    "sellingAndMarketingExpenses": 0,
    "sellingGeneralAndAdministrativeExpenses": 2261000,
    "otherExpenses": 9120000,
    "operatingExpenses": 11381000,
    "costAndExpenses": 11381000,
    "interestIncome": 0,
    "interestExpense": 0,
    "depreciationAndAmortization": 9677000,
    "ebitda": 34379000,
    "ebitdaratio": 0.9527755453,
    "operatingIncome": 24702000,
    "operatingIncomeRatio": 0.6845883103,
    "totalOtherIncomeExpensesNet": 0,
    "incomeBeforeTax": 24702000,
    "incomeBeforeTaxRatio": 0.6845883103,
    "incomeTaxExpense": 9479000,
    "netIncome": 15888000,
    "netIncomeRatio": 0.4403181554,
    "eps": 0.38,
    "epsdiluted": 0.37,
    "weightedAverageShsOut": 32946000,
    "weightedAverageShsOutDil": 33693000,
    "link": "https://www.sec.gov/Archives/edgar/data/766704/000095015202003872/0000950152-02-003872-index.htm",
    "finalLink": "https://www.sec.gov/Archives/edgar/data/766704/000095015202003872/l93886ae10-q.txt"
  },
  {
    "date": "2001-12-31",
    "symbol": "WELL",
    "reportedCurrency": "USD",
    "cik": "0000766704",
    "fillingDate": "2002-03-25",
    "acceptedDate": "2002-03-25 00:00:00",
    "calendarYear": "2001",
    "period": "Q4",
    "revenue": 35068000,
    "costOfRevenue": 0,
    "grossProfit": 35068000,
    "grossProfitRatio": 1,
    "researchAndDevelopmentExpenses": 0,
    "generalAndAdministrativeExpenses": 2122000,
    "sellingAndMarketingExpenses": 0,
    "sellingGeneralAndAdministrativeExpenses": 2122000,
    "otherExpenses": 10017000,
    "operatingExpenses": 12139000,
    "costAndExpenses": 12139000,
    "interestIncome": 0,
    "interestExpense": 0,
    "depreciationAndAmortization": 10116000,
    "ebitda": 33045000,
    "ebitdaratio": 0.9423120794,
    "operatingIncome": 22929000,
    "operatingIncomeRatio": 0.6538439603,
    "totalOtherIncomeExpensesNet": 0,
    "incomeBeforeTax": 22929000,
    "incomeBeforeTaxRatio": 0.6538439603,
    "incomeTaxExpense": 9671000,
    "netIncome": 13258000,
    "netIncomeRatio": 0.3780654728,
    "eps": 0.4,
    "epsdiluted": 0.39,
    "weightedAverageShsOut": 32946000,
    "weightedAverageShsOutDil": 33693000,
    "link": "https://www.sec.gov/Archives/edgar/data/766704/000095015202002172/0000950152-02-002172-index.htm",
    "finalLink": "https://www.sec.gov/Archives/edgar/data/766704/000095015202002172/l92984ae10-k405.txt"
  },
  {
    "date": "2001-09-30",
    "symbol": "WELL",
    "reportedCurrency": "USD",
    "cik": "0000766704",
    "fillingDate": "2001-10-30",
    "acceptedDate": "2001-10-30 00:00:00",
    "calendarYear": "2001",
    "period": "Q3",
    "revenue": 33413000,
    "costOfRevenue": 0,
    "grossProfit": 33413000,
    "grossProfitRatio": 1,
    "researchAndDevelopmentExpenses": 0,
    "generalAndAdministrativeExpenses": 2070000,
    "sellingAndMarketingExpenses": 0,
    "sellingGeneralAndAdministrativeExpenses": 2070000,
    "otherExpenses": -9486000,
    "operatingExpenses": -7416000,
    "costAndExpenses": -7416000,
    "interestIncome": 0,
    "interestExpense": 0,
    "depreciationAndAmortization": 8079000,
    "ebitda": 48908000,
    "ebitdaratio": 1.4637416574,
    "operatingIncome": 40829000,
    "operatingIncomeRatio": 1.2219495406,
    "totalOtherIncomeExpensesNet": 0,
    "incomeBeforeTax": 40829000,
    "incomeBeforeTaxRatio": 1.2219495406,
    "incomeTaxExpense": 24505000,
    "netIncome": 16967000,
    "netIncomeRatio": 0.5077963667,
    "eps": 0.42,
    "epsdiluted": 0.41,
    "weightedAverageShsOut": 32205000,
    "weightedAverageShsOutDil": 32762000,
    "link": "https://www.sec.gov/Archives/edgar/data/766704/000095015201505296/0000950152-01-505296-index.htm",
    "finalLink": "https://www.sec.gov/Archives/edgar/data/766704/000095015201505296/l90942ae10-q.txt"
  },
  {
    "date": "2001-06-30",
    "symbol": "WELL",
    "reportedCurrency": "USD",
    "cik": "0000766704",
    "fillingDate": "2001-07-30",
    "acceptedDate": "2001-07-30 00:00:00",
    "calendarYear": "2001",
    "period": "Q2",
    "revenue": 32698000,
    "costOfRevenue": 0,
    "grossProfit": 32698000,
    "grossProfitRatio": 1,
    "researchAndDevelopmentExpenses": 0,
    "generalAndAdministrativeExpenses": 2034000,
    "sellingAndMarketingExpenses": 0,
    "sellingGeneralAndAdministrativeExpenses": 2034000,
    "otherExpenses": 7621000,
    "operatingExpenses": 9655000,
    "costAndExpenses": 9655000,
    "interestIncome": 0,
    "interestExpense": 0,
    "depreciationAndAmortization": 7733000,
    "ebitda": 30776000,
    "ebitdaratio": 0.9412196465,
    "operatingIncome": 23043000,
    "operatingIncomeRatio": 0.7047220013,
    "totalOtherIncomeExpensesNet": 0,
    "incomeBeforeTax": 23043000,
    "incomeBeforeTaxRatio": 0.7047220013,
    "incomeTaxExpense": 7968000,
    "netIncome": 15123000,
    "netIncomeRatio": 0.462505352,
    "eps": 0.41,
    "epsdiluted": 0.4,
    "weightedAverageShsOut": 28985000,
    "weightedAverageShsOutDil": 29402000,
    "link": "https://www.sec.gov/Archives/edgar/data/766704/000095015201503439/0000950152-01-503439-index.htm",
    "finalLink": "https://www.sec.gov/Archives/edgar/data/766704/000095015201503439/l89586ae10-q.txt"
  },
  {
    "date": "2001-03-31",
    "symbol": "WELL",
    "reportedCurrency": "USD",
    "cik": "0000766704",
    "fillingDate": "2001-05-14",
    "acceptedDate": "2001-05-14 00:00:00",
    "calendarYear": "2001",
    "period": "Q1",
    "revenue": 32577000,
    "costOfRevenue": 0,
    "grossProfit": 32577000,
    "grossProfitRatio": 1,
    "researchAndDevelopmentExpenses": 0,
    "generalAndAdministrativeExpenses": 1851000,
    "sellingAndMarketingExpenses": 0,
    "sellingGeneralAndAdministrativeExpenses": 1851000,
    "otherExpenses": 7411000,
    "operatingExpenses": 9262000,
    "costAndExpenses": 9262000,
    "interestIncome": 0,
    "interestExpense": 0,
    "depreciationAndAmortization": 7513000,
    "ebitda": 30828000,
    "ebitdaratio": 0.9463118151,
    "operatingIncome": 23315000,
    "operatingIncomeRatio": 0.715688983,
    "totalOtherIncomeExpensesNet": 0,
    "incomeBeforeTax": 23315000,
    "incomeBeforeTaxRatio": 0.715688983,
    "incomeTaxExpense": 8112000,
    "netIncome": 15203000,
    "netIncomeRatio": 0.4666789453,
    "eps": 0.41,
    "epsdiluted": 0.41,
    "weightedAverageShsOut": 28617000,
    "weightedAverageShsOutDil": 28871000,
    "link": "https://www.sec.gov/Archives/edgar/data/766704/000095015201501908/0000950152-01-501908-index.htm",
    "finalLink": "https://www.sec.gov/Archives/edgar/data/766704/000095015201501908/l88293ae10-q.txt"
  },
  {
    "date": "2000-12-31",
    "symbol": "WELL",
    "reportedCurrency": "USD",
    "cik": "0000766704",
    "fillingDate": "2001-03-26",
    "acceptedDate": "2001-03-26 00:00:00",
    "calendarYear": "2000",
    "period": "Q4",
    "revenue": 33164000,
    "costOfRevenue": 0,
    "grossProfit": 33164000,
    "grossProfitRatio": 1,
    "researchAndDevelopmentExpenses": 0,
    "generalAndAdministrativeExpenses": 1751000,
    "sellingAndMarketingExpenses": 0,
    "sellingGeneralAndAdministrativeExpenses": 1751000,
    "otherExpenses": 6684000,
    "operatingExpenses": 8435000,
    "costAndExpenses": 8435000,
    "interestIncome": 0,
    "interestExpense": 0,
    "depreciationAndAmortization": 6728000,
    "ebitda": 31457000,
    "ebitdaratio": 0.9485285249,
    "operatingIncome": 24729000,
    "operatingIncomeRatio": 0.7456579423,
    "totalOtherIncomeExpensesNet": 0,
    "incomeBeforeTax": 24729000,
    "incomeBeforeTaxRatio": 0.7456579423,
    "incomeTaxExpense": 13293000,
    "netIncome": 14812000,
    "netIncomeRatio": 0.4466288747,
    "eps": 0.52,
    "epsdiluted": 0.51,
    "weightedAverageShsOut": 28617000,
    "weightedAverageShsOutDil": 28871000,
    "link": "https://www.sec.gov/Archives/edgar/data/766704/000095015201001541/0000950152-01-001541-index.htm",
    "finalLink": "https://www.sec.gov/Archives/edgar/data/766704/000095015201001541/l87094ae10-k.txt"
  },
  {
    "date": "2000-09-30",
    "symbol": "WELL",
    "reportedCurrency": "USD",
    "cik": "0000766704",
    "fillingDate": "2000-10-31",
    "acceptedDate": "2000-10-31 00:00:00",
    "calendarYear": "2000",
    "period": "Q3",
    "revenue": 33351000,
    "costOfRevenue": 0,
    "grossProfit": 33351000,
    "grossProfitRatio": 1,
    "researchAndDevelopmentExpenses": 0,
    "generalAndAdministrativeExpenses": 1823000,
    "sellingAndMarketingExpenses": 0,
    "sellingGeneralAndAdministrativeExpenses": 1823000,
    "otherExpenses": 6511000,
    "operatingExpenses": 8334000,
    "costAndExpenses": 8334000,
    "interestIncome": 0,
    "interestExpense": 0,
    "depreciationAndAmortization": 6557000,
    "ebitda": 31574000,
    "ebitdaratio": 0.9467182393,
    "operatingIncome": 25017000,
    "operatingIncomeRatio": 0.7501124404,
    "totalOtherIncomeExpensesNet": 0,
    "incomeBeforeTax": 25017000,
    "incomeBeforeTaxRatio": 0.7501124404,
    "incomeTaxExpense": 7856000,
    "netIncome": 17161000,
    "netIncomeRatio": 0.5145572846,
    "eps": 0.48,
    "epsdiluted": 0.48,
    "weightedAverageShsOut": 28507000,
    "weightedAverageShsOutDil": 28650000,
    "link": "https://www.sec.gov/Archives/edgar/data/766704/000095015200007498/0000950152-00-007498-index.htm",
    "finalLink": "https://www.sec.gov/Archives/edgar/data/766704/000095015200007498/l84522ae10-q.txt"
  },
  {
    "date": "2000-06-30",
    "symbol": "WELL",
    "reportedCurrency": "USD",
    "cik": "0000766704",
    "fillingDate": "2000-08-14",
    "acceptedDate": "2000-08-14 00:00:00",
    "calendarYear": "2000",
    "period": "Q2",
    "revenue": 33927000,
    "costOfRevenue": 0,
    "grossProfit": 33927000,
    "grossProfitRatio": 1,
    "researchAndDevelopmentExpenses": 0,
    "generalAndAdministrativeExpenses": 1930000,
    "sellingAndMarketingExpenses": 0,
    "sellingGeneralAndAdministrativeExpenses": 1930000,
    "otherExpenses": 5847000,
    "operatingExpenses": 7777000,
    "costAndExpenses": 7777000,
    "interestIncome": 0,
    "interestExpense": 0,
    "depreciationAndAmortization": 5814000,
    "ebitda": 31964000,
    "ebitdaratio": 0.9421404781,
    "operatingIncome": 26150000,
    "operatingIncomeRatio": 0.770772541,
    "totalOtherIncomeExpensesNet": 0,
    "incomeBeforeTax": 26150000,
    "incomeBeforeTaxRatio": 0.770772541,
    "incomeTaxExpense": 8187000,
    "netIncome": 17963000,
    "netIncomeRatio": 0.5294603118,
    "eps": 0.51,
    "epsdiluted": 0.51,
    "weightedAverageShsOut": 28384000,
    "weightedAverageShsOutDil": 28613000,
    "link": "https://www.sec.gov/Archives/edgar/data/766704/000095015200006099/0000950152-00-006099-index.htm",
    "finalLink": "https://www.sec.gov/Archives/edgar/data/766704/000095015200006099/e10-q.txt"
  },
  {
    "date": "2000-03-31",
    "symbol": "WELL",
    "reportedCurrency": "USD",
    "cik": "0000766704",
    "fillingDate": "2000-05-15",
    "acceptedDate": "2000-05-15 00:00:00",
    "calendarYear": "2000",
    "period": "Q1",
    "revenue": 34827000,
    "costOfRevenue": 0,
    "grossProfit": 34827000,
    "grossProfitRatio": 1,
    "researchAndDevelopmentExpenses": 0,
    "generalAndAdministrativeExpenses": 1900000,
    "sellingAndMarketingExpenses": 0,
    "sellingGeneralAndAdministrativeExpenses": 1900000,
    "otherExpenses": 5830000,
    "operatingExpenses": 7730000,
    "costAndExpenses": 7730000,
    "interestIncome": 0,
    "interestExpense": 0,
    "depreciationAndAmortization": 6117000,
    "ebitda": 33214000,
    "ebitdaratio": 0.9536853591,
    "operatingIncome": 27097000,
    "operatingIncomeRatio": 0.7780457691,
    "totalOtherIncomeExpensesNet": 0,
    "incomeBeforeTax": 27097000,
    "incomeBeforeTaxRatio": 0.7780457691,
    "incomeTaxExpense": 8978000,
    "netIncome": 18119000,
    "netIncomeRatio": 0.5202572717,
    "eps": 0.52,
    "epsdiluted": 0.52,
    "weightedAverageShsOut": 28315000,
    "weightedAverageShsOutDil": 28546000,
    "link": "https://www.sec.gov/Archives/edgar/data/766704/000095015200004145/0000950152-00-004145-index.html",
    "finalLink": "https://www.sec.gov/Archives/edgar/data/766704/000095015200004145/"
  },
  {
    "date": "1999-12-31",
    "symbol": "WELL",
    "reportedCurrency": "USD",
    "cik": "0000766704",
    "fillingDate": "2000-03-20",
    "acceptedDate": "2000-03-20 00:00:00",
    "calendarYear": "1999",
    "period": "Q4",
    "revenue": 33104000,
    "costOfRevenue": 0,
    "grossProfit": 33104000,
    "grossProfitRatio": 1,
    "researchAndDevelopmentExpenses": 0,
    "generalAndAdministrativeExpenses": 1959000,
    "sellingAndMarketingExpenses": 0,
    "sellingGeneralAndAdministrativeExpenses": 1959000,
    "otherExpenses": 37994000,
    "operatingExpenses": 39953000,
    "costAndExpenses": 39953000,
    "interestIncome": 0,
    "interestExpense": 0,
    "depreciationAndAmortization": 5904000,
    "ebitda": -945000,
    "ebitdaratio": -0.0285463992,
    "operatingIncome": -6849000,
    "operatingIncomeRatio": -0.2068934268,
    "totalOtherIncomeExpensesNet": 0,
    "incomeBeforeTax": -6849000,
    "incomeBeforeTaxRatio": -0.2068934268,
    "incomeTaxExpense": -11973000,
    "netIncome": 17938000,
    "netIncomeRatio": 0.5418680522,
    "eps": 0.63,
    "epsdiluted": 0.63,
    "weightedAverageShsOut": 28315000,
    "weightedAverageShsOutDil": 28546000,
    "link": "https://www.sec.gov/Archives/edgar/data/766704/000095015200001833/0000950152-00-001833-index.html",
    "finalLink": "https://www.sec.gov/Archives/edgar/data/766704/000095015200001833/"
  },
  {
    "date": "1999-09-30",
    "symbol": "WELL",
    "reportedCurrency": "USD",
    "cik": "0000766704",
    "fillingDate": "1999-11-05",
    "acceptedDate": "1999-11-05 00:00:00",
    "calendarYear": "1999",
    "period": "Q3",
    "revenue": 34100000,
    "costOfRevenue": 0,
    "grossProfit": 34100000,
    "grossProfitRatio": 1,
    "researchAndDevelopmentExpenses": 0,
    "generalAndAdministrativeExpenses": 1900000,
    "sellingAndMarketingExpenses": 0,
    "sellingGeneralAndAdministrativeExpenses": 1900000,
    "otherExpenses": -6700000,
    "operatingExpenses": -4800000,
    "costAndExpenses": -4800000,
    "interestIncome": 0,
    "interestExpense": 0,
    "depreciationAndAmortization": 5100000,
    "ebitda": 44000000,
    "ebitdaratio": 1.2903225806,
    "operatingIncome": 38900000,
    "operatingIncomeRatio": 1.1407624633,
    "totalOtherIncomeExpensesNet": 0,
    "incomeBeforeTax": 38900000,
    "incomeBeforeTaxRatio": 1.1407624633,
    "incomeTaxExpense": 19400000,
    "netIncome": 19500000,
    "netIncomeRatio": 0.5718475073,
    "eps": 0.57,
    "epsdiluted": 0.57,
    "weightedAverageShsOut": 28245614,
    "weightedAverageShsOutDil": 28245614,
    "link": "https://www.sec.gov/Archives/edgar/data/766704/000095015299008690/0000950152-99-008690-index.html",
    "finalLink": "https://www.sec.gov/Archives/edgar/data/766704/000095015299008690/"
  },
  {
    "date": "1999-06-30",
    "symbol": "WELL",
    "reportedCurrency": "USD",
    "cik": "0000766704",
    "fillingDate": "1999-08-05",
    "acceptedDate": "1999-08-05 00:00:00",
    "calendarYear": "1999",
    "period": "Q2",
    "revenue": 32600000,
    "costOfRevenue": 0,
    "grossProfit": 32600000,
    "grossProfitRatio": 1,
    "researchAndDevelopmentExpenses": 0,
    "generalAndAdministrativeExpenses": 1900000,
    "sellingAndMarketingExpenses": 0,
    "sellingGeneralAndAdministrativeExpenses": 1900000,
    "otherExpenses": -6700000,
    "operatingExpenses": -4800000,
    "costAndExpenses": -4800000,
    "interestIncome": 0,
    "interestExpense": 0,
    "depreciationAndAmortization": 5000000,
    "ebitda": 42400000,
    "ebitdaratio": 1.3006134969,
    "operatingIncome": 37400000,
    "operatingIncomeRatio": 1.1472392638,
    "totalOtherIncomeExpensesNet": 0,
    "incomeBeforeTax": 37400000,
    "incomeBeforeTaxRatio": 1.1472392638,
    "incomeTaxExpense": 18300000,
    "netIncome": 19100000,
    "netIncomeRatio": 0.5858895706,
    "eps": 0.56,
    "epsdiluted": 0.56,
    "weightedAverageShsOut": 28035714,
    "weightedAverageShsOutDil": 28035714,
    "link": "https://www.sec.gov/Archives/edgar/data/766704/000095015299006451/0000950152-99-006451-index.html",
    "finalLink": "https://www.sec.gov/Archives/edgar/data/766704/000095015299006451/"
  },
  {
    "date": "1999-03-31",
    "symbol": "WELL",
    "reportedCurrency": "USD",
    "cik": "0000766704",
    "fillingDate": "1999-05-03",
    "acceptedDate": "1999-05-03 00:00:00",
    "calendarYear": "1999",
    "period": "Q1",
    "revenue": 28700000,
    "costOfRevenue": 0,
    "grossProfit": 28700000,
    "grossProfitRatio": 1,
    "researchAndDevelopmentExpenses": 0,
    "generalAndAdministrativeExpenses": 1700000,
    "sellingAndMarketingExpenses": 0,
    "sellingGeneralAndAdministrativeExpenses": 1700000,
    "otherExpenses": -5400000,
    "operatingExpenses": -3700000,
    "costAndExpenses": -3700000,
    "interestIncome": 0,
    "interestExpense": 0,
    "depreciationAndAmortization": 4100000,
    "ebitda": 36500000,
    "ebitdaratio": 1.2717770035,
    "operatingIncome": 32400000,
    "operatingIncomeRatio": 1.1289198606,
    "totalOtherIncomeExpensesNet": 0,
    "incomeBeforeTax": 32400000,
    "incomeBeforeTaxRatio": 1.1289198606,
    "incomeTaxExpense": 13400000,
    "netIncome": 19000000,
    "netIncomeRatio": 0.6620209059,
    "eps": 0.58,
    "epsdiluted": 0.57,
    "weightedAverageShsOut": 27931034,
    "weightedAverageShsOutDil": 28421053,
    "link": "https://www.sec.gov/Archives/edgar/data/766704/000095015299003835/0000950152-99-003835-index.html",
    "finalLink": "https://www.sec.gov/Archives/edgar/data/766704/"
  },
  {
    "date": "1998-12-31",
    "symbol": "WELL",
    "reportedCurrency": "USD",
    "cik": "0000766704",
    "fillingDate": "1999-03-05",
    "acceptedDate": "1999-03-05 00:00:00",
    "calendarYear": "1998",
    "period": "Q4",
    "revenue": 27692000,
    "costOfRevenue": 0,
    "grossProfit": 27692000,
    "grossProfitRatio": 1,
    "researchAndDevelopmentExpenses": 0,
    "generalAndAdministrativeExpenses": 1714000,
    "sellingAndMarketingExpenses": 0,
    "sellingGeneralAndAdministrativeExpenses": 1714000,
    "otherExpenses": 23639000,
    "operatingExpenses": 25353000,
    "costAndExpenses": 25353000,
    "interestIncome": 0,
    "interestExpense": 0,
    "depreciationAndAmortization": 3554000,
    "ebitda": 5893000,
    "ebitdaratio": 0.2128051423,
    "operatingIncome": 2339000,
    "operatingIncomeRatio": 0.0844648274,
    "totalOtherIncomeExpensesNet": 0,
    "incomeBeforeTax": 2339000,
    "incomeBeforeTaxRatio": 0.0844648274,
    "incomeTaxExpense": -11610000,
    "netIncome": 18109000,
    "netIncomeRatio": 0.6539433771,
    "eps": 0.65,
    "epsdiluted": 0.64,
    "weightedAverageShsOut": 27931034,
    "weightedAverageShsOutDil": 28421053,
    "link": "https://www.sec.gov/Archives/edgar/data/766704/000095015299001668/0000950152-99-001668-index.html",
    "finalLink": "https://www.sec.gov/Archives/edgar/data/766704/"
  },
  {
    "date": "1998-09-30",
    "symbol": "WELL",
    "reportedCurrency": "USD",
    "cik": "0000766704",
    "fillingDate": "1998-10-23",
    "acceptedDate": "1998-10-23 00:00:00",
    "calendarYear": "1998",
    "period": "Q3",
    "revenue": 25800000,
    "costOfRevenue": 0,
    "grossProfit": 25800000,
    "grossProfitRatio": 1,
    "researchAndDevelopmentExpenses": 0,
    "generalAndAdministrativeExpenses": 1600000,
    "sellingAndMarketingExpenses": 0,
    "sellingGeneralAndAdministrativeExpenses": 1600000,
    "otherExpenses": -4800000,
    "operatingExpenses": -3200000,
    "costAndExpenses": -3200000,
    "interestIncome": 0,
    "interestExpense": 0,
    "depreciationAndAmortization": 3300000,
    "ebitda": 32300000,
    "ebitdaratio": 1.2519379845,
    "operatingIncome": 29000000,
    "operatingIncomeRatio": 1.1240310078,
    "totalOtherIncomeExpensesNet": 0,
    "incomeBeforeTax": 29000000,
    "incomeBeforeTaxRatio": 1.1240310078,
    "incomeTaxExpense": 13000000,
    "netIncome": 16000000,
    "netIncomeRatio": 0.6201550388,
    "eps": 0.57,
    "epsdiluted": 0.56,
    "weightedAverageShsOut": 25087719,
    "weightedAverageShsOutDil": 25535714,
    "link": "https://www.sec.gov/Archives/edgar/data/766704/000095015298008300/0000950152-98-008300-index.html",
    "finalLink": "https://www.sec.gov/Archives/edgar/data/766704/"
  },
  {
    "date": "1998-06-30",
    "symbol": "WELL",
    "reportedCurrency": "USD",
    "cik": "0000766704",
    "fillingDate": "1998-08-11",
    "acceptedDate": "1998-08-11 00:00:00",
    "calendarYear": "1998",
    "period": "Q2",
    "revenue": 23100000,
    "costOfRevenue": 0,
    "grossProfit": 23100000,
    "grossProfitRatio": 1,
    "researchAndDevelopmentExpenses": 0,
    "generalAndAdministrativeExpenses": 1300000,
    "sellingAndMarketingExpenses": 0,
    "sellingGeneralAndAdministrativeExpenses": 1300000,
    "otherExpenses": -3800000,
    "operatingExpenses": -2500000,
    "costAndExpenses": -2500000,
    "interestIncome": 0,
    "interestExpense": 0,
    "depreciationAndAmortization": 2500000,
    "ebitda": 28100000,
    "ebitdaratio": 1.2164502165,
    "operatingIncome": 25600000,
    "operatingIncomeRatio": 1.1082251082,
    "totalOtherIncomeExpensesNet": 0,
    "incomeBeforeTax": 25600000,
    "incomeBeforeTaxRatio": 1.1082251082,
    "incomeTaxExpense": 10900000,
    "netIncome": 14700000,
    "netIncomeRatio": 0.6363636364,
    "eps": 0.55,
    "epsdiluted": 0.54,
    "weightedAverageShsOut": 25272727,
    "weightedAverageShsOutDil": 25740741,
    "link": "https://www.sec.gov/Archives/edgar/data/766704/000095015298006574/0000950152-98-006574-index.html",
    "finalLink": "https://www.sec.gov/Archives/edgar/data/766704/"
  },
  {
    "date": "1998-03-31",
    "symbol": "WELL",
    "reportedCurrency": "USD",
    "cik": "0000766704",
    "fillingDate": "1998-04-28",
    "acceptedDate": "1998-04-28 00:00:00",
    "calendarYear": "1998",
    "period": "Q1",
    "revenue": 21200000,
    "costOfRevenue": 0,
    "grossProfit": 21200000,
    "grossProfitRatio": 1,
    "researchAndDevelopmentExpenses": 0,
    "generalAndAdministrativeExpenses": 1400000,
    "sellingAndMarketingExpenses": 0,
    "sellingGeneralAndAdministrativeExpenses": 1400000,
    "otherExpenses": -3400000,
    "operatingExpenses": -2000000,
    "costAndExpenses": -2000000,
    "interestIncome": 0,
    "interestExpense": 0,
    "depreciationAndAmortization": 2300000,
    "ebitda": 25500000,
    "ebitdaratio": 1.2028301887,
    "operatingIncome": 23200000,
    "operatingIncomeRatio": 1.0943396226,
    "totalOtherIncomeExpensesNet": 0,
    "incomeBeforeTax": 23200000,
    "incomeBeforeTaxRatio": 1.0943396226,
    "incomeTaxExpense": 9800000,
    "netIncome": 13400000,
    "netIncomeRatio": 0.6320754717,
    "eps": 0.55,
    "epsdiluted": 0.54,
    "weightedAverageShsOut": 24363636,
    "weightedAverageShsOutDil": 24814815,
    "link": "https://www.sec.gov/Archives/edgar/data/766704/000095015298003671/0000950152-98-003671-index.html",
    "finalLink": "https://www.sec.gov/Archives/edgar/data/766704/"
  },
  {
    "date": "1997-12-31",
    "symbol": "WELL",
    "reportedCurrency": "USD",
    "cik": "0000766704",
    "fillingDate": "1998-02-06",
    "acceptedDate": "1998-02-06 00:00:00",
    "calendarYear": "1997",
    "period": "Q4",
    "revenue": 19708000,
    "costOfRevenue": 0,
    "grossProfit": 19708000,
    "grossProfitRatio": 1,
    "researchAndDevelopmentExpenses": 0,
    "generalAndAdministrativeExpenses": 1258000,
    "sellingAndMarketingExpenses": 0,
    "sellingGeneralAndAdministrativeExpenses": 1258000,
    "otherExpenses": 14607000,
    "operatingExpenses": 15865000,
    "costAndExpenses": 15865000,
    "interestIncome": 0,
    "interestExpense": 0,
    "depreciationAndAmortization": 1941000,
    "ebitda": 5784000,
    "ebitdaratio": 0.2934848792,
    "operatingIncome": 3843000,
    "operatingIncomeRatio": 0.1949969556,
    "totalOtherIncomeExpensesNet": 0,
    "incomeBeforeTax": 3843000,
    "incomeBeforeTaxRatio": 0.1949969556,
    "incomeTaxExpense": -9135000,
    "netIncome": 12978000,
    "netIncomeRatio": 0.6585143089,
    "eps": 0.53,
    "epsdiluted": 0.52,
    "weightedAverageShsOut": 24363636,
    "weightedAverageShsOutDil": 24814815,
    "link": "https://www.sec.gov/Archives/edgar/data/766704/000095015298000773/0000950152-98-000773-index.html",
    "finalLink": "https://www.sec.gov/Archives/edgar/data/766704/"
  },
  {
    "date": "1997-09-30",
    "symbol": "WELL",
    "reportedCurrency": "USD",
    "cik": "0000766704",
    "fillingDate": "1997-11-12",
    "acceptedDate": "1997-11-12 00:00:00",
    "calendarYear": "1997",
    "period": "Q3",
    "revenue": 18600000,
    "costOfRevenue": 0,
    "grossProfit": 18600000,
    "grossProfitRatio": 1,
    "researchAndDevelopmentExpenses": 0,
    "generalAndAdministrativeExpenses": 1200000,
    "sellingAndMarketingExpenses": 0,
    "sellingGeneralAndAdministrativeExpenses": 1200000,
    "otherExpenses": -2800000,
    "operatingExpenses": -1600000,
    "costAndExpenses": -1600000,
    "interestIncome": 0,
    "interestExpense": 0,
    "depreciationAndAmortization": 1500000,
    "ebitda": 21700000,
    "ebitdaratio": 1.1666666667,
    "operatingIncome": 20200000,
    "operatingIncomeRatio": 1.0860215054,
    "totalOtherIncomeExpensesNet": 0,
    "incomeBeforeTax": 20200000,
    "incomeBeforeTaxRatio": 1.0860215054,
    "incomeTaxExpense": 8400000,
    "netIncome": 11800000,
    "netIncomeRatio": 0.6344086022,
    "eps": 0.54,
    "epsdiluted": 0.53,
    "weightedAverageShsOut": 21851852,
    "weightedAverageShsOutDil": 22264151,
    "link": "https://www.sec.gov/Archives/edgar/data/766704/000095015297007873/0000950152-97-007873-index.html",
    "finalLink": "https://www.sec.gov/Archives/edgar/data/766704/"
  },
  {
    "date": "1997-06-30",
    "symbol": "WELL",
    "reportedCurrency": "USD",
    "cik": "0000766704",
    "fillingDate": "1997-08-01",
    "acceptedDate": "1997-08-01 00:00:00",
    "calendarYear": "1997",
    "period": "Q2",
    "revenue": 18500000,
    "costOfRevenue": 0,
    "grossProfit": 18500000,
    "grossProfitRatio": 1,
    "researchAndDevelopmentExpenses": 0,
    "generalAndAdministrativeExpenses": 1200000,
    "sellingAndMarketingExpenses": 0,
    "sellingGeneralAndAdministrativeExpenses": 1200000,
    "otherExpenses": -2600000,
    "operatingExpenses": -1400000,
    "costAndExpenses": -1400000,
    "interestIncome": 0,
    "interestExpense": 0,
    "depreciationAndAmortization": 1500000,
    "ebitda": 21400000,
    "ebitdaratio": 1.1567567568,
    "operatingIncome": 19900000,
    "operatingIncomeRatio": 1.0756756757,
    "totalOtherIncomeExpensesNet": 0,
    "incomeBeforeTax": 19900000,
    "incomeBeforeTaxRatio": 1.0756756757,
    "incomeTaxExpense": 8000000,
    "netIncome": 11900000,
    "netIncomeRatio": 0.6432432432,
    "eps": 0.55,
    "epsdiluted": 0.54,
    "weightedAverageShsOut": 21636364,
    "weightedAverageShsOutDil": 22037037,
    "link": "https://www.sec.gov/Archives/edgar/data/766704/000095015297005499/0000950152-97-005499-index.html",
    "finalLink": "https://www.sec.gov/Archives/edgar/data/766704/"
  },
  {
    "date": "1997-03-31",
    "symbol": "WELL",
    "reportedCurrency": "USD",
    "cik": "0000766704",
    "fillingDate": "1997-05-13",
    "acceptedDate": "1997-05-13 00:00:00",
    "calendarYear": "1997",
    "period": "Q1",
    "revenue": 16600000,
    "costOfRevenue": 0,
    "grossProfit": 16600000,
    "grossProfitRatio": 1,
    "researchAndDevelopmentExpenses": 0,
    "generalAndAdministrativeExpenses": 1200000,
    "sellingAndMarketingExpenses": 0,
    "sellingGeneralAndAdministrativeExpenses": 1200000,
    "otherExpenses": -2600000,
    "operatingExpenses": -1400000,
    "costAndExpenses": -1400000,
    "interestIncome": 0,
    "interestExpense": 0,
    "depreciationAndAmortization": 1400000,
    "ebitda": 19400000,
    "ebitdaratio": 1.1686746988,
    "operatingIncome": 18000000,
    "operatingIncomeRatio": 1.0843373494,
    "totalOtherIncomeExpensesNet": 0,
    "incomeBeforeTax": 18000000,
    "incomeBeforeTaxRatio": 1.0843373494,
    "incomeTaxExpense": 8200000,
    "netIncome": 9800000,
    "netIncomeRatio": 0.5903614458,
    "eps": 0.51,
    "epsdiluted": 0.51,
    "weightedAverageShsOut": 19215686,
    "weightedAverageShsOutDil": 19215686,
    "link": "https://www.sec.gov/Archives/edgar/data/766704/000095015297003807/0000950152-97-003807-index.html",
    "finalLink": "https://www.sec.gov/Archives/edgar/data/766704/"
  },
  {
    "date": "1996-12-31",
    "symbol": "WELL",
    "reportedCurrency": "USD",
    "cik": "0000766704",
    "fillingDate": "1997-02-10",
    "acceptedDate": "1997-02-10 00:00:00",
    "calendarYear": "1996",
    "period": "Q4",
    "revenue": 14801815,
    "costOfRevenue": 0,
    "grossProfit": 14801815,
    "grossProfitRatio": 1,
    "researchAndDevelopmentExpenses": 0,
    "generalAndAdministrativeExpenses": 0,
    "sellingAndMarketingExpenses": 0,
    "sellingGeneralAndAdministrativeExpenses": 0,
    "otherExpenses": 15291468,
    "operatingExpenses": 15291468,
    "costAndExpenses": 15291468,
    "interestIncome": 0,
    "interestExpense": 0,
    "depreciationAndAmortization": 161013,
    "ebitda": -328640,
    "ebitdaratio": -0.0222026826,
    "operatingIncome": -489653,
    "operatingIncomeRatio": -0.0330806053,
    "totalOtherIncomeExpensesNet": 0,
    "incomeBeforeTax": -489653,
    "incomeBeforeTaxRatio": -0.0330806053,
    "incomeTaxExpense": -9565215,
    "netIncome": 9075562,
    "netIncomeRatio": 0.6131384563,
    "eps": 0.47,
    "epsdiluted": 0.47,
    "weightedAverageShsOut": 19215686,
    "weightedAverageShsOutDil": 19215686,
    "link": "https://www.sec.gov/Archives/edgar/data/766704/000095015297000724/0000950152-97-000724-index.html",
    "finalLink": "https://www.sec.gov/Archives/edgar/data/766704/"
  },
  {
    "date": "1996-09-30",
    "symbol": "WELL",
    "reportedCurrency": "USD",
    "cik": "0000766704",
    "fillingDate": "1996-11-14",
    "acceptedDate": "1996-11-14 00:00:00",
    "calendarYear": "1996",
    "period": "Q3",
    "revenue": 14100000,
    "costOfRevenue": 0,
    "grossProfit": 14100000,
    "grossProfitRatio": 1,
    "researchAndDevelopmentExpenses": 0,
    "generalAndAdministrativeExpenses": 0,
    "sellingAndMarketingExpenses": 0,
    "sellingGeneralAndAdministrativeExpenses": 0,
    "otherExpenses": -2800000,
    "operatingExpenses": -2800000,
    "costAndExpenses": -2800000,
    "interestIncome": 0,
    "interestExpense": 0,
    "depreciationAndAmortization": 900000,
    "ebitda": 17800000,
    "ebitdaratio": 1.2624113475,
    "operatingIncome": 16900000,
    "operatingIncomeRatio": 1.1985815603,
    "totalOtherIncomeExpensesNet": 0,
    "incomeBeforeTax": 16900000,
    "incomeBeforeTaxRatio": 1.1985815603,
    "incomeTaxExpense": 9500000,
    "netIncome": 7400000,
    "netIncomeRatio": 0.524822695,
    "eps": 0.5,
    "epsdiluted": 0.5,
    "weightedAverageShsOut": 14800000,
    "weightedAverageShsOutDil": 14800000,
    "link": "https://www.sec.gov/Archives/edgar/data/766704/000095015296006164/0000950152-96-006164-index.html",
    "finalLink": "https://www.sec.gov/Archives/edgar/data/766704/"
  },
  {
    "date": "1996-06-30",
    "symbol": "WELL",
    "reportedCurrency": "USD",
    "cik": "0000766704",
    "fillingDate": "1996-08-14",
    "acceptedDate": "1996-08-14 00:00:00",
    "calendarYear": "1996",
    "period": "Q2",
    "revenue": 14700000,
    "costOfRevenue": 0,
    "grossProfit": 14700000,
    "grossProfitRatio": 1,
    "researchAndDevelopmentExpenses": 0,
    "generalAndAdministrativeExpenses": 1100000,
    "sellingAndMarketingExpenses": 0,
    "sellingGeneralAndAdministrativeExpenses": 1100000,
    "otherExpenses": -3000000,
    "operatingExpenses": -1900000,
    "costAndExpenses": -1900000,
    "interestIncome": 0,
    "interestExpense": 0,
    "depreciationAndAmortization": 1200000,
    "ebitda": 17800000,
    "ebitdaratio": 1.2108843537,
    "operatingIncome": 16600000,
    "operatingIncomeRatio": 1.1292517007,
    "totalOtherIncomeExpensesNet": 0,
    "incomeBeforeTax": 16600000,
    "incomeBeforeTaxRatio": 1.1292517007,
    "incomeTaxExpense": 8000000,
    "netIncome": 8600000,
    "netIncomeRatio": 0.5850340136,
    "eps": 0.66,
    "epsdiluted": 0.66,
    "weightedAverageShsOut": 13030303,
    "weightedAverageShsOutDil": 13030303,
    "link": "https://www.sec.gov/Archives/edgar/data/766704/000076670496000014/0000766704-96-000014-index.html",
    "finalLink": "https://www.sec.gov/Archives/edgar/data/766704/"
  },
  {
    "date": "1996-03-31",
    "symbol": "WELL",
    "reportedCurrency": "USD",
    "cik": "0000766704",
    "fillingDate": "1996-04-30",
    "acceptedDate": "1996-04-30 00:00:00",
    "calendarYear": "1996",
    "period": "Q1",
    "revenue": 10900000,
    "costOfRevenue": 0,
    "grossProfit": 10900000,
    "grossProfitRatio": 1,
    "researchAndDevelopmentExpenses": 0,
    "generalAndAdministrativeExpenses": 500000,
    "sellingAndMarketingExpenses": 0,
    "sellingGeneralAndAdministrativeExpenses": 500000,
    "otherExpenses": -1600000,
    "operatingExpenses": -1100000,
    "costAndExpenses": -1100000,
    "interestIncome": 0,
    "interestExpense": 0,
    "depreciationAndAmortization": 200000,
    "ebitda": 12200000,
    "ebitdaratio": 1.119266055,
    "operatingIncome": 12000000,
    "operatingIncomeRatio": 1.1009174312,
    "totalOtherIncomeExpensesNet": 0,
    "incomeBeforeTax": 12000000,
    "incomeBeforeTaxRatio": 1.1009174312,
    "incomeTaxExpense": 6300000,
    "netIncome": 5700000,
    "netIncomeRatio": 0.5229357798,
    "eps": 0.47,
    "epsdiluted": 0.47,
    "weightedAverageShsOut": 18662919,
    "weightedAverageShsOutDil": 18662919,
    "link": "https://www.sec.gov/Archives/edgar/data/766704/000095015296001919/0000950152-96-001919-index.html",
    "finalLink": "https://www.sec.gov/Archives/edgar/data/766704/"
  },
  {
    "date": "1995-12-31",
    "symbol": "WELL",
    "reportedCurrency": "USD",
    "cik": "0000766704",
    "fillingDate": "1996-03-08",
    "acceptedDate": "1996-03-08 00:00:00",
    "calendarYear": "1995",
    "period": "Q4",
    "revenue": -26148178,
    "costOfRevenue": 0,
    "grossProfit": -26148178,
    "grossProfitRatio": 1,
    "researchAndDevelopmentExpenses": 0,
    "generalAndAdministrativeExpenses": 0,
    "sellingAndMarketingExpenses": 0,
    "sellingGeneralAndAdministrativeExpenses": 585535,
    "otherExpenses": 51427069,
    "operatingExpenses": 52012604,
    "costAndExpenses": 52012604,
    "interestIncome": 0,
    "interestExpense": 0,
    "depreciationAndAmortization": -120456,
    "ebitda": -78160782,
    "ebitdaratio": 2.989148307,
    "operatingIncome": -78160782,
    "operatingIncomeRatio": 2.989148307,
    "totalOtherIncomeExpensesNet": 0,
    "incomeBeforeTax": -78160782,
    "incomeBeforeTaxRatio": 2.989148307,
    "incomeTaxExpense": -78995755,
    "netIncome": 834973,
    "netIncomeRatio": -0.0319323587,
    "eps": 0.045,
    "epsdiluted": 0.045,
    "weightedAverageShsOut": 18662919,
    "weightedAverageShsOutDil": 18662919,
    "link": "https://www.sec.gov/Archives/edgar/data/766704/000076670496000006/0000766704-96-000006-index.html",
    "finalLink": "https://www.sec.gov/Archives/edgar/data/766704/"
  },
  {
    "date": "1995-09-30",
    "symbol": "WELL",
    "reportedCurrency": "USD",
    "cik": "0000766704",
    "fillingDate": "1995-11-01",
    "acceptedDate": "1995-11-01 00:00:00",
    "calendarYear": "1995",
    "period": "Q3",
    "revenue": 13300000,
    "costOfRevenue": 0,
    "grossProfit": 13300000,
    "grossProfitRatio": 1,
    "researchAndDevelopmentExpenses": 0,
    "generalAndAdministrativeExpenses": 500000,
    "sellingAndMarketingExpenses": 0,
    "sellingGeneralAndAdministrativeExpenses": 500000,
    "otherExpenses": -6400000,
    "operatingExpenses": -5900000,
    "costAndExpenses": -5900000,
    "interestIncome": 0,
    "interestExpense": 0,
    "depreciationAndAmortization": 500000,
    "ebitda": 19700000,
    "ebitdaratio": 1.4812030075,
    "operatingIncome": 19200000,
    "operatingIncomeRatio": 1.4436090226,
    "totalOtherIncomeExpensesNet": 0,
    "incomeBeforeTax": 19200000,
    "incomeBeforeTaxRatio": 1.4436090226,
    "incomeTaxExpense": 15900000,
    "netIncome": 3300000,
    "netIncomeRatio": 0.2481203008,
    "eps": 0.28,
    "epsdiluted": 0.28,
    "weightedAverageShsOut": 11785714,
    "weightedAverageShsOutDil": 11785714,
    "link": "https://www.sec.gov/Archives/edgar/data/766704/000076670495000016/0000766704-95-000016-index.html",
    "finalLink": "https://www.sec.gov/Archives/edgar/data/766704/"
  }
]