[
  {
    "date": "2024-12-31",
    "symbol": "WELL",
    "reportedCurrency": "USD",
    "cik": "0000766704",
    "fillingDate": "2025-02-12",
    "acceptedDate": "2025-02-12 07:48:13",
    "calendarYear": "2024",
    "period": "FY",
    "revenue": 7853618000,
    "costOfRevenue": 4830211000,
    "grossProfit": 3023407000,
    "grossProfitRatio": 0.3849699591,
    "researchAndDevelopmentExpenses": 0,
    "generalAndAdministrativeExpenses": 235491000,
    "sellingAndMarketingExpenses": 0,
    "sellingGeneralAndAdministrativeExpenses": 235491000,
    "otherExpenses": 1642218000,
    "operatingExpenses": 1877709000,
    "costAndExpenses": 6707920000,
    "interestIncome": 0,
    "interestExpense": 574261000,
    "depreciationAndAmortization": 1679633000,
    "ebitda": 2778336000,
    "ebitdaratio": 0.3537651055,
    "operatingIncome": 1145698000,
    "operatingIncomeRatio": 0.1458815542,
    "totalOtherIncomeExpensesNet": -170141000,
    "incomeBeforeTax": 975557000,
    "incomeBeforeTaxRatio": 0.1242175262,
    "incomeTaxExpense": 2700000,
    "netIncome": 951680000,
    "netIncomeRatio": 0.1211772714,
    "eps": 1.58,
    "epsdiluted": 1.57,
    "weightedAverageShsOut": 602975000,
    "weightedAverageShsOutDil": 608750000,
    "link": "https://www.sec.gov/Archives/edgar/data/766704/000076670425000009/0000766704-25-000009-index.htm",
    "finalLink": "https://www.sec.gov/Archives/edgar/data/766704/000076670425000009/well-20241231.htm"
  },
  {
    "date": "2023-12-31",
    "symbol": "WELL",
    "reportedCurrency": "USD",
    "cik": "0000766704",
    "fillingDate": "2024-02-15",
    "acceptedDate": "2024-02-15 07:25:22",
    "calendarYear": "2023",
    "period": "FY",
    "revenue": 6478231000,
    "costOfRevenue": 3947776000,
    "grossProfit": 2530455000,
    "grossProfitRatio": 0.3906089486,
    "researchAndDevelopmentExpenses": 0,
    "generalAndAdministrativeExpenses": 179091000,
    "sellingAndMarketingExpenses": 0,
    "sellingGeneralAndAdministrativeExpenses": 179091000,
    "otherExpenses": 1410910000,
    "operatingExpenses": 1590001000,
    "costAndExpenses": 5537777000,
    "interestIncome": 0,
    "interestExpense": 607846000,
    "depreciationAndAmortization": 1443217000,
    "ebitda": 2401110000,
    "ebitdaratio": 0.3706428499,
    "operatingIncome": 940454000,
    "operatingIncomeRatio": 0.145171421,
    "totalOtherIncomeExpensesNet": -575951000,
    "incomeBeforeTax": 364503000,
    "incomeBeforeTaxRatio": 0.0562658232,
    "incomeTaxExpense": 6364000,
    "netIncome": 340094000,
    "netIncomeRatio": 0.0524979736,
    "eps": 0.66,
    "epsdiluted": 0.66,
    "weightedAverageShsOut": 515629000,
    "weightedAverageShsOutDil": 518701000,
    "link": "https://www.sec.gov/Archives/edgar/data/766704/000076670424000008/0000766704-24-000008-index.htm",
    "finalLink": "https://www.sec.gov/Archives/edgar/data/766704/000076670424000008/well-20231231.htm"
  },
  {
    "date": "2022-12-31",
    "symbol": "WELL",
    "reportedCurrency": "USD",
    "cik": "0000766704",
    "fillingDate": "2023-02-21",
    "acceptedDate": "2023-02-21 16:09:46",
    "calendarYear": "2022",
    "period": "FY",
    "revenue": 5776068000,
    "costOfRevenue": 3558770000,
    "grossProfit": 2217298000,
    "grossProfitRatio": 0.3838767134,
    "researchAndDevelopmentExpenses": 0,
    "generalAndAdministrativeExpenses": 150390000,
    "sellingAndMarketingExpenses": 0,
    "sellingGeneralAndAdministrativeExpenses": 150390000,
    "otherExpenses": 1320688000,
    "operatingExpenses": 1471078000,
    "costAndExpenses": 5029848000,
    "interestIncome": 0,
    "interestExpense": 529519000,
    "depreciationAndAmortization": 1336909000,
    "ebitda": 2039490000,
    "ebitdaratio": 0.3530931423,
    "operatingIncome": 746220000,
    "operatingIncomeRatio": 0.1291916923,
    "totalOtherIncomeExpensesNet": -578405000,
    "incomeBeforeTax": 167815000,
    "incomeBeforeTaxRatio": 0.0290535014,
    "incomeTaxExpense": 7247000,
    "netIncome": 141214000,
    "netIncomeRatio": 0.0244481194,
    "eps": 0.31,
    "epsdiluted": 0.3,
    "weightedAverageShsOut": 462185000,
    "weightedAverageShsOutDil": 465158000,
    "link": "https://www.sec.gov/Archives/edgar/data/766704/000076670423000010/0000766704-23-000010-index.htm",
    "finalLink": "https://www.sec.gov/Archives/edgar/data/766704/000076670423000010/well-20221231.htm"
  },
  {
    "date": "2021-12-31",
    "symbol": "WELL",
    "reportedCurrency": "USD",
    "cik": "0000766704",
    "fillingDate": "2022-02-16",
    "acceptedDate": "2022-02-16 08:17:37",
    "calendarYear": "2021",
    "period": "FY",
    "revenue": 4709481000,
    "costOfRevenue": 2774562000,
    "grossProfit": 1934919000,
    "grossProfitRatio": 0.4108561007,
    "researchAndDevelopmentExpenses": 0,
    "generalAndAdministrativeExpenses": 126727000,
    "sellingAndMarketingExpenses": 0,
    "sellingGeneralAndAdministrativeExpenses": 126727000,
    "otherExpenses": 1044836000,
    "operatingExpenses": 1171563000,
    "costAndExpenses": 3946125000,
    "interestIncome": 0,
    "interestExpense": 489853000,
    "depreciationAndAmortization": 1053178000,
    "ebitda": 1713781000,
    "ebitdaratio": 0.3639001835,
    "operatingIncome": 763356000,
    "operatingIncomeRatio": 0.1620891984,
    "totalOtherIncomeExpensesNet": -380164000,
    "incomeBeforeTax": 383192000,
    "incomeBeforeTaxRatio": 0.0813660783,
    "incomeTaxExpense": 8713000,
    "netIncome": 336138000,
    "netIncomeRatio": 0.0713747438,
    "eps": 0.79,
    "epsdiluted": 0.78,
    "weightedAverageShsOut": 424976000,
    "weightedAverageShsOutDil": 426841000,
    "link": "https://www.sec.gov/Archives/edgar/data/766704/000076670422000013/0000766704-22-000013-index.htm",
    "finalLink": "https://www.sec.gov/Archives/edgar/data/766704/000076670422000013/well-20211231.htm"
  },
  {
    "date": "2020-12-31",
    "symbol": "WELL",
    "reportedCurrency": "USD",
    "cik": "0000766704",
    "fillingDate": "2021-02-10",
    "acceptedDate": "2021-02-10 16:31:46",
    "calendarYear": "2020",
    "period": "FY",
    "revenue": 4586538000,
    "costOfRevenue": 2597823000,
    "grossProfit": 1988715000,
    "grossProfitRatio": 0.4335982826,
    "researchAndDevelopmentExpenses": 0,
    "generalAndAdministrativeExpenses": 128394000,
    "sellingAndMarketingExpenses": 0,
    "sellingGeneralAndAdministrativeExpenses": 128394000,
    "otherExpenses": 1132873000,
    "operatingExpenses": 1261267000,
    "costAndExpenses": 3859090000,
    "interestIncome": 0,
    "interestExpense": 514388000,
    "depreciationAndAmortization": 1049780000,
    "ebitda": 1532616000,
    "ebitdaratio": 0.3341553041,
    "operatingIncome": 727448000,
    "operatingIncomeRatio": 0.1586050306,
    "totalOtherIncomeExpensesNet": 321372000,
    "incomeBeforeTax": 1048820000,
    "incomeBeforeTaxRatio": 0.228673566,
    "incomeTaxExpense": 9968000,
    "netIncome": 978844000,
    "netIncomeRatio": 0.2134167426,
    "eps": 2.36,
    "epsdiluted": 2.33,
    "weightedAverageShsOut": 415451000,
    "weightedAverageShsOutDil": 417387000,
    "link": "https://www.sec.gov/Archives/edgar/data/766704/000076670421000018/0000766704-21-000018-index.htm",
    "finalLink": "https://www.sec.gov/Archives/edgar/data/766704/000076670421000018/well-20201231.htm"
  },
  {
    "date": "2019-12-31",
    "symbol": "WELL",
    "reportedCurrency": "USD",
    "cik": "0000766704",
    "fillingDate": "2020-02-14",
    "acceptedDate": "2020-02-14 07:36:55",
    "calendarYear": "2019",
    "period": "FY",
    "revenue": 5100405000,
    "costOfRevenue": 2690042000,
    "grossProfit": 2410363000,
    "grossProfitRatio": 0.4725826675,
    "researchAndDevelopmentExpenses": 0,
    "generalAndAdministrativeExpenses": 126549000,
    "sellingAndMarketingExpenses": 0,
    "sellingGeneralAndAdministrativeExpenses": 126549000,
    "otherExpenses": 1045763000,
    "operatingExpenses": 1172312000,
    "costAndExpenses": 3862354000,
    "interestIncome": 0,
    "interestExpense": 555559000,
    "depreciationAndAmortization": 1043224000,
    "ebitda": 2141675000,
    "ebitdaratio": 0.4199029293,
    "operatingIncome": 1238051000,
    "operatingIncomeRatio": 0.242735822,
    "totalOtherIncomeExpensesNet": 95316000,
    "incomeBeforeTax": 1333367000,
    "incomeBeforeTaxRatio": 0.2614237497,
    "incomeTaxExpense": 2957000,
    "netIncome": 1232432000,
    "netIncomeRatio": 0.2416341447,
    "eps": 3.07,
    "epsdiluted": 3.05,
    "weightedAverageShsOut": 401845000,
    "weightedAverageShsOutDil": 403808000,
    "link": "https://www.sec.gov/Archives/edgar/data/766704/000076670420000015/0000766704-20-000015-index.htm",
    "finalLink": "https://www.sec.gov/Archives/edgar/data/766704/000076670420000015/a201910-k.htm"
  },
  {
    "date": "2018-12-31",
    "symbol": "WELL",
    "reportedCurrency": "USD",
    "cik": "0000766704",
    "fillingDate": "2019-02-25",
    "acceptedDate": "2019-02-25 08:41:38",
    "calendarYear": "2018",
    "period": "FY",
    "revenue": 4671088000,
    "costOfRevenue": 2433017000,
    "grossProfit": 2238071000,
    "grossProfitRatio": 0.4791326988,
    "researchAndDevelopmentExpenses": 0,
    "generalAndAdministrativeExpenses": 126383000,
    "sellingAndMarketingExpenses": 0,
    "sellingGeneralAndAdministrativeExpenses": 126383000,
    "otherExpenses": 950459000,
    "operatingExpenses": 1076842000,
    "costAndExpenses": 3509859000,
    "interestIncome": 55814000,
    "interestExpense": 526592000,
    "depreciationAndAmortization": 970067000,
    "ebitda": 1920149000,
    "ebitdaratio": 0.4110710396,
    "operatingIncome": 1161229000,
    "operatingIncomeRatio": 0.2485992557,
    "totalOtherIncomeExpensesNet": -322805000,
    "incomeBeforeTax": 838424000,
    "incomeBeforeTaxRatio": 0.1794922296,
    "incomeTaxExpense": 8674000,
    "netIncome": 804954000,
    "netIncomeRatio": 0.1723268755,
    "eps": 2.03,
    "epsdiluted": 2.02,
    "weightedAverageShsOut": 373620000,
    "weightedAverageShsOutDil": 375250000,
    "link": "https://www.sec.gov/Archives/edgar/data/766704/000076670419000014/0000766704-19-000014-index.htm",
    "finalLink": "https://www.sec.gov/Archives/edgar/data/766704/000076670419000014/a201810-k.htm"
  },
  {
    "date": "2017-12-31",
    "symbol": "WELL",
    "reportedCurrency": "USD",
    "cik": "0000766704",
    "fillingDate": "2018-02-28",
    "acceptedDate": "2018-02-28 17:14:51",
    "calendarYear": "2017",
    "period": "FY",
    "revenue": 4299105000,
    "costOfRevenue": 2083925000,
    "grossProfit": 2215180000,
    "grossProfitRatio": 0.5152653866,
    "researchAndDevelopmentExpenses": 0,
    "generalAndAdministrativeExpenses": 122008000,
    "sellingAndMarketingExpenses": 0,
    "sellingGeneralAndAdministrativeExpenses": 122008000,
    "otherExpenses": 984686000,
    "operatingExpenses": 1106694000,
    "costAndExpenses": 3190619000,
    "interestIncome": 73811000,
    "interestExpense": 484622000,
    "depreciationAndAmortization": 938598000,
    "ebitda": 1722836000,
    "ebitdaratio": 0.4007429453,
    "operatingIncome": 1108486000,
    "operatingIncomeRatio": 0.2578411088,
    "totalOtherIncomeExpensesNet": -891995000,
    "incomeBeforeTax": 216491000,
    "incomeBeforeTaxRatio": 0.0503572255,
    "incomeTaxExpense": 20128000,
    "netIncome": 522774000,
    "netIncomeRatio": 0.1216006587,
    "eps": 1.26,
    "epsdiluted": 1.26,
    "weightedAverageShsOut": 367237000,
    "weightedAverageShsOutDil": 369001000,
    "link": "https://www.sec.gov/Archives/edgar/data/766704/000076670418000012/0000766704-18-000012-index.htm",
    "finalLink": "https://www.sec.gov/Archives/edgar/data/766704/000076670418000012/10-K.htm"
  },
  {
    "date": "2016-12-31",
    "symbol": "WELL",
    "reportedCurrency": "USD",
    "cik": "0000766704",
    "fillingDate": "2017-02-22",
    "acceptedDate": "2017-02-22 16:34:03",
    "calendarYear": "2016",
    "period": "FY",
    "revenue": 4251509000,
    "costOfRevenue": 1876983000,
    "grossProfit": 2374526000,
    "grossProfitRatio": 0.5585136948,
    "researchAndDevelopmentExpenses": 0,
    "generalAndAdministrativeExpenses": 155241000,
    "sellingAndMarketingExpenses": 0,
    "sellingGeneralAndAdministrativeExpenses": 155241000,
    "otherExpenses": 911457000,
    "operatingExpenses": 1066698000,
    "costAndExpenses": 2943681000,
    "interestIncome": 97963000,
    "interestExpense": 521345000,
    "depreciationAndAmortization": 910386000,
    "ebitda": 2140984000,
    "ebitdaratio": 0.5035821399,
    "operatingIncome": 1307828000,
    "operatingIncomeRatio": 0.3076150139,
    "totalOtherIncomeExpensesNet": -608932000,
    "incomeBeforeTax": 698896000,
    "incomeBeforeTaxRatio": 0.1643877503,
    "incomeTaxExpense": -19128000,
    "netIncome": 1077803000,
    "netIncomeRatio": 0.2535106947,
    "eps": 2.83,
    "epsdiluted": 2.81,
    "weightedAverageShsOut": 358275000,
    "weightedAverageShsOutDil": 360227000,
    "link": "https://www.sec.gov/Archives/edgar/data/766704/000076670417000012/0000766704-17-000012-index.htm",
    "finalLink": "https://www.sec.gov/Archives/edgar/data/766704/000076670417000012/10-k.htm"
  },
  {
    "date": "2015-12-31",
    "symbol": "WELL",
    "reportedCurrency": "USD",
    "cik": "0000766704",
    "fillingDate": "2016-02-18",
    "acceptedDate": "2016-02-18 17:23:14",
    "calendarYear": "2015",
    "period": "FY",
    "revenue": 3841120000,
    "costOfRevenue": 1622257000,
    "grossProfit": 2218863000,
    "grossProfitRatio": 0.577660422,
    "researchAndDevelopmentExpenses": 0,
    "generalAndAdministrativeExpenses": 147416000,
    "sellingAndMarketingExpenses": 0,
    "sellingGeneralAndAdministrativeExpenses": 147416000,
    "otherExpenses": 826240000,
    "operatingExpenses": 973656000,
    "costAndExpenses": 2595913000,
    "interestIncome": 84141000,
    "interestExpense": 492169000,
    "depreciationAndAmortization": 835249000,
    "ebitda": 1963535000,
    "ebitdaratio": 0.511188143,
    "operatingIncome": 1245207000,
    "operatingIncomeRatio": 0.3241781043,
    "totalOtherIncomeExpensesNet": -630594000,
    "incomeBeforeTax": 614613000,
    "incomeBeforeTaxRatio": 0.1600087995,
    "incomeTaxExpense": 6451000,
    "netIncome": 883750000,
    "netIncomeRatio": 0.2300761236,
    "eps": 2.35,
    "epsdiluted": 2.34,
    "weightedAverageShsOut": 348240000,
    "weightedAverageShsOutDil": 349424000,
    "link": "https://www.sec.gov/Archives/edgar/data/766704/000076670416000055/0000766704-16-000055-index.htm",
    "finalLink": "https://www.sec.gov/Archives/edgar/data/766704/000076670416000055/10-K.htm"
  },
  {
    "date": "2014-12-31",
    "symbol": "WELL",
    "reportedCurrency": "USD",
    "cik": "0000766704",
    "fillingDate": "2015-02-20",
    "acceptedDate": "2015-02-20 16:36:34",
    "calendarYear": "2014",
    "period": "FY",
    "revenue": 3335671000,
    "costOfRevenue": 1403358000,
    "grossProfit": 1932313000,
    "grossProfitRatio": 0.5792876456,
    "researchAndDevelopmentExpenses": 0,
    "generalAndAdministrativeExpenses": 142943000,
    "sellingAndMarketingExpenses": 0,
    "sellingGeneralAndAdministrativeExpenses": 142943000,
    "otherExpenses": 844130000,
    "operatingExpenses": 987073000,
    "costAndExpenses": 2390431000,
    "interestIncome": 37667000,
    "interestExpense": 481039000,
    "depreciationAndAmortization": 851840000,
    "ebitda": 1717092000,
    "ebitdaratio": 0.5147665942,
    "operatingIncome": 945240000,
    "operatingIncomeRatio": 0.2833732703,
    "totalOtherIncomeExpensesNet": -588453000,
    "incomeBeforeTax": 356787000,
    "incomeBeforeTaxRatio": 0.1069610882,
    "incomeTaxExpense": -1267000,
    "netIncome": 512153000,
    "netIncomeRatio": 0.1535382236,
    "eps": 1.44,
    "epsdiluted": 1.43,
    "weightedAverageShsOut": 306272000,
    "weightedAverageShsOutDil": 307747000,
    "link": "https://www.sec.gov/Archives/edgar/data/766704/000076670415000012/0000766704-15-000012-index.htm",
    "finalLink": "https://www.sec.gov/Archives/edgar/data/766704/000076670415000012/10-K.htm"
  },
  {
    "date": "2013-12-31",
    "symbol": "WELL",
    "reportedCurrency": "USD",
    "cik": "0000766704",
    "fillingDate": "2014-02-21",
    "acceptedDate": "2014-02-21 16:43:00",
    "calendarYear": "2013",
    "period": "FY",
    "revenue": 2876542000,
    "costOfRevenue": 1206813000,
    "grossProfit": 1669729000,
    "grossProfitRatio": 0.5804639738,
    "researchAndDevelopmentExpenses": 0,
    "generalAndAdministrativeExpenses": 108318000,
    "sellingAndMarketingExpenses": 0,
    "sellingGeneralAndAdministrativeExpenses": 108318000,
    "otherExpenses": 867910000,
    "operatingExpenses": 976228000,
    "costAndExpenses": 2183041000,
    "interestIncome": 32663000,
    "interestExpense": 458360000,
    "depreciationAndAmortization": 882517000,
    "ebitda": 1443122000,
    "ebitdaratio": 0.5016863999,
    "operatingIncome": 693501000,
    "operatingIncomeRatio": 0.2410884319,
    "totalOtherIncomeExpensesNet": -599443000,
    "incomeBeforeTax": 94058000,
    "incomeBeforeTaxRatio": 0.0326982884,
    "incomeTaxExpense": 7491000,
    "netIncome": 145050000,
    "netIncomeRatio": 0.0504251285,
    "eps": 0.0975,
    "epsdiluted": 0.0975,
    "weightedAverageShsOut": 276929000,
    "weightedAverageShsOutDil": 278761000,
    "link": "https://www.sec.gov/Archives/edgar/data/766704/000076670414000006/0000766704-14-000006-index.htm",
    "finalLink": "https://www.sec.gov/Archives/edgar/data/766704/000076670414000006/10-K.htm"
  },
  {
    "date": "2012-12-31",
    "symbol": "WELL",
    "reportedCurrency": "USD",
    "cik": "0000766704",
    "fillingDate": "2013-02-26",
    "acceptedDate": "2013-02-26 16:33:51",
    "calendarYear": "2012",
    "period": "FY",
    "revenue": 1799773000,
    "costOfRevenue": 567989000,
    "grossProfit": 1231784000,
    "grossProfitRatio": 0.6844107562,
    "researchAndDevelopmentExpenses": 0,
    "generalAndAdministrativeExpenses": 97341000,
    "sellingAndMarketingExpenses": 0,
    "sellingGeneralAndAdministrativeExpenses": 97341000,
    "otherExpenses": 533228000,
    "operatingExpenses": 630569000,
    "costAndExpenses": 1198558000,
    "interestIncome": 39065000,
    "interestExpense": 361565000,
    "depreciationAndAmortization": 548935000,
    "ebitda": 1096412000,
    "ebitdaratio": 0.609194604,
    "operatingIncome": 601215000,
    "operatingIncomeRatio": 0.3340504608,
    "totalOtherIncomeExpensesNet": -412821000,
    "incomeBeforeTax": 188394000,
    "incomeBeforeTaxRatio": 0.1046765342,
    "incomeTaxExpense": 7612000,
    "netIncome": 297255000,
    "netIncomeRatio": 0.1651624955,
    "eps": 0.48,
    "epsdiluted": 0.48,
    "weightedAverageShsOut": 224343000,
    "weightedAverageShsOutDil": 225953000,
    "link": "https://www.sec.gov/Archives/edgar/data/766704/000076670413000006/0000766704-13-000006-index.htm",
    "finalLink": "https://www.sec.gov/Archives/edgar/data/766704/000076670413000006/10K.htm"
  },
  {
    "date": "2011-12-31",
    "symbol": "WELL",
    "reportedCurrency": "USD",
    "cik": "0000766704",
    "fillingDate": "2012-02-17",
    "acceptedDate": "2012-02-17 16:03:57",
    "calendarYear": "2011",
    "period": "FY",
    "revenue": 1301887000,
    "costOfRevenue": 375064000,
    "grossProfit": 926823000,
    "grossProfitRatio": 0.7119074082,
    "researchAndDevelopmentExpenses": 0,
    "generalAndAdministrativeExpenses": 77201000,
    "sellingAndMarketingExpenses": 0,
    "sellingGeneralAndAdministrativeExpenses": 77201000,
    "otherExpenses": 388488000,
    "operatingExpenses": 465689000,
    "costAndExpenses": 840753000,
    "interestIncome": 41070000,
    "interestExpense": 290981000,
    "depreciationAndAmortization": 437949000,
    "ebitda": 841133000,
    "ebitdaratio": 0.6460875637,
    "operatingIncome": 461134000,
    "operatingIncomeRatio": 0.3542043203,
    "totalOtherIncomeExpensesNet": -343159000,
    "incomeBeforeTax": 117975000,
    "incomeBeforeTaxRatio": 0.0906184638,
    "incomeTaxExpense": 1388000,
    "netIncome": 217610000,
    "netIncomeRatio": 0.1671496835,
    "eps": 0.9,
    "epsdiluted": 0.9,
    "weightedAverageShsOut": 173741000,
    "weightedAverageShsOutDil": 174401000,
    "link": "https://www.sec.gov/Archives/edgar/data/766704/000095012312002707/0000950123-12-002707-index.htm",
    "finalLink": "https://www.sec.gov/Archives/edgar/data/766704/000095012312002707/201110-K.htm"
  },
  {
    "date": "2010-12-31",
    "symbol": "WELL",
    "reportedCurrency": "USD",
    "cik": "0000766704",
    "fillingDate": "2011-02-25",
    "acceptedDate": "2011-02-25 16:26:13",
    "calendarYear": "2010",
    "period": "FY",
    "revenue": 571326000,
    "costOfRevenue": 77787000,
    "grossProfit": 493539000,
    "grossProfitRatio": 0.8638483108,
    "researchAndDevelopmentExpenses": 0,
    "generalAndAdministrativeExpenses": 54626000,
    "sellingAndMarketingExpenses": 0,
    "sellingGeneralAndAdministrativeExpenses": 54626000,
    "otherExpenses": 194849000,
    "operatingExpenses": 249475000,
    "costAndExpenses": 327262000,
    "interestIncome": 40855000,
    "interestExpense": 133978000,
    "depreciationAndAmortization": 216856000,
    "ebitda": 387334000,
    "ebitdaratio": 0.6779561931,
    "operatingIncome": 244064000,
    "operatingIncomeRatio": 0.4271886804,
    "totalOtherIncomeExpensesNet": -200891000,
    "incomeBeforeTax": 43173000,
    "incomeBeforeTaxRatio": 0.0755663142,
    "incomeTaxExpense": 364000,
    "netIncome": 128527000,
    "netIncomeRatio": 0.2249626308,
    "eps": 0.84,
    "epsdiluted": 0.83,
    "weightedAverageShsOut": 127656000,
    "weightedAverageShsOutDil": 128208000,
    "link": "https://www.sec.gov/Archives/edgar/data/766704/000095012311018750/0000950123-11-018750-index.htm",
    "finalLink": "https://www.sec.gov/Archives/edgar/data/766704/000095012311018750/l41762e10vk.htm"
  },
  {
    "date": "2009-12-31",
    "symbol": "WELL",
    "reportedCurrency": "USD",
    "cik": "0000766704",
    "fillingDate": "2010-02-26",
    "acceptedDate": "2010-02-26 17:19:00",
    "calendarYear": "2009",
    "period": "FY",
    "revenue": 523288000,
    "costOfRevenue": 42501000,
    "grossProfit": 480787000,
    "grossProfitRatio": 0.9187808625,
    "researchAndDevelopmentExpenses": 0,
    "generalAndAdministrativeExpenses": 0,
    "sellingAndMarketingExpenses": 0,
    "sellingGeneralAndAdministrativeExpenses": 49691000,
    "otherExpenses": 163953000,
    "operatingExpenses": 213644000,
    "costAndExpenses": 256145000,
    "interestIncome": 0,
    "interestExpense": 96856000,
    "depreciationAndAmortization": 180335000,
    "ebitda": 422371000,
    "ebitdaratio": 0.8071482625,
    "operatingIncome": 267143000,
    "operatingIncomeRatio": 0.5105085536,
    "totalOtherIncomeExpensesNet": -121963000,
    "incomeBeforeTax": 145180000,
    "incomeBeforeTaxRatio": 0.2774380456,
    "incomeTaxExpense": 168000,
    "netIncome": 193269000,
    "netIncomeRatio": 0.3693358151,
    "eps": 1.5,
    "epsdiluted": 1.49,
    "weightedAverageShsOut": 114207000,
    "weightedAverageShsOutDil": 114612000,
    "link": "https://www.sec.gov/Archives/edgar/data/766704/000095012310018352/0000950123-10-018352-index.htm",
    "finalLink": "https://www.sec.gov/Archives/edgar/data/766704/000095012310018352/l38660e10vk.htm"
  },
  {
    "date": "2008-12-31",
    "symbol": "WELL",
    "reportedCurrency": "USD",
    "cik": "0000766704",
    "fillingDate": "2009-03-02",
    "acceptedDate": "2009-03-02 17:09:07",
    "calendarYear": "2008",
    "period": "FY",
    "revenue": 526406000,
    "costOfRevenue": 42634000,
    "grossProfit": 483772000,
    "grossProfitRatio": 0.9190092818,
    "researchAndDevelopmentExpenses": 0,
    "generalAndAdministrativeExpenses": 0,
    "sellingAndMarketingExpenses": 0,
    "sellingGeneralAndAdministrativeExpenses": 47193000,
    "otherExpenses": 144455000,
    "operatingExpenses": 191648000,
    "costAndExpenses": 234282000,
    "interestIncome": 0,
    "interestExpense": 130153000,
    "depreciationAndAmortization": 177882000,
    "ebitda": 448707000,
    "ebitdaratio": 0.8523971991,
    "operatingIncome": 292124000,
    "operatingIncomeRatio": 0.5549404832,
    "totalOtherIncomeExpensesNet": -151452000,
    "incomeBeforeTax": 140672000,
    "incomeBeforeTaxRatio": 0.2672309966,
    "incomeTaxExpense": 1306000,
    "netIncome": 283299000,
    "netIncomeRatio": 0.5381758567,
    "eps": 2.83,
    "epsdiluted": 2.81,
    "weightedAverageShsOut": 93732000,
    "weightedAverageShsOutDil": 94309000,
    "link": "https://www.sec.gov/Archives/edgar/data/766704/000095015209002082/0000950152-09-002082-index.htm",
    "finalLink": "https://www.sec.gov/Archives/edgar/data/766704/000095015209002082/l35635ae10vk.htm"
  },
  {
    "date": "2007-12-31",
    "symbol": "WELL",
    "reportedCurrency": "USD",
    "cik": "0000766704",
    "fillingDate": "2008-02-28",
    "acceptedDate": "2008-02-27 18:56:30",
    "calendarYear": "2007",
    "period": "FY",
    "revenue": 429486000,
    "costOfRevenue": 33410000,
    "grossProfit": 396076000,
    "grossProfitRatio": 0.9222093386,
    "researchAndDevelopmentExpenses": 0,
    "generalAndAdministrativeExpenses": 37653000,
    "sellingAndMarketingExpenses": -188000,
    "sellingGeneralAndAdministrativeExpenses": 37465000,
    "otherExpenses": 124232000,
    "operatingExpenses": 161697000,
    "costAndExpenses": 195107000,
    "interestIncome": 0,
    "interestExpense": 131271000,
    "depreciationAndAmortization": 158691000,
    "ebitda": 394151000,
    "ebitdaratio": 0.9177272367,
    "operatingIncome": 234379000,
    "operatingIncomeRatio": 0.5457197673,
    "totalOtherIncomeExpensesNet": -130190000,
    "incomeBeforeTax": 104189000,
    "incomeBeforeTaxRatio": 0.2425899797,
    "incomeTaxExpense": 188000,
    "netIncome": 138355000,
    "netIncomeRatio": 0.3221408847,
    "eps": 1.44,
    "epsdiluted": 1.43,
    "weightedAverageShsOut": 78861000,
    "weightedAverageShsOutDil": 79409000,
    "link": "https://www.sec.gov/Archives/edgar/data/766704/000095015208001476/0000950152-08-001476-index.htm",
    "finalLink": "https://www.sec.gov/Archives/edgar/data/766704/000095015208001476/l30238ae10vk.htm"
  },
  {
    "date": "2006-12-31",
    "symbol": "WELL",
    "reportedCurrency": "USD",
    "cik": "0000766704",
    "fillingDate": "2007-03-12",
    "acceptedDate": "2007-03-12 17:24:43",
    "calendarYear": "2006",
    "period": "FY",
    "revenue": 288242000,
    "costOfRevenue": 1039000,
    "grossProfit": 287203000,
    "grossProfitRatio": 0.99639539,
    "researchAndDevelopmentExpenses": 0,
    "generalAndAdministrativeExpenses": 26004000,
    "sellingAndMarketingExpenses": -82000,
    "sellingGeneralAndAdministrativeExpenses": 25922000,
    "otherExpenses": 82828000,
    "operatingExpenses": 108750000,
    "costAndExpenses": 109789000,
    "interestIncome": 0,
    "interestExpense": 88383000,
    "depreciationAndAmortization": 100654000,
    "ebitda": 279107000,
    "ebitdaratio": 0.9683078802,
    "operatingIncome": 178453000,
    "operatingIncomeRatio": 0.6191082493,
    "totalOtherIncomeExpensesNet": -88383000,
    "incomeBeforeTax": 90070000,
    "incomeBeforeTaxRatio": 0.3124804851,
    "incomeTaxExpense": 82000,
    "netIncome": 102750000,
    "netIncomeRatio": 0.3564712984,
    "eps": 1.32,
    "epsdiluted": 1.31,
    "weightedAverageShsOut": 61661000,
    "weightedAverageShsOutDil": 62045000,
    "link": "https://www.sec.gov/Archives/edgar/data/766704/000095015207002026/0000950152-07-002026-index.htm",
    "finalLink": "https://www.sec.gov/Archives/edgar/data/766704/000095015207002026/l24255ce10vkza.htm"
  },
  {
    "date": "2005-12-31",
    "symbol": "WELL",
    "reportedCurrency": "USD",
    "cik": "0000766704",
    "fillingDate": "2006-03-10",
    "acceptedDate": "2006-03-10 17:39:11",
    "calendarYear": "2005",
    "period": "FY",
    "revenue": 281847000,
    "costOfRevenue": 0,
    "grossProfit": 281847000,
    "grossProfitRatio": 1,
    "researchAndDevelopmentExpenses": 0,
    "generalAndAdministrativeExpenses": 17249000,
    "sellingAndMarketingExpenses": 0,
    "sellingGeneralAndAdministrativeExpenses": 17249000,
    "otherExpenses": 83910000,
    "operatingExpenses": 101159000,
    "costAndExpenses": 101159000,
    "interestIncome": 0,
    "interestExpense": 0,
    "depreciationAndAmortization": 89803000,
    "ebitda": 270491000,
    "ebitdaratio": 0.9597086362,
    "operatingIncome": 180688000,
    "operatingIncomeRatio": 0.6410854116,
    "totalOtherIncomeExpensesNet": 0,
    "incomeBeforeTax": 180688000,
    "incomeBeforeTaxRatio": 0.6410854116,
    "incomeTaxExpense": 101534000,
    "netIncome": 84286000,
    "netIncomeRatio": 0.2990487747,
    "eps": 1.16,
    "epsdiluted": 1.15,
    "weightedAverageShsOut": 54110000,
    "weightedAverageShsOutDil": 54499000,
    "link": "https://www.sec.gov/Archives/edgar/data/766704/000095015206001977/0000950152-06-001977-index.htm",
    "finalLink": "https://www.sec.gov/Archives/edgar/data/766704/000095015206001977/l17863ae10vk.htm"
  },
  {
    "date": "2004-12-31",
    "symbol": "WELL",
    "reportedCurrency": "USD",
    "cik": "0000766704",
    "fillingDate": "2005-03-16",
    "acceptedDate": "2005-03-16 16:35:24",
    "calendarYear": "2004",
    "period": "FY",
    "revenue": 226095000,
    "costOfRevenue": 0,
    "grossProfit": 226095000,
    "grossProfitRatio": 1,
    "researchAndDevelopmentExpenses": 0,
    "generalAndAdministrativeExpenses": 16585000,
    "sellingAndMarketingExpenses": 0,
    "sellingGeneralAndAdministrativeExpenses": 16585000,
    "otherExpenses": 77943000,
    "operatingExpenses": 94528000,
    "costAndExpenses": 94528000,
    "interestIncome": 0,
    "interestExpense": 0,
    "depreciationAndAmortization": 156524000,
    "ebitda": 288091000,
    "ebitdaratio": 1.2742033216,
    "operatingIncome": 131567000,
    "operatingIncomeRatio": 0.581910259,
    "totalOtherIncomeExpensesNet": 0,
    "incomeBeforeTax": 131567000,
    "incomeBeforeTaxRatio": 0.581910259,
    "incomeTaxExpense": 46694000,
    "netIncome": 85371000,
    "netIncomeRatio": 0.3775890665,
    "eps": 1.41,
    "epsdiluted": 1.39,
    "weightedAverageShsOut": 51544000,
    "weightedAverageShsOutDil": 52082000,
    "link": "https://www.sec.gov/Archives/edgar/data/766704/000095015205002226/0000950152-05-002226-index.htm",
    "finalLink": "https://www.sec.gov/Archives/edgar/data/766704/000095015205002226/l12413ae10vk.htm"
  },
  {
    "date": "2003-12-31",
    "symbol": "WELL",
    "reportedCurrency": "USD",
    "cik": "0000766704",
    "fillingDate": "2004-03-12",
    "acceptedDate": "2004-03-12 17:20:14",
    "calendarYear": "2003",
    "period": "FY",
    "revenue": 170141000,
    "costOfRevenue": 0,
    "grossProfit": 170141000,
    "grossProfitRatio": 1,
    "researchAndDevelopmentExpenses": 0,
    "generalAndAdministrativeExpenses": 11483000,
    "sellingAndMarketingExpenses": 0,
    "sellingGeneralAndAdministrativeExpenses": 11483000,
    "otherExpenses": 47306000,
    "operatingExpenses": 58789000,
    "costAndExpenses": 58789000,
    "interestIncome": 0,
    "interestExpense": 0,
    "depreciationAndAmortization": 56827000,
    "ebitda": 168179000,
    "ebitdaratio": 0.988468388,
    "operatingIncome": 111352000,
    "operatingIncomeRatio": 0.6544689405,
    "totalOtherIncomeExpensesNet": 0,
    "incomeBeforeTax": 111352000,
    "incomeBeforeTaxRatio": 0.6544689405,
    "incomeTaxExpense": 44870000,
    "netIncome": 82740000,
    "netIncomeRatio": 0.4863025373,
    "eps": 1.62,
    "epsdiluted": 1.6,
    "weightedAverageShsOut": 43572000,
    "weightedAverageShsOutDil": 44201000,
    "link": "https://www.sec.gov/Archives/edgar/data/766704/000095015204001895/0000950152-04-001895-index.htm",
    "finalLink": "https://www.sec.gov/Archives/edgar/data/766704/000095015204001895/l05635ae10vk.txt"
  },
  {
    "date": "2002-12-31",
    "symbol": "WELL",
    "reportedCurrency": "USD",
    "cik": "0000766704",
    "fillingDate": "2003-03-10",
    "acceptedDate": "2003-03-07 18:52:56",
    "calendarYear": "2002",
    "period": "FY",
    "revenue": 130449000,
    "costOfRevenue": 0,
    "grossProfit": 130449000,
    "grossProfitRatio": 1,
    "researchAndDevelopmentExpenses": 0,
    "generalAndAdministrativeExpenses": 9665000,
    "sellingAndMarketingExpenses": 0,
    "sellingGeneralAndAdministrativeExpenses": 9665000,
    "otherExpenses": 33384000,
    "operatingExpenses": 43049000,
    "costAndExpenses": 43049000,
    "interestIncome": 0,
    "interestExpense": 0,
    "depreciationAndAmortization": 44278000,
    "ebitda": 131678000,
    "ebitdaratio": 1.0094213064,
    "operatingIncome": 87400000,
    "operatingIncomeRatio": 0.6699936374,
    "totalOtherIncomeExpensesNet": 0,
    "incomeBeforeTax": 87400000,
    "incomeBeforeTaxRatio": 0.6699936374,
    "incomeTaxExpense": 32900000,
    "netIncome": 67659000,
    "netIncomeRatio": 0.5186624658,
    "eps": 1.5,
    "epsdiluted": 1.48,
    "weightedAverageShsOut": 36702000,
    "weightedAverageShsOutDil": 37301000,
    "link": "https://www.sec.gov/Archives/edgar/data/766704/000095015203002693/0000950152-03-002693-index.htm",
    "finalLink": "https://www.sec.gov/Archives/edgar/data/766704/000095015203002693/l99123ae10vk.txt"
  },
  {
    "date": "2001-12-31",
    "symbol": "WELL",
    "reportedCurrency": "USD",
    "cik": "0000766704",
    "fillingDate": "2002-03-25",
    "acceptedDate": "2002-03-25 00:00:00",
    "calendarYear": "2001",
    "period": "FY",
    "revenue": 107776000,
    "costOfRevenue": 0,
    "grossProfit": 107776000,
    "grossProfitRatio": 1,
    "researchAndDevelopmentExpenses": 0,
    "generalAndAdministrativeExpenses": 8078000,
    "sellingAndMarketingExpenses": 0,
    "sellingGeneralAndAdministrativeExpenses": 8078000,
    "otherExpenses": 24019000,
    "operatingExpenses": 32097000,
    "costAndExpenses": 32097000,
    "interestIncome": 0,
    "interestExpense": 0,
    "depreciationAndAmortization": 33441000,
    "ebitda": 109120000,
    "ebitdaratio": 1.0124703088,
    "operatingIncome": 75679000,
    "operatingIncomeRatio": 0.7021878711,
    "totalOtherIncomeExpensesNet": 0,
    "incomeBeforeTax": 75679000,
    "incomeBeforeTaxRatio": 0.7021878711,
    "incomeTaxExpense": 24826000,
    "netIncome": 60549000,
    "netIncomeRatio": 0.5618041122,
    "eps": 1.54,
    "epsdiluted": 1.52,
    "weightedAverageShsOut": 30534000,
    "weightedAverageShsOutDil": 31027000,
    "link": "https://www.sec.gov/Archives/edgar/data/766704/000095015202002172/0000950152-02-002172-index.htm",
    "finalLink": "https://www.sec.gov/Archives/edgar/data/766704/000095015202002172/l92984ae10-k405.txt"
  },
  {
    "date": "2000-12-31",
    "symbol": "WELL",
    "reportedCurrency": "USD",
    "cik": "0000766704",
    "fillingDate": "2001-03-26",
    "acceptedDate": "2001-03-26 00:00:00",
    "calendarYear": "2000",
    "period": "FY",
    "revenue": 117098000,
    "costOfRevenue": 0,
    "grossProfit": 117098000,
    "grossProfitRatio": 1,
    "researchAndDevelopmentExpenses": 0,
    "generalAndAdministrativeExpenses": 7405000,
    "sellingAndMarketingExpenses": 0,
    "sellingGeneralAndAdministrativeExpenses": 7405000,
    "otherExpenses": -29753000,
    "operatingExpenses": -22348000,
    "costAndExpenses": -22348000,
    "interestIncome": 0,
    "interestExpense": 0,
    "depreciationAndAmortization": 25216000,
    "ebitda": 164662000,
    "ebitdaratio": 1.4061896873,
    "operatingIncome": 139446000,
    "operatingIncomeRatio": 1.1908486908,
    "totalOtherIncomeExpensesNet": 0,
    "incomeBeforeTax": 139446000,
    "incomeBeforeTaxRatio": 1.1908486908,
    "incomeTaxExpense": 80928000,
    "netIncome": 68056000,
    "netIncomeRatio": 0.5811884063,
    "eps": 1.92,
    "epsdiluted": 1.91,
    "weightedAverageShsOut": 28418000,
    "weightedAverageShsOutDil": 28643000,
    "link": "https://www.sec.gov/Archives/edgar/data/766704/000095015201001541/0000950152-01-001541-index.htm",
    "finalLink": "https://www.sec.gov/Archives/edgar/data/766704/000095015201001541/l87094ae10-k.txt"
  },
  {
    "date": "1999-12-31",
    "symbol": "WELL",
    "reportedCurrency": "USD",
    "cik": "0000766704",
    "fillingDate": "2000-03-20",
    "acceptedDate": "2000-03-20 00:00:00",
    "calendarYear": "1999",
    "period": "FY",
    "revenue": 129400000,
    "costOfRevenue": 0,
    "grossProfit": 129400000,
    "grossProfitRatio": 1,
    "researchAndDevelopmentExpenses": 0,
    "generalAndAdministrativeExpenses": 7400000,
    "sellingAndMarketingExpenses": 0,
    "sellingGeneralAndAdministrativeExpenses": 7400000,
    "otherExpenses": -26200000,
    "operatingExpenses": -18800000,
    "costAndExpenses": -18800000,
    "interestIncome": 0,
    "interestExpense": 0,
    "depreciationAndAmortization": 20100000,
    "ebitda": 168300000,
    "ebitdaratio": 1.300618238,
    "operatingIncome": 148200000,
    "operatingIncomeRatio": 1.1452859351,
    "totalOtherIncomeExpensesNet": 0,
    "incomeBeforeTax": 148200000,
    "incomeBeforeTaxRatio": 1.1452859351,
    "incomeTaxExpense": 72600000,
    "netIncome": 75600000,
    "netIncomeRatio": 0.5842349304,
    "eps": 2.23,
    "epsdiluted": 2.21,
    "weightedAverageShsOut": 28161435,
    "weightedAverageShsOutDil": 28416290,
    "link": "https://www.sec.gov/Archives/edgar/data/766704/000095015200001833/0000950152-00-001833-index.html",
    "finalLink": "https://www.sec.gov/Archives/edgar/data/766704/000095015200001833/"
  },
  {
    "date": "1998-12-31",
    "symbol": "WELL",
    "reportedCurrency": "USD",
    "cik": "0000766704",
    "fillingDate": "1999-03-05",
    "acceptedDate": "1999-03-05 00:00:00",
    "calendarYear": "1998",
    "period": "FY",
    "revenue": 98000000,
    "costOfRevenue": 0,
    "grossProfit": 98000000,
    "grossProfitRatio": 1,
    "researchAndDevelopmentExpenses": 0,
    "generalAndAdministrativeExpenses": 6100000,
    "sellingAndMarketingExpenses": 0,
    "sellingGeneralAndAdministrativeExpenses": 6100000,
    "otherExpenses": -17100000,
    "operatingExpenses": -11000000,
    "costAndExpenses": -11000000,
    "interestIncome": 0,
    "interestExpense": 0,
    "depreciationAndAmortization": 11600000,
    "ebitda": 120600000,
    "ebitdaratio": 1.2306122449,
    "operatingIncome": 109000000,
    "operatingIncomeRatio": 1.112244898,
    "totalOtherIncomeExpensesNet": 0,
    "incomeBeforeTax": 109000000,
    "incomeBeforeTaxRatio": 1.112244898,
    "incomeTaxExpense": 46700000,
    "netIncome": 62300000,
    "netIncomeRatio": 0.6357142857,
    "eps": 2.27,
    "epsdiluted": 2.24,
    "weightedAverageShsOut": 25594714,
    "weightedAverageShsOutDil": 25937500,
    "link": "https://www.sec.gov/Archives/edgar/data/766704/000095015299001668/0000950152-99-001668-index.html",
    "finalLink": "https://www.sec.gov/Archives/edgar/data/766704/"
  },
  {
    "date": "1997-12-31",
    "symbol": "WELL",
    "reportedCurrency": "USD",
    "cik": "0000766704",
    "fillingDate": "1998-04-22",
    "acceptedDate": "1998-04-22 00:00:00",
    "calendarYear": "1997",
    "period": "FY",
    "revenue": 73300000,
    "costOfRevenue": 0,
    "grossProfit": 73300000,
    "grossProfitRatio": 1,
    "researchAndDevelopmentExpenses": 0,
    "generalAndAdministrativeExpenses": 4900000,
    "sellingAndMarketingExpenses": 0,
    "sellingGeneralAndAdministrativeExpenses": 4900000,
    "otherExpenses": -10900000,
    "operatingExpenses": -6000000,
    "costAndExpenses": -6000000,
    "interestIncome": 0,
    "interestExpense": 0,
    "depreciationAndAmortization": 6300000,
    "ebitda": 85600000,
    "ebitdaratio": 1.1678035471,
    "operatingIncome": 79300000,
    "operatingIncomeRatio": 1.0818553888,
    "totalOtherIncomeExpensesNet": 0,
    "incomeBeforeTax": 79300000,
    "incomeBeforeTaxRatio": 1.0818553888,
    "incomeTaxExpense": 32800000,
    "netIncome": 46500000,
    "netIncomeRatio": 0.6343792633,
    "eps": 2.15,
    "epsdiluted": 2.12,
    "weightedAverageShsOut": 21627907,
    "weightedAverageShsOutDil": 21933962,
    "link": "https://www.sec.gov/Archives/edgar/data/766704/000095015298003442/0000950152-98-003442-index.html",
    "finalLink": "https://www.sec.gov/Archives/edgar/data/766704/"
  },
  {
    "date": "1996-12-31",
    "symbol": "WELL",
    "reportedCurrency": "USD",
    "cik": "0000766704",
    "fillingDate": "1997-02-10",
    "acceptedDate": "1997-02-10 00:00:00",
    "calendarYear": "1996",
    "period": "FY",
    "revenue": 54401815,
    "costOfRevenue": 0,
    "grossProfit": 54401815,
    "grossProfitRatio": 1,
    "researchAndDevelopmentExpenses": 0,
    "generalAndAdministrativeExpenses": 0,
    "sellingAndMarketingExpenses": 0,
    "sellingGeneralAndAdministrativeExpenses": 0,
    "otherExpenses": 9091468,
    "operatingExpenses": 9091468,
    "costAndExpenses": 9091468,
    "interestIncome": 0,
    "interestExpense": 0,
    "depreciationAndAmortization": 2461013,
    "ebitda": 47771360,
    "ebitdaratio": 0.8781207024,
    "operatingIncome": 45310347,
    "operatingIncomeRatio": 0.8328830022,
    "totalOtherIncomeExpensesNet": 0,
    "incomeBeforeTax": 45310347,
    "incomeBeforeTaxRatio": 0.8328830022,
    "incomeTaxExpense": 14634785,
    "netIncome": 30675562,
    "netIncomeRatio": 0.5638701944,
    "eps": 2.18,
    "epsdiluted": 2.18,
    "weightedAverageShsOut": 14093028,
    "weightedAverageShsOutDil": 14093028,
    "link": "https://www.sec.gov/Archives/edgar/data/766704/000095015297000724/0000950152-97-000724-index.html",
    "finalLink": "https://www.sec.gov/Archives/edgar/data/766704/"
  },
  {
    "date": "1995-12-31",
    "symbol": "WELL",
    "reportedCurrency": "USD",
    "cik": "0000766704",
    "fillingDate": "1996-03-08",
    "acceptedDate": "1996-03-08 00:00:00",
    "calendarYear": "1995",
    "period": "FY",
    "revenue": 6351822,
    "costOfRevenue": 0,
    "grossProfit": 6351822,
    "grossProfitRatio": 1,
    "researchAndDevelopmentExpenses": 0,
    "generalAndAdministrativeExpenses": 0,
    "sellingAndMarketingExpenses": 0,
    "sellingGeneralAndAdministrativeExpenses": 2385535,
    "otherExpenses": 41327069,
    "operatingExpenses": 43712604,
    "costAndExpenses": 43712604,
    "interestIncome": 0,
    "interestExpense": 0,
    "depreciationAndAmortization": 1579544,
    "ebitda": -35781238,
    "ebitdaratio": -5.6332242938,
    "operatingIncome": -37360782,
    "operatingIncomeRatio": -5.8819000281,
    "totalOtherIncomeExpensesNet": 0,
    "incomeBeforeTax": -37360782,
    "incomeBeforeTaxRatio": -5.8819000281,
    "incomeTaxExpense": -50995755,
    "netIncome": 13634973,
    "netIncomeRatio": 2.1466239136,
    "eps": 1.16,
    "epsdiluted": 1.16,
    "weightedAverageShsOut": 11709642,
    "weightedAverageShsOutDil": 11709642,
    "link": "https://www.sec.gov/Archives/edgar/data/766704/000076670496000006/0000766704-96-000006-index.html",
    "finalLink": "https://www.sec.gov/Archives/edgar/data/766704/"
  },
  {
    "date": "1994-12-31",
    "symbol": "WELL",
    "reportedCurrency": "USD",
    "cik": "0000766704",
    "fillingDate": "1995-09-13",
    "acceptedDate": "1995-09-13 00:00:00",
    "calendarYear": "1994",
    "period": "FY",
    "revenue": 5480232,
    "costOfRevenue": 0,
    "grossProfit": 5480232,
    "grossProfitRatio": 1,
    "researchAndDevelopmentExpenses": 0,
    "generalAndAdministrativeExpenses": 0,
    "sellingAndMarketingExpenses": 0,
    "sellingGeneralAndAdministrativeExpenses": 3086988,
    "otherExpenses": 5007981,
    "operatingExpenses": 8094969,
    "costAndExpenses": 8094969,
    "interestIncome": 0,
    "interestExpense": 0,
    "depreciationAndAmortization": 1385077,
    "ebitda": -1229660,
    "ebitdaratio": -0.2243810116,
    "operatingIncome": -2614737,
    "operatingIncomeRatio": -0.477121589,
    "totalOtherIncomeExpensesNet": 0,
    "incomeBeforeTax": -2614737,
    "incomeBeforeTaxRatio": -0.477121589,
    "incomeTaxExpense": -27567655,
    "netIncome": 24952918,
    "netIncomeRatio": 4.5532594241,
    "eps": 2.17,
    "epsdiluted": 2.17,
    "weightedAverageShsOut": 11519123,
    "weightedAverageShsOutDil": 11519123,
    "link": "https://www.sec.gov/Archives/edgar/data/766704/000095015295002058/0000950152-95-002058-index.html",
    "finalLink": "https://www.sec.gov/Archives/edgar/data/766704/"
  },
  {
    "date": "1993-12-31",
    "symbol": "WELL",
    "reportedCurrency": "USD",
    "cik": "0000766704",
    "fillingDate": "1993-12-31",
    "acceptedDate": "1993-12-31 00:00:00",
    "calendarYear": "1993",
    "period": "FY",
    "revenue": 36000000,
    "costOfRevenue": 0,
    "grossProfit": 36000000,
    "grossProfitRatio": 1,
    "researchAndDevelopmentExpenses": 0,
    "generalAndAdministrativeExpenses": 0,
    "sellingAndMarketingExpenses": 0,
    "sellingGeneralAndAdministrativeExpenses": 0,
    "otherExpenses": -5200000,
    "operatingExpenses": -5200000,
    "costAndExpenses": -5200000,
    "interestIncome": 0,
    "interestExpense": 0,
    "depreciationAndAmortization": 800000,
    "ebitda": 42000000,
    "ebitdaratio": 1.1666666667,
    "operatingIncome": 41200000,
    "operatingIncomeRatio": 1.1444444444,
    "totalOtherIncomeExpensesNet": 0,
    "incomeBeforeTax": 41200000,
    "incomeBeforeTaxRatio": 1.1444444444,
    "incomeTaxExpense": 21100000,
    "netIncome": 20100000,
    "netIncomeRatio": 0.5583333333,
    "eps": 2.15,
    "epsdiluted": 2.15,
    "weightedAverageShsOut": 9348837,
    "weightedAverageShsOutDil": 9348837,
    "link": null,
    "finalLink": null
  },
  {
    "date": "1992-12-31",
    "symbol": "WELL",
    "reportedCurrency": "USD",
    "cik": "0000766704",
    "fillingDate": "1992-12-31",
    "acceptedDate": "1992-12-31 00:00:00",
    "calendarYear": "1992",
    "period": "FY",
    "revenue": 28900000,
    "costOfRevenue": 0,
    "grossProfit": 28900000,
    "grossProfitRatio": 1,
    "researchAndDevelopmentExpenses": 0,
    "generalAndAdministrativeExpenses": 0,
    "sellingAndMarketingExpenses": 0,
    "sellingGeneralAndAdministrativeExpenses": 0,
    "otherExpenses": -3600000,
    "operatingExpenses": -3600000,
    "costAndExpenses": -3600000,
    "interestIncome": 0,
    "interestExpense": 0,
    "depreciationAndAmortization": 700000,
    "ebitda": 33200000,
    "ebitdaratio": 1.1487889273,
    "operatingIncome": 32500000,
    "operatingIncomeRatio": 1.124567474,
    "totalOtherIncomeExpensesNet": 0,
    "incomeBeforeTax": 32500000,
    "incomeBeforeTaxRatio": 1.124567474,
    "incomeTaxExpense": 16000000,
    "netIncome": 16500000,
    "netIncomeRatio": 0.5709342561,
    "eps": 1.91,
    "epsdiluted": 1.91,
    "weightedAverageShsOut": 8638743,
    "weightedAverageShsOutDil": 8638743,
    "link": null,
    "finalLink": null
  },
  {
    "date": "1991-12-31",
    "symbol": "WELL",
    "reportedCurrency": "USD",
    "cik": "0000766704",
    "fillingDate": "1991-12-31",
    "acceptedDate": "1991-12-31 00:00:00",
    "calendarYear": "1991",
    "period": "FY",
    "revenue": 29200000,
    "costOfRevenue": 0,
    "grossProfit": 29200000,
    "grossProfitRatio": 1,
    "researchAndDevelopmentExpenses": 0,
    "generalAndAdministrativeExpenses": 0,
    "sellingAndMarketingExpenses": 0,
    "sellingGeneralAndAdministrativeExpenses": 0,
    "otherExpenses": -5100000,
    "operatingExpenses": -5100000,
    "costAndExpenses": -5100000,
    "interestIncome": 0,
    "interestExpense": 0,
    "depreciationAndAmortization": 500000,
    "ebitda": 34800000,
    "ebitdaratio": 1.1917808219,
    "operatingIncome": 34300000,
    "operatingIncomeRatio": 1.1746575342,
    "totalOtherIncomeExpensesNet": 0,
    "incomeBeforeTax": 34300000,
    "incomeBeforeTaxRatio": 1.1746575342,
    "incomeTaxExpense": 21200000,
    "netIncome": 13100000,
    "netIncomeRatio": 0.448630137,
    "eps": 1.92,
    "epsdiluted": 1.92,
    "weightedAverageShsOut": 6822917,
    "weightedAverageShsOutDil": 6822917,
    "link": null,
    "finalLink": null
  },
  {
    "date": "1990-12-31",
    "symbol": "WELL",
    "reportedCurrency": "USD",
    "cik": "0000766704",
    "fillingDate": "1990-12-31",
    "acceptedDate": "1990-12-31 00:00:00",
    "calendarYear": "1990",
    "period": "FY",
    "revenue": 26900000,
    "costOfRevenue": 0,
    "grossProfit": 26900000,
    "grossProfitRatio": 1,
    "researchAndDevelopmentExpenses": 0,
    "generalAndAdministrativeExpenses": 7900000,
    "sellingAndMarketingExpenses": 0,
    "sellingGeneralAndAdministrativeExpenses": 7900000,
    "otherExpenses": -10100000,
    "operatingExpenses": -2200000,
    "costAndExpenses": -2200000,
    "interestIncome": 0,
    "interestExpense": 0,
    "depreciationAndAmortization": 800000,
    "ebitda": 29900000,
    "ebitdaratio": 1.1115241636,
    "operatingIncome": 29100000,
    "operatingIncomeRatio": 1.0817843866,
    "totalOtherIncomeExpensesNet": 0,
    "incomeBeforeTax": 29100000,
    "incomeBeforeTaxRatio": 1.0817843866,
    "incomeTaxExpense": 17600000,
    "netIncome": 11500000,
    "netIncomeRatio": 0.4275092937,
    "eps": 1.88,
    "epsdiluted": 1.88,
    "weightedAverageShsOut": 6117021,
    "weightedAverageShsOutDil": 6117021,
    "link": null,
    "finalLink": null
  },
  {
    "date": "1989-12-31",
    "symbol": "WELL",
    "reportedCurrency": "USD",
    "cik": "0000766704",
    "fillingDate": "1989-12-31",
    "acceptedDate": "1989-12-31 00:00:00",
    "calendarYear": "1989",
    "period": "FY",
    "revenue": 26600000,
    "costOfRevenue": 0,
    "grossProfit": 26600000,
    "grossProfitRatio": 1,
    "researchAndDevelopmentExpenses": 0,
    "generalAndAdministrativeExpenses": 7000000,
    "sellingAndMarketingExpenses": 0,
    "sellingGeneralAndAdministrativeExpenses": 7000000,
    "otherExpenses": -10000000,
    "operatingExpenses": -3000000,
    "costAndExpenses": -3000000,
    "interestIncome": 0,
    "interestExpense": 0,
    "depreciationAndAmortization": 900000,
    "ebitda": 30500000,
    "ebitdaratio": 1.1466165414,
    "operatingIncome": 29600000,
    "operatingIncomeRatio": 1.1127819549,
    "totalOtherIncomeExpensesNet": 0,
    "incomeBeforeTax": 29600000,
    "incomeBeforeTaxRatio": 1.1127819549,
    "incomeTaxExpense": 18800000,
    "netIncome": 10800000,
    "netIncomeRatio": 0.4060150376,
    "eps": 1.79,
    "epsdiluted": 1.79,
    "weightedAverageShsOut": 6033520,
    "weightedAverageShsOutDil": 6033520,
    "link": null,
    "finalLink": null
  },
  {
    "date": "1988-12-31",
    "symbol": "WELL",
    "reportedCurrency": "USD",
    "cik": "0000766704",
    "fillingDate": "1988-12-31",
    "acceptedDate": "1988-12-30 19:00:00",
    "calendarYear": "1988",
    "period": "FY",
    "revenue": 25800000,
    "costOfRevenue": 0,
    "grossProfit": 25800000,
    "grossProfitRatio": 1,
    "researchAndDevelopmentExpenses": 0,
    "generalAndAdministrativeExpenses": 0,
    "sellingAndMarketingExpenses": 0,
    "sellingGeneralAndAdministrativeExpenses": 0,
    "otherExpenses": -4000000,
    "operatingExpenses": -4000000,
    "costAndExpenses": -4000000,
    "interestIncome": 0,
    "interestExpense": 0,
    "depreciationAndAmortization": 0,
    "ebitda": 29800000,
    "ebitdaratio": 1.1550387597,
    "operatingIncome": 29800000,
    "operatingIncomeRatio": 1.1550387597,
    "totalOtherIncomeExpensesNet": 0,
    "incomeBeforeTax": 29800000,
    "incomeBeforeTaxRatio": 1.1550387597,
    "incomeTaxExpense": 19800000,
    "netIncome": 10000000,
    "netIncomeRatio": 0.3875968992,
    "eps": 1.7,
    "epsdiluted": 1.7,
    "weightedAverageShsOut": 5882353,
    "weightedAverageShsOutDil": 5882353,
    "link": "",
    "finalLink": ""
  },
  {
    "date": "1987-12-31",
    "symbol": "WELL",
    "reportedCurrency": "USD",
    "cik": "0000766704",
    "fillingDate": "1987-12-31",
    "acceptedDate": "1987-12-30 19:00:00",
    "calendarYear": "1987",
    "period": "FY",
    "revenue": 25800000,
    "costOfRevenue": 0,
    "grossProfit": 25800000,
    "grossProfitRatio": 1,
    "researchAndDevelopmentExpenses": 0,
    "generalAndAdministrativeExpenses": 0,
    "sellingAndMarketingExpenses": 0,
    "sellingGeneralAndAdministrativeExpenses": 0,
    "otherExpenses": -3400000,
    "operatingExpenses": -3400000,
    "costAndExpenses": -3400000,
    "interestIncome": 0,
    "interestExpense": 0,
    "depreciationAndAmortization": 0,
    "ebitda": 29200000,
    "ebitdaratio": 1.1317829457,
    "operatingIncome": 29200000,
    "operatingIncomeRatio": 1.1317829457,
    "totalOtherIncomeExpensesNet": 0,
    "incomeBeforeTax": 29200000,
    "incomeBeforeTaxRatio": 1.1317829457,
    "incomeTaxExpense": 18400000,
    "netIncome": 10800000,
    "netIncomeRatio": 0.4186046512,
    "eps": 1.89,
    "epsdiluted": 1.89,
    "weightedAverageShsOut": 5714286,
    "weightedAverageShsOutDil": 5714286,
    "link": "",
    "finalLink": ""
  },
  {
    "date": "1986-12-31",
    "symbol": "WELL",
    "reportedCurrency": "USD",
    "cik": "0000766704",
    "fillingDate": "1986-12-31",
    "acceptedDate": "1986-12-30 19:00:00",
    "calendarYear": "1986",
    "period": "FY",
    "revenue": 19400000,
    "costOfRevenue": 0,
    "grossProfit": 19400000,
    "grossProfitRatio": 1,
    "researchAndDevelopmentExpenses": 0,
    "generalAndAdministrativeExpenses": 0,
    "sellingAndMarketingExpenses": 0,
    "sellingGeneralAndAdministrativeExpenses": 0,
    "otherExpenses": -2600000,
    "operatingExpenses": -2600000,
    "costAndExpenses": -2600000,
    "interestIncome": 0,
    "interestExpense": 0,
    "depreciationAndAmortization": 0,
    "ebitda": 22000000,
    "ebitdaratio": 1.1340206186,
    "operatingIncome": 22000000,
    "operatingIncomeRatio": 1.1340206186,
    "totalOtherIncomeExpensesNet": 0,
    "incomeBeforeTax": 22000000,
    "incomeBeforeTaxRatio": 1.1340206186,
    "incomeTaxExpense": 14500000,
    "netIncome": 7500000,
    "netIncomeRatio": 0.3865979381,
    "eps": 1.6,
    "epsdiluted": 1.6,
    "weightedAverageShsOut": 4687500,
    "weightedAverageShsOutDil": 4687500,
    "link": "",
    "finalLink": ""
  },
  {
    "date": "1985-12-31",
    "symbol": "WELL",
    "reportedCurrency": "USD",
    "cik": "0000766704",
    "fillingDate": "1985-12-31",
    "acceptedDate": "1985-12-30 19:00:00",
    "calendarYear": "1985",
    "period": "FY",
    "revenue": 17800000,
    "costOfRevenue": 0,
    "grossProfit": 17800000,
    "grossProfitRatio": 1,
    "researchAndDevelopmentExpenses": 0,
    "generalAndAdministrativeExpenses": 0,
    "sellingAndMarketingExpenses": 0,
    "sellingGeneralAndAdministrativeExpenses": 0,
    "otherExpenses": -2200000,
    "operatingExpenses": -2200000,
    "costAndExpenses": -2200000,
    "interestIncome": 0,
    "interestExpense": 0,
    "depreciationAndAmortization": 0,
    "ebitda": 20000000,
    "ebitdaratio": 1.1235955056,
    "operatingIncome": 20000000,
    "operatingIncomeRatio": 1.1235955056,
    "totalOtherIncomeExpensesNet": 0,
    "incomeBeforeTax": 20000000,
    "incomeBeforeTaxRatio": 1.1235955056,
    "incomeTaxExpense": 13100000,
    "netIncome": 6900000,
    "netIncomeRatio": 0.3876404494,
    "eps": 1.64,
    "epsdiluted": 1.64,
    "weightedAverageShsOut": 4207317,
    "weightedAverageShsOutDil": 4207317,
    "link": "",
    "finalLink": ""
  }
]