[
  {
    "date": "2025-06-30",
    "symbol": "WFC",
    "reportedCurrency": "USD",
    "cik": "0000072971",
    "fillingDate": "2025-08-05",
    "acceptedDate": "2025-08-05 09:28:49",
    "calendarYear": "2025",
    "period": "Q2",
    "revenue": 30434000000,
    "costOfRevenue": 10617000000,
    "grossProfit": 19817000000,
    "grossProfitRatio": 0.6511467438,
    "researchAndDevelopmentExpenses": 0,
    "generalAndAdministrativeExpenses": 8866000000,
    "sellingAndMarketingExpenses": 266000000,
    "sellingGeneralAndAdministrativeExpenses": 9132000000,
    "otherExpenses": 4247000000,
    "operatingExpenses": 13379000000,
    "costAndExpenses": 23996000000,
    "interestIncome": 21320000000,
    "interestExpense": 9612000000,
    "depreciationAndAmortization": 1893000000,
    "ebitda": 8331000000,
    "ebitdaratio": 0.2737398962,
    "operatingIncome": 6438000000,
    "operatingIncomeRatio": 0.2115397253,
    "totalOtherIncomeExpensesNet": 0,
    "incomeBeforeTax": 6438000000,
    "incomeBeforeTaxRatio": 0.2115397253,
    "incomeTaxExpense": 916000000,
    "netIncome": 5494000000,
    "netIncomeRatio": 0.1805217848,
    "eps": 1.61,
    "epsdiluted": 1.6,
    "weightedAverageShsOut": 3232700000,
    "weightedAverageShsOutDil": 3267000000,
    "link": "https://www.sec.gov/Archives/edgar/data/72971/000007297125000201/0000072971-25-000201-index.htm",
    "finalLink": "https://www.sec.gov/Archives/edgar/data/72971/000007297125000201/wfc-20250630.htm"
  },
  {
    "date": "2025-03-31",
    "symbol": "WFC",
    "reportedCurrency": "USD",
    "cik": "0000072971",
    "fillingDate": "2025-04-29",
    "acceptedDate": "2025-04-29 16:44:59",
    "calendarYear": "2025",
    "period": "Q1",
    "revenue": 29627000000,
    "costOfRevenue": 10410000000,
    "grossProfit": 19217000000,
    "grossProfitRatio": 0.648631316,
    "researchAndDevelopmentExpenses": 0,
    "generalAndAdministrativeExpenses": 9631000000,
    "sellingAndMarketingExpenses": 181000000,
    "sellingGeneralAndAdministrativeExpenses": 9812000000,
    "otherExpenses": 4079000000,
    "operatingExpenses": 13891000000,
    "costAndExpenses": 24301000000,
    "interestIncome": 20973000000,
    "interestExpense": 9478000000,
    "depreciationAndAmortization": 1858000000,
    "ebitda": 7184000000,
    "ebitdaratio": 0.2424815202,
    "operatingIncome": 5326000000,
    "operatingIncomeRatio": 0.1797684545,
    "totalOtherIncomeExpensesNet": 0,
    "incomeBeforeTax": 5326000000,
    "incomeBeforeTaxRatio": 0.1797684545,
    "incomeTaxExpense": 522000000,
    "netIncome": 4894000000,
    "netIncomeRatio": 0.1651871604,
    "eps": 1.41,
    "epsdiluted": 1.39,
    "weightedAverageShsOut": 3280400000,
    "weightedAverageShsOutDil": 3321600000,
    "link": "https://www.sec.gov/Archives/edgar/data/72971/000007297125000129/0000072971-25-000129-index.htm",
    "finalLink": "https://www.sec.gov/Archives/edgar/data/72971/000007297125000129/wfc-20250331.htm"
  },
  {
    "date": "2024-12-31",
    "symbol": "WFC",
    "reportedCurrency": "USD",
    "cik": "0000072971",
    "fillingDate": "2025-02-25",
    "acceptedDate": "2025-02-25 16:36:31",
    "calendarYear": "2024",
    "period": "Q4",
    "revenue": 30597000000,
    "costOfRevenue": 11314000000,
    "grossProfit": 19283000000,
    "grossProfitRatio": 0.6302251855,
    "researchAndDevelopmentExpenses": 0,
    "generalAndAdministrativeExpenses": 9229000000,
    "sellingAndMarketingExpenses": 243000000,
    "sellingGeneralAndAdministrativeExpenses": 9472000000,
    "otherExpenses": 4428000000,
    "operatingExpenses": 13900000000,
    "costAndExpenses": 25214000000,
    "interestIncome": 22055000000,
    "interestExpense": 10219000000,
    "depreciationAndAmortization": 1984000000,
    "ebitda": 7367000000,
    "ebitdaratio": 0.2407752394,
    "operatingIncome": 5383000000,
    "operatingIncomeRatio": 0.1759322809,
    "totalOtherIncomeExpensesNet": 0,
    "incomeBeforeTax": 5383000000,
    "incomeBeforeTaxRatio": 0.1759322809,
    "incomeTaxExpense": 120000000,
    "netIncome": 5079000000,
    "netIncomeRatio": 0.1659966663,
    "eps": 1.45,
    "epsdiluted": 1.43,
    "weightedAverageShsOut": 3312800000,
    "weightedAverageShsOutDil": 3360700000,
    "link": "https://www.sec.gov/Archives/edgar/data/72971/000007297125000066/0000072971-25-000066-index.htm",
    "finalLink": "https://www.sec.gov/Archives/edgar/data/72971/000007297125000066/wfc-20241231.htm"
  },
  {
    "date": "2024-09-30",
    "symbol": "WFC",
    "reportedCurrency": "USD",
    "cik": "0000072971",
    "fillingDate": "2024-10-31",
    "acceptedDate": "2024-10-31 16:32:36",
    "calendarYear": "2024",
    "period": "Q3",
    "revenue": 31674000000,
    "costOfRevenue": 12373000000,
    "grossProfit": 19301000000,
    "grossProfitRatio": 0.6093641473,
    "researchAndDevelopmentExpenses": 0,
    "generalAndAdministrativeExpenses": 8743000000,
    "sellingAndMarketingExpenses": 205000000,
    "sellingGeneralAndAdministrativeExpenses": 8948000000,
    "otherExpenses": 4119000000,
    "operatingExpenses": 13067000000,
    "costAndExpenses": 25440000000,
    "interestIncome": 22998000000,
    "interestExpense": 11308000000,
    "depreciationAndAmortization": 1783000000,
    "ebitda": 8017000000,
    "ebitdaratio": 0.2531098062,
    "operatingIncome": 6234000000,
    "operatingIncomeRatio": 0.1968175791,
    "totalOtherIncomeExpensesNet": 0,
    "incomeBeforeTax": 6234000000,
    "incomeBeforeTaxRatio": 0.1968175791,
    "incomeTaxExpense": 1064000000,
    "netIncome": 5114000000,
    "netIncomeRatio": 0.1614573467,
    "eps": 1.43,
    "epsdiluted": 1.42,
    "weightedAverageShsOut": 3384800000,
    "weightedAverageShsOutDil": 3425100000,
    "link": "https://www.sec.gov/Archives/edgar/data/72971/000007297124000243/0000072971-24-000243-index.htm",
    "finalLink": "https://www.sec.gov/Archives/edgar/data/72971/000007297124000243/wfc-20240930.htm"
  },
  {
    "date": "2024-06-30",
    "symbol": "WFC",
    "reportedCurrency": "USD",
    "cik": "0000072971",
    "fillingDate": "2024-08-01",
    "acceptedDate": "2024-08-01 17:16:01",
    "calendarYear": "2024",
    "period": "Q2",
    "revenue": 31650000000,
    "costOfRevenue": 12197000000,
    "grossProfit": 19453000000,
    "grossProfitRatio": 0.614628752,
    "researchAndDevelopmentExpenses": 0,
    "generalAndAdministrativeExpenses": 8575000000,
    "sellingAndMarketingExpenses": 224000000,
    "sellingGeneralAndAdministrativeExpenses": 8799000000,
    "otherExpenses": 4494000000,
    "operatingExpenses": 13293000000,
    "costAndExpenses": 25490000000,
    "interestIncome": 22884000000,
    "interestExpense": 10961000000,
    "depreciationAndAmortization": 1972000000,
    "ebitda": 8132000000,
    "ebitdaratio": 0.2569352291,
    "operatingIncome": 6160000000,
    "operatingIncomeRatio": 0.194628752,
    "totalOtherIncomeExpensesNet": 0,
    "incomeBeforeTax": 6160000000,
    "incomeBeforeTaxRatio": 0.194628752,
    "incomeTaxExpense": 1251000000,
    "netIncome": 4910000000,
    "netIncomeRatio": 0.1551342812,
    "eps": 1.35,
    "epsdiluted": 1.33,
    "weightedAverageShsOut": 3448300000,
    "weightedAverageShsOutDil": 3486200000,
    "link": "https://www.sec.gov/Archives/edgar/data/72971/000007297124000185/0000072971-24-000185-index.htm",
    "finalLink": "https://www.sec.gov/Archives/edgar/data/72971/000007297124000185/wfc-20240630.htm"
  },
  {
    "date": "2024-03-31",
    "symbol": "WFC",
    "reportedCurrency": "USD",
    "cik": "0000072971",
    "fillingDate": "2024-05-02",
    "acceptedDate": "2024-05-02 17:18:25",
    "calendarYear": "2024",
    "period": "Q1",
    "revenue": 31476000000,
    "costOfRevenue": 11551000000,
    "grossProfit": 19925000000,
    "grossProfitRatio": 0.633021985,
    "researchAndDevelopmentExpenses": 0,
    "generalAndAdministrativeExpenses": 9656000000,
    "sellingAndMarketingExpenses": 197000000,
    "sellingGeneralAndAdministrativeExpenses": 9853000000,
    "otherExpenses": 4485000000,
    "operatingExpenses": 14338000000,
    "costAndExpenses": 25889000000,
    "interestIncome": 22840000000,
    "interestExpense": 10613000000,
    "depreciationAndAmortization": 1819000000,
    "ebitda": 7406000000,
    "ebitdaratio": 0.23529038,
    "operatingIncome": 5587000000,
    "operatingIncomeRatio": 0.1775003177,
    "totalOtherIncomeExpensesNet": 0,
    "incomeBeforeTax": 5587000000,
    "incomeBeforeTaxRatio": 0.1775003177,
    "incomeTaxExpense": 964000000,
    "netIncome": 4619000000,
    "netIncomeRatio": 0.1467467277,
    "eps": 1.21,
    "epsdiluted": 1.2,
    "weightedAverageShsOut": 3560100000,
    "weightedAverageShsOutDil": 3600100000,
    "link": "https://www.sec.gov/Archives/edgar/data/72971/000007297124000129/0000072971-24-000129-index.htm",
    "finalLink": "https://www.sec.gov/Archives/edgar/data/72971/000007297124000129/wfc-20240331.htm"
  },
  {
    "date": "2023-12-31",
    "symbol": "WFC",
    "reportedCurrency": "USD",
    "cik": "0000072971",
    "fillingDate": "2024-02-20",
    "acceptedDate": "2024-02-20 17:06:58",
    "calendarYear": "2023",
    "period": "Q4",
    "revenue": 30546000000,
    "costOfRevenue": 11350000000,
    "grossProfit": 19196000000,
    "grossProfitRatio": 0.6284292542,
    "researchAndDevelopmentExpenses": 0,
    "generalAndAdministrativeExpenses": 8652000000,
    "sellingAndMarketingExpenses": 259000000,
    "sellingGeneralAndAdministrativeExpenses": 8911000000,
    "otherExpenses": 6875000000,
    "operatingExpenses": 15786000000,
    "costAndExpenses": 27136000000,
    "interestIncome": 22839000000,
    "interestExpense": 10068000000,
    "depreciationAndAmortization": 1494000000,
    "ebitda": 4904000000,
    "ebitdaratio": 0.1605447522,
    "operatingIncome": 3410000000,
    "operatingIncomeRatio": 0.1116349113,
    "totalOtherIncomeExpensesNet": 0,
    "incomeBeforeTax": 3410000000,
    "incomeBeforeTaxRatio": 0.1116349113,
    "incomeTaxExpense": -100000000,
    "netIncome": 3446000000,
    "netIncomeRatio": 0.1128134617,
    "eps": 0.87,
    "epsdiluted": 0.86,
    "weightedAverageShsOut": 3620900000,
    "weightedAverageShsOutDil": 3657000000,
    "link": "https://www.sec.gov/Archives/edgar/data/72971/000007297124000064/0000072971-24-000064-index.htm",
    "finalLink": "https://www.sec.gov/Archives/edgar/data/72971/000007297124000064/wfc-20231231.htm"
  },
  {
    "date": "2023-09-30",
    "symbol": "WFC",
    "reportedCurrency": "USD",
    "cik": "0000072971",
    "fillingDate": "2023-10-31",
    "acceptedDate": "2023-10-31 17:02:38",
    "calendarYear": "2023",
    "period": "Q3",
    "revenue": 29845000000,
    "costOfRevenue": 10185000000,
    "grossProfit": 19660000000,
    "grossProfitRatio": 0.6587368068,
    "researchAndDevelopmentExpenses": 0,
    "generalAndAdministrativeExpenses": 8799000000,
    "sellingAndMarketingExpenses": 215000000,
    "sellingGeneralAndAdministrativeExpenses": 9014000000,
    "otherExpenses": 4099000000,
    "operatingExpenses": 13113000000,
    "costAndExpenses": 23298000000,
    "interestIncome": 22093000000,
    "interestExpense": 8988000000,
    "depreciationAndAmortization": 1597000000,
    "ebitda": 8144000000,
    "ebitdaratio": 0.2728765287,
    "operatingIncome": 6547000000,
    "operatingIncomeRatio": 0.2193667281,
    "totalOtherIncomeExpensesNet": 0,
    "incomeBeforeTax": 6547000000,
    "incomeBeforeTaxRatio": 0.2193667281,
    "incomeTaxExpense": 811000000,
    "netIncome": 5767000000,
    "netIncomeRatio": 0.1932316971,
    "eps": 1.49,
    "epsdiluted": 1.48,
    "weightedAverageShsOut": 3648800000,
    "weightedAverageShsOutDil": 3680600000,
    "link": "https://www.sec.gov/Archives/edgar/data/72971/000007297123000170/0000072971-23-000170-index.htm",
    "finalLink": "https://www.sec.gov/Archives/edgar/data/72971/000007297123000170/wfc-20230930.htm"
  },
  {
    "date": "2023-06-30",
    "symbol": "WFC",
    "reportedCurrency": "USD",
    "cik": "0000072971",
    "fillingDate": "2023-08-01",
    "acceptedDate": "2023-08-01 17:02:49",
    "calendarYear": "2023",
    "period": "Q2",
    "revenue": 28200000000,
    "costOfRevenue": 9380000000,
    "grossProfit": 18820000000,
    "grossProfitRatio": 0.6673758865,
    "researchAndDevelopmentExpenses": 0,
    "generalAndAdministrativeExpenses": 8606000000,
    "sellingAndMarketingExpenses": 184000000,
    "sellingGeneralAndAdministrativeExpenses": 8790000000,
    "otherExpenses": 4197000000,
    "operatingExpenses": 12987000000,
    "costAndExpenses": 22367000000,
    "interestIncome": 20830000000,
    "interestExpense": 7667000000,
    "depreciationAndAmortization": 1628000000,
    "ebitda": 7461000000,
    "ebitdaratio": 0.2645744681,
    "operatingIncome": 5833000000,
    "operatingIncomeRatio": 0.2068439716,
    "totalOtherIncomeExpensesNet": 0,
    "incomeBeforeTax": 5833000000,
    "incomeBeforeTaxRatio": 0.2068439716,
    "incomeTaxExpense": 930000000,
    "netIncome": 4938000000,
    "netIncomeRatio": 0.175106383,
    "eps": 1.26,
    "epsdiluted": 1.25,
    "weightedAverageShsOut": 3699900000,
    "weightedAverageShsOutDil": 3724900000,
    "link": "https://www.sec.gov/Archives/edgar/data/72971/000007297123000138/0000072971-23-000138-index.htm",
    "finalLink": "https://www.sec.gov/Archives/edgar/data/72971/000007297123000138/wfc-20230630.htm"
  },
  {
    "date": "2023-03-31",
    "symbol": "WFC",
    "reportedCurrency": "USD",
    "cik": "0000072971",
    "fillingDate": "2023-05-02",
    "acceptedDate": "2023-05-02 17:09:03",
    "calendarYear": "2023",
    "period": "Q1",
    "revenue": 26749000000,
    "costOfRevenue": 7227000000,
    "grossProfit": 19522000000,
    "grossProfitRatio": 0.7298216756,
    "researchAndDevelopmentExpenses": 0,
    "generalAndAdministrativeExpenses": 9592000000,
    "sellingAndMarketingExpenses": 154000000,
    "sellingGeneralAndAdministrativeExpenses": 9746000000,
    "otherExpenses": 3930000000,
    "operatingExpenses": 13676000000,
    "costAndExpenses": 20903000000,
    "interestIncome": 19356000000,
    "interestExpense": 6020000000,
    "depreciationAndAmortization": 1552000000,
    "ebitda": 7398000000,
    "ebitdaratio": 0.2765710868,
    "operatingIncome": 5846000000,
    "operatingIncomeRatio": 0.2185502262,
    "totalOtherIncomeExpensesNet": 0,
    "incomeBeforeTax": 5846000000,
    "incomeBeforeTaxRatio": 0.2185502262,
    "incomeTaxExpense": 966000000,
    "netIncome": 4991000000,
    "netIncomeRatio": 0.1865864144,
    "eps": 1.24,
    "epsdiluted": 1.23,
    "weightedAverageShsOut": 3785600000,
    "weightedAverageShsOutDil": 3818700000,
    "link": "https://www.sec.gov/Archives/edgar/data/72971/000007297123000102/0000072971-23-000102-index.htm",
    "finalLink": "https://www.sec.gov/Archives/edgar/data/72971/000007297123000102/wfc-20230331.htm"
  },
  {
    "date": "2022-12-31",
    "symbol": "WFC",
    "reportedCurrency": "USD",
    "cik": "0000072971",
    "fillingDate": "2023-02-21",
    "acceptedDate": "2023-02-21 17:13:29",
    "calendarYear": "2022",
    "period": "Q4",
    "revenue": 24020000000,
    "costOfRevenue": 5317000000,
    "grossProfit": 18703000000,
    "grossProfitRatio": 0.7786427977,
    "researchAndDevelopmentExpenses": 0,
    "generalAndAdministrativeExpenses": 8415000000,
    "sellingAndMarketingExpenses": 178000000,
    "sellingGeneralAndAdministrativeExpenses": 8593000000,
    "otherExpenses": 7609000000,
    "operatingExpenses": 16202000000,
    "costAndExpenses": 21519000000,
    "interestIncome": 17793000000,
    "interestExpense": 4360000000,
    "depreciationAndAmortization": 1579000000,
    "ebitda": 4080000000,
    "ebitdaratio": 0.1698584513,
    "operatingIncome": 2501000000,
    "operatingIncomeRatio": 0.1041215654,
    "totalOtherIncomeExpensesNet": 0,
    "incomeBeforeTax": 2501000000,
    "incomeBeforeTaxRatio": 0.1041215654,
    "incomeTaxExpense": -127000000,
    "netIncome": 2864000000,
    "netIncomeRatio": 0.1192339717,
    "eps": 0.68,
    "epsdiluted": 0.67,
    "weightedAverageShsOut": 3799900000,
    "weightedAverageShsOutDil": 3832700000,
    "link": "https://www.sec.gov/Archives/edgar/data/72971/000007297123000071/0000072971-23-000071-index.htm",
    "finalLink": "https://www.sec.gov/Archives/edgar/data/72971/000007297123000071/wfc-20221231.htm"
  },
  {
    "date": "2022-09-30",
    "symbol": "WFC",
    "reportedCurrency": "USD",
    "cik": "0000072971",
    "fillingDate": "2022-10-31",
    "acceptedDate": "2022-10-31 17:20:33",
    "calendarYear": "2022",
    "period": "Q3",
    "revenue": 21962000000,
    "costOfRevenue": 3180000000,
    "grossProfit": 18782000000,
    "grossProfitRatio": 0.855204444,
    "researchAndDevelopmentExpenses": 0,
    "generalAndAdministrativeExpenses": 8398000000,
    "sellingAndMarketingExpenses": 126000000,
    "sellingGeneralAndAdministrativeExpenses": 8524000000,
    "otherExpenses": 5782000000,
    "operatingExpenses": 14306000000,
    "costAndExpenses": 17486000000,
    "interestIncome": 14494000000,
    "interestExpense": 2396000000,
    "depreciationAndAmortization": 1690000000,
    "ebitda": 6166000000,
    "ebitdaratio": 0.2807576723,
    "operatingIncome": 4476000000,
    "operatingIncomeRatio": 0.203806575,
    "totalOtherIncomeExpensesNet": 0,
    "incomeBeforeTax": 4476000000,
    "incomeBeforeTaxRatio": 0.203806575,
    "incomeTaxExpense": 912000000,
    "netIncome": 3592000000,
    "netIncomeRatio": 0.1635552318,
    "eps": 0.86,
    "epsdiluted": 0.85,
    "weightedAverageShsOut": 3796500000,
    "weightedAverageShsOutDil": 3825100000,
    "link": "https://www.sec.gov/Archives/edgar/data/72971/000007297122000205/0000072971-22-000205-index.htm",
    "finalLink": "https://www.sec.gov/Archives/edgar/data/72971/000007297122000205/wfc-20220930.htm"
  },
  {
    "date": "2022-06-30",
    "symbol": "WFC",
    "reportedCurrency": "USD",
    "cik": "0000072971",
    "fillingDate": "2022-08-01",
    "acceptedDate": "2022-08-01 17:02:37",
    "calendarYear": "2022",
    "period": "Q2",
    "revenue": 18398000000,
    "costOfRevenue": 1938000000,
    "grossProfit": 16460000000,
    "grossProfitRatio": 0.8946624633,
    "researchAndDevelopmentExpenses": 0,
    "generalAndAdministrativeExpenses": 8627000000,
    "sellingAndMarketingExpenses": 102000000,
    "sellingGeneralAndAdministrativeExpenses": 8729000000,
    "otherExpenses": 4133000000,
    "operatingExpenses": 12862000000,
    "costAndExpenses": 14800000000,
    "interestIncome": 11556000000,
    "interestExpense": 1358000000,
    "depreciationAndAmortization": 1772000000,
    "ebitda": 5370000000,
    "ebitdaratio": 0.2918795521,
    "operatingIncome": 3598000000,
    "operatingIncomeRatio": 0.1955647353,
    "totalOtherIncomeExpensesNet": 0,
    "incomeBeforeTax": 3598000000,
    "incomeBeforeTaxRatio": 0.1955647353,
    "incomeTaxExpense": 622000000,
    "netIncome": 3142000000,
    "netIncomeRatio": 0.1707794325,
    "eps": 0.75,
    "epsdiluted": 0.74,
    "weightedAverageShsOut": 3793800000,
    "weightedAverageShsOutDil": 3819600000,
    "link": "https://www.sec.gov/Archives/edgar/data/72971/000007297122000174/0000072971-22-000174-index.htm",
    "finalLink": "https://www.sec.gov/Archives/edgar/data/72971/000007297122000174/wfc-20220630.htm"
  },
  {
    "date": "2022-03-31",
    "symbol": "WFC",
    "reportedCurrency": "USD",
    "cik": "0000072971",
    "fillingDate": "2022-05-03",
    "acceptedDate": "2022-05-03 08:03:08",
    "calendarYear": "2022",
    "period": "Q1",
    "revenue": 18688000000,
    "costOfRevenue": 173000000,
    "grossProfit": 18515000000,
    "grossProfitRatio": 0.9907427226,
    "researchAndDevelopmentExpenses": 0,
    "generalAndAdministrativeExpenses": 9459000000,
    "sellingAndMarketingExpenses": 99000000,
    "sellingGeneralAndAdministrativeExpenses": 9558000000,
    "otherExpenses": 4293000000,
    "operatingExpenses": 13851000000,
    "costAndExpenses": 14024000000,
    "interestIncome": 10181000000,
    "interestExpense": 960000000,
    "depreciationAndAmortization": 1791000000,
    "ebitda": 6455000000,
    "ebitdaratio": 0.3454088185,
    "operatingIncome": 4664000000,
    "operatingIncomeRatio": 0.2495719178,
    "totalOtherIncomeExpensesNet": 0,
    "incomeBeforeTax": 4664000000,
    "incomeBeforeTaxRatio": 0.2495719178,
    "incomeTaxExpense": 746000000,
    "netIncome": 3788000000,
    "netIncomeRatio": 0.2026969178,
    "eps": 0.89,
    "epsdiluted": 0.88,
    "weightedAverageShsOut": 3831100000,
    "weightedAverageShsOutDil": 3868900000,
    "link": "https://www.sec.gov/Archives/edgar/data/72971/000007297122000113/0000072971-22-000113-index.htm",
    "finalLink": "https://www.sec.gov/Archives/edgar/data/72971/000007297122000113/wfc-20220331.htm"
  },
  {
    "date": "2021-12-31",
    "symbol": "WFC",
    "reportedCurrency": "USD",
    "cik": "0000072971",
    "fillingDate": "2022-02-22",
    "acceptedDate": "2022-02-22 17:01:56",
    "calendarYear": "2021",
    "period": "Q4",
    "revenue": 21715000000,
    "costOfRevenue": 407000000,
    "grossProfit": 21308000000,
    "grossProfitRatio": 0.9812571955,
    "researchAndDevelopmentExpenses": 0,
    "generalAndAdministrativeExpenses": 8475000000,
    "sellingAndMarketingExpenses": 225000000,
    "sellingGeneralAndAdministrativeExpenses": 8700000000,
    "otherExpenses": 4498000000,
    "operatingExpenses": 13198000000,
    "costAndExpenses": 13605000000,
    "interestIncome": 10121000000,
    "interestExpense": 859000000,
    "depreciationAndAmortization": 1800000000,
    "ebitda": 9910000000,
    "ebitdaratio": 0.4563665669,
    "operatingIncome": 8110000000,
    "operatingIncomeRatio": 0.3734745568,
    "totalOtherIncomeExpensesNet": 0,
    "incomeBeforeTax": 8110000000,
    "incomeBeforeTaxRatio": 0.3734745568,
    "incomeTaxExpense": 1711000000,
    "netIncome": 5750000000,
    "netIncomeRatio": 0.2647939213,
    "eps": 1.39,
    "epsdiluted": 1.38,
    "weightedAverageShsOut": 3927600000,
    "weightedAverageShsOutDil": 3964700000,
    "link": "https://www.sec.gov/Archives/edgar/data/72971/000007297122000096/0000072971-22-000096-index.htm",
    "finalLink": "https://www.sec.gov/Archives/edgar/data/72971/000007297122000096/wfc-20211231.htm"
  },
  {
    "date": "2021-09-30",
    "symbol": "WFC",
    "reportedCurrency": "USD",
    "cik": "0000072971",
    "fillingDate": "2021-11-01",
    "acceptedDate": "2021-11-01 17:19:43",
    "calendarYear": "2021",
    "period": "Q3",
    "revenue": 19759000000,
    "costOfRevenue": -470000000,
    "grossProfit": 20229000000,
    "grossProfitRatio": 1.0237866289,
    "researchAndDevelopmentExpenses": 0,
    "generalAndAdministrativeExpenses": 8690000000,
    "sellingAndMarketingExpenses": 153000000,
    "sellingGeneralAndAdministrativeExpenses": 8843000000,
    "otherExpenses": 4460000000,
    "operatingExpenses": 13303000000,
    "costAndExpenses": 12833000000,
    "interestIncome": 9834000000,
    "interestExpense": 925000000,
    "depreciationAndAmortization": 1917000000,
    "ebitda": 8843000000,
    "ebitdaratio": 0.4475428918,
    "operatingIncome": 6926000000,
    "operatingIncomeRatio": 0.3505238119,
    "totalOtherIncomeExpensesNet": 0,
    "incomeBeforeTax": 6926000000,
    "incomeBeforeTaxRatio": 0.3505238119,
    "incomeTaxExpense": 1521000000,
    "netIncome": 5122000000,
    "netIncomeRatio": 0.2592236449,
    "eps": 1.18,
    "epsdiluted": 1.17,
    "weightedAverageShsOut": 4056300000,
    "weightedAverageShsOutDil": 4090400000,
    "link": "https://www.sec.gov/Archives/edgar/data/72971/000007297121000317/0000072971-21-000317-index.htm",
    "finalLink": "https://www.sec.gov/Archives/edgar/data/72971/000007297121000317/wfc-20210930.htm"
  },
  {
    "date": "2021-06-30",
    "symbol": "WFC",
    "reportedCurrency": "USD",
    "cik": "0000072971",
    "fillingDate": "2021-07-28",
    "acceptedDate": "2021-07-28 17:19:54",
    "calendarYear": "2021",
    "period": "Q2",
    "revenue": 21163000000,
    "costOfRevenue": -367000000,
    "grossProfit": 21530000000,
    "grossProfitRatio": 1.0173415867,
    "researchAndDevelopmentExpenses": 0,
    "generalAndAdministrativeExpenses": 8818000000,
    "sellingAndMarketingExpenses": 132000000,
    "sellingGeneralAndAdministrativeExpenses": 8950000000,
    "otherExpenses": 4391000000,
    "operatingExpenses": 13341000000,
    "costAndExpenses": 12974000000,
    "interestIncome": 9693000000,
    "interestExpense": 893000000,
    "depreciationAndAmortization": 2023000000,
    "ebitda": 10212000000,
    "ebitdaratio": 0.4825402826,
    "operatingIncome": 8189000000,
    "operatingIncomeRatio": 0.3869489203,
    "totalOtherIncomeExpensesNet": 0,
    "incomeBeforeTax": 8189000000,
    "incomeBeforeTaxRatio": 0.3869489203,
    "incomeTaxExpense": 1445000000,
    "netIncome": 6040000000,
    "netIncomeRatio": 0.2854037707,
    "eps": 1.39,
    "epsdiluted": 1.38,
    "weightedAverageShsOut": 4124600000,
    "weightedAverageShsOutDil": 4156100000,
    "link": "https://www.sec.gov/Archives/edgar/data/72971/000007297121000267/0000072971-21-000267-index.htm",
    "finalLink": "https://www.sec.gov/Archives/edgar/data/72971/000007297121000267/wfc-20210630.htm"
  },
  {
    "date": "2021-03-31",
    "symbol": "WFC",
    "reportedCurrency": "USD",
    "cik": "0000072971",
    "fillingDate": "2021-05-05",
    "acceptedDate": "2021-05-05 17:16:44",
    "calendarYear": "2021",
    "period": "Q1",
    "revenue": 19770000000,
    "costOfRevenue": 190000000,
    "grossProfit": 19580000000,
    "grossProfitRatio": 0.990389479,
    "researchAndDevelopmentExpenses": 0,
    "generalAndAdministrativeExpenses": 9558000000,
    "sellingAndMarketingExpenses": 90000000,
    "sellingGeneralAndAdministrativeExpenses": 9648000000,
    "otherExpenses": 4341000000,
    "operatingExpenses": 13989000000,
    "costAndExpenses": 14179000000,
    "interestIncome": 10046000000,
    "interestExpense": 1238000000,
    "depreciationAndAmortization": 2150000000,
    "ebitda": 7741000000,
    "ebitdaratio": 0.3915528579,
    "operatingIncome": 5591000000,
    "operatingIncomeRatio": 0.2828022256,
    "totalOtherIncomeExpensesNet": 0,
    "incomeBeforeTax": 5591000000,
    "incomeBeforeTaxRatio": 0.2828022256,
    "incomeTaxExpense": 901000000,
    "netIncome": 4636000000,
    "netIncomeRatio": 0.2344967122,
    "eps": 1.05,
    "epsdiluted": 1.05,
    "weightedAverageShsOut": 4141300000,
    "weightedAverageShsOutDil": 4171000000,
    "link": "https://www.sec.gov/Archives/edgar/data/72971/000007297121000221/0000072971-21-000221-index.htm",
    "finalLink": "https://www.sec.gov/Archives/edgar/data/72971/000007297121000221/wfc-20210331.htm"
  },
  {
    "date": "2020-12-31",
    "symbol": "WFC",
    "reportedCurrency": "USD",
    "cik": "0000072971",
    "fillingDate": "2021-02-23",
    "acceptedDate": "2021-02-23 16:58:04",
    "calendarYear": "2020",
    "period": "Q4",
    "revenue": 19279000000,
    "costOfRevenue": 1175000000,
    "grossProfit": 18104000000,
    "grossProfitRatio": 0.9390528554,
    "researchAndDevelopmentExpenses": 0,
    "generalAndAdministrativeExpenses": 8153000000,
    "sellingAndMarketingExpenses": 138000000,
    "sellingGeneralAndAdministrativeExpenses": 8291000000,
    "otherExpenses": 6511000000,
    "operatingExpenses": 14802000000,
    "costAndExpenses": 15977000000,
    "interestIncome": 10470000000,
    "interestExpense": 1195000000,
    "depreciationAndAmortization": 2292000000,
    "ebitda": 5594000000,
    "ebitdaratio": 0.290160278,
    "operatingIncome": 3302000000,
    "operatingIncomeRatio": 0.1712744437,
    "totalOtherIncomeExpensesNet": 0,
    "incomeBeforeTax": 3302000000,
    "incomeBeforeTaxRatio": 0.1712744437,
    "incomeTaxExpense": 108000000,
    "netIncome": 2992000000,
    "netIncomeRatio": 0.1551947715,
    "eps": 0.64,
    "epsdiluted": 0.64,
    "weightedAverageShsOut": 4137600000,
    "weightedAverageShsOutDil": 4151300000,
    "link": "https://www.sec.gov/Archives/edgar/data/72971/000007297121000197/0000072971-21-000197-index.htm",
    "finalLink": "https://www.sec.gov/Archives/edgar/data/72971/000007297121000197/wfc-20201231.htm"
  },
  {
    "date": "2020-09-30",
    "symbol": "WFC",
    "reportedCurrency": "USD",
    "cik": "0000072971",
    "fillingDate": "2020-11-02",
    "acceptedDate": "2020-11-02 16:09:12",
    "calendarYear": "2020",
    "period": "Q3",
    "revenue": 20748000000,
    "costOfRevenue": 2201000000,
    "grossProfit": 18547000000,
    "grossProfitRatio": 0.893917486,
    "researchAndDevelopmentExpenses": 0,
    "generalAndAdministrativeExpenses": 8624000000,
    "sellingAndMarketingExpenses": 144000000,
    "sellingGeneralAndAdministrativeExpenses": 8768000000,
    "otherExpenses": 6461000000,
    "operatingExpenses": 15229000000,
    "costAndExpenses": 17430000000,
    "interestIncome": 10811000000,
    "interestExpense": 1432000000,
    "depreciationAndAmortization": 2279000000,
    "ebitda": 5597000000,
    "ebitdaratio": 0.2697609408,
    "operatingIncome": 3318000000,
    "operatingIncomeRatio": 0.1599190283,
    "totalOtherIncomeExpensesNet": 0,
    "incomeBeforeTax": 3318000000,
    "incomeBeforeTaxRatio": 0.1599190283,
    "incomeTaxExpense": -83000000,
    "netIncome": 3216000000,
    "netIncomeRatio": 0.1550028918,
    "eps": 0.49,
    "epsdiluted": 0.49,
    "weightedAverageShsOut": 4123800000,
    "weightedAverageShsOutDil": 4132200000,
    "link": "https://www.sec.gov/Archives/edgar/data/72971/000007297120000338/0000072971-20-000338-index.htm",
    "finalLink": "https://www.sec.gov/Archives/edgar/data/72971/000007297120000338/wfc-20200930.htm"
  },
  {
    "date": "2020-06-30",
    "symbol": "WFC",
    "reportedCurrency": "USD",
    "cik": "0000072971",
    "fillingDate": "2020-08-04",
    "acceptedDate": "2020-08-04 09:53:20",
    "calendarYear": "2020",
    "period": "Q2",
    "revenue": 20207000000,
    "costOfRevenue": 11455000000,
    "grossProfit": 8752000000,
    "grossProfitRatio": 0.4331172366,
    "researchAndDevelopmentExpenses": 0,
    "generalAndAdministrativeExpenses": 9160000000,
    "sellingAndMarketingExpenses": 137000000,
    "sellingGeneralAndAdministrativeExpenses": 9297000000,
    "otherExpenses": 5254000000,
    "operatingExpenses": 14551000000,
    "costAndExpenses": 26006000000,
    "interestIncome": 11813000000,
    "interestExpense": 1921000000,
    "depreciationAndAmortization": 1990000000,
    "ebitda": -3809000000,
    "ebitdaratio": -0.188499035,
    "operatingIncome": -5799000000,
    "operatingIncomeRatio": -0.2869797595,
    "totalOtherIncomeExpensesNet": 0,
    "incomeBeforeTax": -5799000000,
    "incomeBeforeTaxRatio": -0.2869797595,
    "incomeTaxExpense": -2001000000,
    "netIncome": -3846000000,
    "netIncomeRatio": -0.1903300836,
    "eps": -0.66,
    "epsdiluted": -0.66,
    "weightedAverageShsOut": 4105500000,
    "weightedAverageShsOutDil": 4105500000,
    "link": "https://www.sec.gov/Archives/edgar/data/72971/000007297120000288/0000072971-20-000288-index.htm",
    "finalLink": "https://www.sec.gov/Archives/edgar/data/72971/000007297120000288/wfc-0630x2020x10q.htm"
  },
  {
    "date": "2020-03-31",
    "symbol": "WFC",
    "reportedCurrency": "USD",
    "cik": "0000072971",
    "fillingDate": "2020-05-05",
    "acceptedDate": "2020-05-05 15:25:29",
    "calendarYear": "2020",
    "period": "Q1",
    "revenue": 21132000000,
    "costOfRevenue": 7420000000,
    "grossProfit": 13712000000,
    "grossProfitRatio": 0.648873746,
    "researchAndDevelopmentExpenses": 0,
    "generalAndAdministrativeExpenses": 8323000000,
    "sellingAndMarketingExpenses": 181000000,
    "sellingGeneralAndAdministrativeExpenses": 8504000000,
    "otherExpenses": 4544000000,
    "operatingExpenses": 13048000000,
    "costAndExpenses": 20468000000,
    "interestIncome": 14727000000,
    "interestExpense": 3415000000,
    "depreciationAndAmortization": 1868000000,
    "ebitda": 2532000000,
    "ebitdaratio": 0.1198182851,
    "operatingIncome": 664000000,
    "operatingIncomeRatio": 0.0314215408,
    "totalOtherIncomeExpensesNet": 0,
    "incomeBeforeTax": 664000000,
    "incomeBeforeTaxRatio": 0.0314215408,
    "incomeTaxExpense": 159000000,
    "netIncome": 653000000,
    "netIncomeRatio": 0.0309010032,
    "eps": 0.01,
    "epsdiluted": 0.01,
    "weightedAverageShsOut": 4104800000,
    "weightedAverageShsOutDil": 4135300000,
    "link": "https://www.sec.gov/Archives/edgar/data/72971/000007297120000236/0000072971-20-000236-index.htm",
    "finalLink": "https://www.sec.gov/Archives/edgar/data/72971/000007297120000236/wfc-0331x2020x10q.htm"
  },
  {
    "date": "2019-12-31",
    "symbol": "WFC",
    "reportedCurrency": "USD",
    "cik": "0000072971",
    "fillingDate": "2020-02-27",
    "acceptedDate": "2020-02-26 21:51:08",
    "calendarYear": "2019",
    "period": "Q4",
    "revenue": 24255000000,
    "costOfRevenue": 5039000000,
    "grossProfit": 19216000000,
    "grossProfitRatio": 0.7922490208,
    "researchAndDevelopmentExpenses": 0,
    "generalAndAdministrativeExpenses": 10093000000,
    "sellingAndMarketingExpenses": 1076000000,
    "sellingGeneralAndAdministrativeExpenses": 11169000000,
    "otherExpenses": 4445000000,
    "operatingExpenses": 15614000000,
    "costAndExpenses": 20653000000,
    "interestIncome": 15595000000,
    "interestExpense": 4395000000,
    "depreciationAndAmortization": 2135000000,
    "ebitda": 5737000000,
    "ebitdaratio": 0.2365285508,
    "operatingIncome": 3602000000,
    "operatingIncomeRatio": 0.1485054628,
    "totalOtherIncomeExpensesNet": 0,
    "incomeBeforeTax": 3602000000,
    "incomeBeforeTaxRatio": 0.1485054628,
    "incomeTaxExpense": 678000000,
    "netIncome": 2873000000,
    "netIncomeRatio": 0.1184498042,
    "eps": 0.61,
    "epsdiluted": 0.6,
    "weightedAverageShsOut": 4197100000,
    "weightedAverageShsOutDil": 4234600000,
    "link": "https://www.sec.gov/Archives/edgar/data/72971/000007297120000217/0000072971-20-000217-index.htm",
    "finalLink": "https://www.sec.gov/Archives/edgar/data/72971/000007297120000217/wfc-12312019x10k.htm"
  },
  {
    "date": "2019-09-30",
    "symbol": "WFC",
    "reportedCurrency": "USD",
    "cik": "0000072971",
    "fillingDate": "2019-11-01",
    "acceptedDate": "2019-11-01 15:42:55",
    "calendarYear": "2019",
    "period": "Q3",
    "revenue": 26884000000,
    "costOfRevenue": 5569000000,
    "grossProfit": 21315000000,
    "grossProfitRatio": 0.7928507663,
    "researchAndDevelopmentExpenses": 0,
    "generalAndAdministrativeExpenses": 8876000000,
    "sellingAndMarketingExpenses": 266000000,
    "sellingGeneralAndAdministrativeExpenses": 9142000000,
    "otherExpenses": 6057000000,
    "operatingExpenses": 15199000000,
    "costAndExpenses": 20768000000,
    "interestIncome": 16499000000,
    "interestExpense": 4874000000,
    "depreciationAndAmortization": 1840000000,
    "ebitda": 7956000000,
    "ebitdaratio": 0.2959381044,
    "operatingIncome": 6116000000,
    "operatingIncomeRatio": 0.2274959083,
    "totalOtherIncomeExpensesNet": 0,
    "incomeBeforeTax": 6116000000,
    "incomeBeforeTaxRatio": 0.2274959083,
    "incomeTaxExpense": 1304000000,
    "netIncome": 4610000000,
    "netIncomeRatio": 0.1714774587,
    "eps": 0.93,
    "epsdiluted": 0.92,
    "weightedAverageShsOut": 4358500000,
    "weightedAverageShsOutDil": 4389600000,
    "link": "https://www.sec.gov/Archives/edgar/data/72971/000007297119000406/0000072971-19-000406-index.htm",
    "finalLink": "https://www.sec.gov/Archives/edgar/data/72971/000007297119000406/wfc-09302019x10q.htm"
  },
  {
    "date": "2019-06-30",
    "symbol": "WFC",
    "reportedCurrency": "USD",
    "cik": "0000072971",
    "fillingDate": "2019-08-02",
    "acceptedDate": "2019-08-02 15:55:09",
    "calendarYear": "2019",
    "period": "Q2",
    "revenue": 26475000000,
    "costOfRevenue": 5394000000,
    "grossProfit": 21081000000,
    "grossProfitRatio": 0.7962606232,
    "researchAndDevelopmentExpenses": 0,
    "generalAndAdministrativeExpenses": 8929000000,
    "sellingAndMarketingExpenses": 329000000,
    "sellingGeneralAndAdministrativeExpenses": 9258000000,
    "otherExpenses": 4191000000,
    "operatingExpenses": 13449000000,
    "costAndExpenses": 18843000000,
    "interestIncome": 16986000000,
    "interestExpense": 4891000000,
    "depreciationAndAmortization": 1651000000,
    "ebitda": 9283000000,
    "ebitdaratio": 0.3506326723,
    "operatingIncome": 7632000000,
    "operatingIncomeRatio": 0.2882719547,
    "totalOtherIncomeExpensesNet": 0,
    "incomeBeforeTax": 7632000000,
    "incomeBeforeTaxRatio": 0.2882719547,
    "incomeTaxExpense": 1294000000,
    "netIncome": 6206000000,
    "netIncomeRatio": 0.2344098206,
    "eps": 1.31,
    "epsdiluted": 1.3,
    "weightedAverageShsOut": 4469400000,
    "weightedAverageShsOutDil": 4495000000,
    "link": "https://www.sec.gov/Archives/edgar/data/72971/000007297119000331/0000072971-19-000331-index.htm",
    "finalLink": "https://www.sec.gov/Archives/edgar/data/72971/000007297119000331/wfc-06302019x10q.htm"
  },
  {
    "date": "2019-03-31",
    "symbol": "WFC",
    "reportedCurrency": "USD",
    "cik": "0000072971",
    "fillingDate": "2019-05-03",
    "acceptedDate": "2019-05-03 13:02:25",
    "calendarYear": "2019",
    "period": "Q1",
    "revenue": 26301000000,
    "costOfRevenue": 5537000000,
    "grossProfit": 20764000000,
    "grossProfitRatio": 0.7894756853,
    "researchAndDevelopmentExpenses": 0,
    "generalAndAdministrativeExpenses": 9653000000,
    "sellingAndMarketingExpenses": 237000000,
    "sellingGeneralAndAdministrativeExpenses": 9890000000,
    "otherExpenses": 4026000000,
    "operatingExpenses": 13916000000,
    "costAndExpenses": 19453000000,
    "interestIncome": 17003000000,
    "interestExpense": 4692000000,
    "depreciationAndAmortization": 1449000000,
    "ebitda": 8297000000,
    "ebitdaratio": 0.3154632904,
    "operatingIncome": 6848000000,
    "operatingIncomeRatio": 0.2603703281,
    "totalOtherIncomeExpensesNet": 0,
    "incomeBeforeTax": 6848000000,
    "incomeBeforeTaxRatio": 0.2603703281,
    "incomeTaxExpense": 881000000,
    "netIncome": 5860000000,
    "netIncomeRatio": 0.2228052165,
    "eps": 1.21,
    "epsdiluted": 1.2,
    "weightedAverageShsOut": 4551500000,
    "weightedAverageShsOutDil": 4584000000,
    "link": "https://www.sec.gov/Archives/edgar/data/72971/000007297119000254/0000072971-19-000254-index.htm",
    "finalLink": "https://www.sec.gov/Archives/edgar/data/72971/000007297119000254/wfc-03312019x10q.htm"
  },
  {
    "date": "2018-12-31",
    "symbol": "WFC",
    "reportedCurrency": "USD",
    "cik": "0000072971",
    "fillingDate": "2019-02-27",
    "acceptedDate": "2019-02-27 15:23:51",
    "calendarYear": "2018",
    "period": "Q4",
    "revenue": 25257000000,
    "costOfRevenue": 4798000000,
    "grossProfit": 20459000000,
    "grossProfitRatio": 0.8100328622,
    "researchAndDevelopmentExpenses": 0,
    "generalAndAdministrativeExpenses": 7831000000,
    "sellingAndMarketingExpenses": 0,
    "sellingGeneralAndAdministrativeExpenses": 7831000000,
    "otherExpenses": 5508000000,
    "operatingExpenses": 13339000000,
    "costAndExpenses": 18137000000,
    "interestIncome": 16921000000,
    "interestExpense": 4277000000,
    "depreciationAndAmortization": 1371000000,
    "ebitda": 8491000000,
    "ebitdaratio": 0.3361840282,
    "operatingIncome": 7120000000,
    "operatingIncomeRatio": 0.281902047,
    "totalOtherIncomeExpensesNet": 0,
    "incomeBeforeTax": 7120000000,
    "incomeBeforeTaxRatio": 0.281902047,
    "incomeTaxExpense": 966000000,
    "netIncome": 6064000000,
    "netIncomeRatio": 0.2400918557,
    "eps": 1.22,
    "epsdiluted": 1.21,
    "weightedAverageShsOut": 4665800000,
    "weightedAverageShsOutDil": 4700800000,
    "link": "https://www.sec.gov/Archives/edgar/data/72971/000007297119000227/0000072971-19-000227-index.htm",
    "finalLink": "https://www.sec.gov/Archives/edgar/data/72971/000007297119000227/wfc-12312018x10k.htm"
  },
  {
    "date": "2018-09-30",
    "symbol": "WFC",
    "reportedCurrency": "USD",
    "cik": "0000072971",
    "fillingDate": "2018-11-06",
    "acceptedDate": "2018-11-06 06:07:20",
    "calendarYear": "2018",
    "period": "Q3",
    "revenue": 25733000000,
    "costOfRevenue": 4372000000,
    "grossProfit": 21361000000,
    "grossProfitRatio": 0.8301014262,
    "researchAndDevelopmentExpenses": 0,
    "generalAndAdministrativeExpenses": 8601000000,
    "sellingAndMarketingExpenses": 0,
    "sellingGeneralAndAdministrativeExpenses": 8601000000,
    "otherExpenses": 5162000000,
    "operatingExpenses": 13763000000,
    "costAndExpenses": 18135000000,
    "interestIncome": 16364000000,
    "interestExpense": 3792000000,
    "depreciationAndAmortization": 1387000000,
    "ebitda": 8985000000,
    "ebitdaratio": 0.3491625539,
    "operatingIncome": 7598000000,
    "operatingIncomeRatio": 0.295262892,
    "totalOtherIncomeExpensesNet": 0,
    "incomeBeforeTax": 7598000000,
    "incomeBeforeTaxRatio": 0.295262892,
    "incomeTaxExpense": 1512000000,
    "netIncome": 6007000000,
    "netIncomeRatio": 0.2334356663,
    "eps": 1.14,
    "epsdiluted": 1.13,
    "weightedAverageShsOut": 4784000000,
    "weightedAverageShsOutDil": 4823200000,
    "link": "https://www.sec.gov/Archives/edgar/data/72971/000007297118000471/0000072971-18-000471-index.html",
    "finalLink": "https://www.sec.gov/Archives/edgar/data/72971/000007297118000471/wfc-09302018x10q.htm"
  },
  {
    "date": "2018-06-30",
    "symbol": "WFC",
    "reportedCurrency": "USD",
    "cik": "0000072971",
    "fillingDate": "2018-08-03",
    "acceptedDate": "2018-08-03 16:08:47",
    "calendarYear": "2018",
    "period": "Q2",
    "revenue": 25027000000,
    "costOfRevenue": 3926000000,
    "grossProfit": 21101000000,
    "grossProfitRatio": 0.8431294202,
    "researchAndDevelopmentExpenses": 0,
    "generalAndAdministrativeExpenses": 9350000000,
    "sellingAndMarketingExpenses": 227000000,
    "sellingGeneralAndAdministrativeExpenses": 9577000000,
    "otherExpenses": 4405000000,
    "operatingExpenses": 13982000000,
    "costAndExpenses": 17908000000,
    "interestIncome": 16015000000,
    "interestExpense": 3474000000,
    "depreciationAndAmortization": 1404000000,
    "ebitda": 8523000000,
    "ebitdaratio": 0.3405522036,
    "operatingIncome": 7119000000,
    "operatingIncomeRatio": 0.284452791,
    "totalOtherIncomeExpensesNet": 0,
    "incomeBeforeTax": 7119000000,
    "incomeBeforeTaxRatio": 0.284452791,
    "incomeTaxExpense": 1810000000,
    "netIncome": 5186000000,
    "netIncomeRatio": 0.2072162065,
    "eps": 0.98,
    "epsdiluted": 0.98,
    "weightedAverageShsOut": 4889796000,
    "weightedAverageShsOutDil": 4899800000,
    "link": "https://www.sec.gov/Archives/edgar/data/72971/000007297118000408/0000072971-18-000408-index.html",
    "finalLink": "https://www.sec.gov/Archives/edgar/data/72971/000007297118000408/wfc-06302018x10q.htm"
  },
  {
    "date": "2018-03-31",
    "symbol": "WFC",
    "reportedCurrency": "USD",
    "cik": "0000072971",
    "fillingDate": "2018-05-04",
    "acceptedDate": "2018-05-04 16:02:28",
    "calendarYear": "2018",
    "period": "Q1",
    "revenue": 25043000000,
    "costOfRevenue": 3300000000,
    "grossProfit": 21743000000,
    "grossProfitRatio": 0.8682266502,
    "researchAndDevelopmentExpenses": 0,
    "generalAndAdministrativeExpenses": 9785000000,
    "sellingAndMarketingExpenses": 153000000,
    "sellingGeneralAndAdministrativeExpenses": 9938000000,
    "otherExpenses": 5104000000,
    "operatingExpenses": 15042000000,
    "costAndExpenses": 18342000000,
    "interestIncome": 15347000000,
    "interestExpense": 3109000000,
    "depreciationAndAmortization": 1431000000,
    "ebitda": 8132000000,
    "ebitdaratio": 0.3247214791,
    "operatingIncome": 6701000000,
    "operatingIncomeRatio": 0.2675797628,
    "totalOtherIncomeExpensesNet": 0,
    "incomeBeforeTax": 6701000000,
    "incomeBeforeTaxRatio": 0.2675797628,
    "incomeTaxExpense": 1374000000,
    "netIncome": 5136000000,
    "netIncomeRatio": 0.2050872499,
    "eps": 1.13,
    "epsdiluted": 1.12,
    "weightedAverageShsOut": 4885700000,
    "weightedAverageShsOutDil": 4930700000,
    "link": "https://www.sec.gov/Archives/edgar/data/72971/000007297118000324/0000072971-18-000324-index.html",
    "finalLink": "https://www.sec.gov/Archives/edgar/data/72971/000007297118000324/wfc-03312018x10q.htm"
  },
  {
    "date": "2017-12-31",
    "symbol": "WFC",
    "reportedCurrency": "USD",
    "cik": "0000072971",
    "fillingDate": "2018-03-01",
    "acceptedDate": "2018-03-01 12:38:37",
    "calendarYear": "2017",
    "period": "Q4",
    "revenue": 23617000000,
    "costOfRevenue": 3263000000,
    "grossProfit": 20354000000,
    "grossProfitRatio": 0.8618368125,
    "researchAndDevelopmentExpenses": 0,
    "generalAndAdministrativeExpenses": 8673000000,
    "sellingAndMarketingExpenses": 0,
    "sellingGeneralAndAdministrativeExpenses": 8673000000,
    "otherExpenses": 6840000000,
    "operatingExpenses": 15513000000,
    "costAndExpenses": 18776000000,
    "interestIncome": 14910000000,
    "interestExpense": 2612000000,
    "depreciationAndAmortization": 1612000000,
    "ebitda": 6453000000,
    "ebitdaratio": 0.2732353813,
    "operatingIncome": 4841000000,
    "operatingIncomeRatio": 0.2049794639,
    "totalOtherIncomeExpensesNet": 0,
    "incomeBeforeTax": 4841000000,
    "incomeBeforeTaxRatio": 0.2049794639,
    "incomeTaxExpense": -1569000000,
    "netIncome": 6320000000,
    "netIncomeRatio": 0.2676038447,
    "eps": 1.17,
    "epsdiluted": 1.16,
    "weightedAverageShsOut": 4939993000,
    "weightedAverageShsOutDil": 4963100000,
    "link": "https://www.sec.gov/Archives/edgar/data/72971/000007297118000272/0000072971-18-000272-index.htm",
    "finalLink": "https://www.sec.gov/Archives/edgar/data/72971/000007297118000272/wfc-12312017x10k.htm"
  },
  {
    "date": "2017-09-30",
    "symbol": "WFC",
    "reportedCurrency": "USD",
    "cik": "0000072971",
    "fillingDate": "2017-11-03",
    "acceptedDate": "2017-11-03 12:29:26",
    "calendarYear": "2017",
    "period": "Q3",
    "revenue": 24444000000,
    "costOfRevenue": 3312000000,
    "grossProfit": 21132000000,
    "grossProfitRatio": 0.8645066274,
    "researchAndDevelopmentExpenses": 0,
    "generalAndAdministrativeExpenses": 8502000000,
    "sellingAndMarketingExpenses": 0,
    "sellingGeneralAndAdministrativeExpenses": 8502000000,
    "otherExpenses": 5849000000,
    "operatingExpenses": 14351000000,
    "costAndExpenses": 17663000000,
    "interestIncome": 15044000000,
    "interestExpense": 2595000000,
    "depreciationAndAmortization": 1316000000,
    "ebitda": 8097000000,
    "ebitdaratio": 0.3312469318,
    "operatingIncome": 6781000000,
    "operatingIncomeRatio": 0.2774095893,
    "totalOtherIncomeExpensesNet": 0,
    "incomeBeforeTax": 6781000000,
    "incomeBeforeTaxRatio": 0.2774095893,
    "incomeTaxExpense": 2181000000,
    "netIncome": 4542000000,
    "netIncomeRatio": 0.1858124693,
    "eps": 0.85,
    "epsdiluted": 0.84,
    "weightedAverageShsOut": 4977108000,
    "weightedAverageShsOutDil": 4996800000,
    "link": "https://www.sec.gov/Archives/edgar/data/72971/000007297117000466/0000072971-17-000466-index.html",
    "finalLink": "https://www.sec.gov/Archives/edgar/data/72971/000007297117000466/wfc-09302017x10q.htm"
  },
  {
    "date": "2017-06-30",
    "symbol": "WFC",
    "reportedCurrency": "USD",
    "cik": "0000072971",
    "fillingDate": "2017-08-04",
    "acceptedDate": "2017-08-04 13:52:15",
    "calendarYear": "2017",
    "period": "Q2",
    "revenue": 24458000000,
    "costOfRevenue": 2778000000,
    "grossProfit": 21680000000,
    "grossProfitRatio": 0.8864175321,
    "researchAndDevelopmentExpenses": 0,
    "generalAndAdministrativeExpenses": 8478000000,
    "sellingAndMarketingExpenses": 0,
    "sellingGeneralAndAdministrativeExpenses": 8478000000,
    "otherExpenses": 5063000000,
    "operatingExpenses": 13541000000,
    "costAndExpenses": 16319000000,
    "interestIncome": 14694000000,
    "interestExpense": 2223000000,
    "depreciationAndAmortization": 1241000000,
    "ebitda": 9380000000,
    "ebitdaratio": 0.3835145965,
    "operatingIncome": 8139000000,
    "operatingIncomeRatio": 0.3327745523,
    "totalOtherIncomeExpensesNet": 0,
    "incomeBeforeTax": 8139000000,
    "incomeBeforeTaxRatio": 0.3327745523,
    "incomeTaxExpense": 2245000000,
    "netIncome": 5856000000,
    "netIncomeRatio": 0.2394308611,
    "eps": 1.09,
    "epsdiluted": 1.08,
    "weightedAverageShsOut": 4989900000,
    "weightedAverageShsOutDil": 5037700000,
    "link": "https://www.sec.gov/Archives/edgar/data/72971/000007297117000397/0000072971-17-000397-index.html",
    "finalLink": "https://www.sec.gov/Archives/edgar/data/72971/000007297117000397/wfc-06302017x10q.htm"
  },
  {
    "date": "2017-03-31",
    "symbol": "WFC",
    "reportedCurrency": "USD",
    "cik": "0000072971",
    "fillingDate": "2017-05-05",
    "acceptedDate": "2017-05-05 15:06:54",
    "calendarYear": "2017",
    "period": "Q1",
    "revenue": 24144000000,
    "costOfRevenue": 2494000000,
    "grossProfit": 21650000000,
    "grossProfitRatio": 0.8967031146,
    "researchAndDevelopmentExpenses": 0,
    "generalAndAdministrativeExpenses": 9005000000,
    "sellingAndMarketingExpenses": 0,
    "sellingGeneralAndAdministrativeExpenses": 9005000000,
    "otherExpenses": 4787000000,
    "operatingExpenses": 13792000000,
    "costAndExpenses": 16286000000,
    "interestIncome": 14213000000,
    "interestExpense": 1889000000,
    "depreciationAndAmortization": 1237000000,
    "ebitda": 9095000000,
    "ebitdaratio": 0.3766981445,
    "operatingIncome": 7858000000,
    "operatingIncomeRatio": 0.3254638834,
    "totalOtherIncomeExpensesNet": 0,
    "incomeBeforeTax": 7858000000,
    "incomeBeforeTaxRatio": 0.3254638834,
    "incomeTaxExpense": 2133000000,
    "netIncome": 5634000000,
    "netIncomeRatio": 0.2333499006,
    "eps": 1.01,
    "epsdiluted": 1,
    "weightedAverageShsOut": 5008600000,
    "weightedAverageShsOutDil": 5070400000,
    "link": "https://www.sec.gov/Archives/edgar/data/72971/000007297117000339/0000072971-17-000339-index.html",
    "finalLink": "https://www.sec.gov/Archives/edgar/data/72971/000007297117000339/wfc-03312017x10q.htm"
  },
  {
    "date": "2016-12-31",
    "symbol": "WFC",
    "reportedCurrency": "USD",
    "cik": "0000072971",
    "fillingDate": "2017-03-01",
    "acceptedDate": "2017-03-01 13:42:47",
    "calendarYear": "2016",
    "period": "Q4",
    "revenue": 22272000000,
    "costOfRevenue": 2461000000,
    "grossProfit": 19811000000,
    "grossProfitRatio": 0.8895025144,
    "researchAndDevelopmentExpenses": 0,
    "generalAndAdministrativeExpenses": 8125000000,
    "sellingAndMarketingExpenses": 0,
    "sellingGeneralAndAdministrativeExpenses": 8125000000,
    "otherExpenses": 4124000000,
    "operatingExpenses": 12249000000,
    "costAndExpenses": 14710000000,
    "interestIncome": 14058000000,
    "interestExpense": 1656000000,
    "depreciationAndAmortization": 1372000000,
    "ebitda": 8934000000,
    "ebitdaratio": 0.4011314655,
    "operatingIncome": 7562000000,
    "operatingIncomeRatio": 0.339529454,
    "totalOtherIncomeExpensesNet": 0,
    "incomeBeforeTax": 7562000000,
    "incomeBeforeTaxRatio": 0.339529454,
    "incomeTaxExpense": 2258000000,
    "netIncome": 5274000000,
    "netIncomeRatio": 0.236799569,
    "eps": 0.97,
    "epsdiluted": 0.96,
    "weightedAverageShsOut": 5025600000,
    "weightedAverageShsOutDil": 5078200000,
    "link": "https://www.sec.gov/Archives/edgar/data/72971/000007297117000278/0000072971-17-000278-index.htm",
    "finalLink": "https://www.sec.gov/Archives/edgar/data/72971/000007297117000278/wfc-12312016x10k.htm"
  },
  {
    "date": "2016-09-30",
    "symbol": "WFC",
    "reportedCurrency": "USD",
    "cik": "0000072971",
    "fillingDate": "2016-11-03",
    "acceptedDate": "2016-11-03 06:37:42",
    "calendarYear": "2016",
    "period": "Q3",
    "revenue": 23723000000,
    "costOfRevenue": 2340000000,
    "grossProfit": 21383000000,
    "grossProfitRatio": 0.9013615479,
    "researchAndDevelopmentExpenses": 0,
    "generalAndAdministrativeExpenses": 8277000000,
    "sellingAndMarketingExpenses": 0,
    "sellingGeneralAndAdministrativeExpenses": 8277000000,
    "otherExpenses": 4851000000,
    "operatingExpenses": 13128000000,
    "costAndExpenses": 15468000000,
    "interestIncome": 13487000000,
    "interestExpense": 1535000000,
    "depreciationAndAmortization": 1365000000,
    "ebitda": 9620000000,
    "ebitdaratio": 0.4055136366,
    "operatingIncome": 8255000000,
    "operatingIncomeRatio": 0.3479745395,
    "totalOtherIncomeExpensesNet": 0,
    "incomeBeforeTax": 8255000000,
    "incomeBeforeTaxRatio": 0.3479745395,
    "incomeTaxExpense": 2601000000,
    "netIncome": 5644000000,
    "netIncomeRatio": 0.2379125743,
    "eps": 1.04,
    "epsdiluted": 1.03,
    "weightedAverageShsOut": 5043400000,
    "weightedAverageShsOutDil": 5094600000,
    "link": "https://www.sec.gov/Archives/edgar/data/72971/000007297116001340/0000072971-16-001340-index.html",
    "finalLink": "https://www.sec.gov/Archives/edgar/data/72971/000007297116001340/wfc-9302016x10q.htm"
  },
  {
    "date": "2016-06-30",
    "symbol": "WFC",
    "reportedCurrency": "USD",
    "cik": "0000072971",
    "fillingDate": "2016-08-03",
    "acceptedDate": "2016-08-03 14:52:43",
    "calendarYear": "2016",
    "period": "Q2",
    "revenue": 23386000000,
    "costOfRevenue": 2487000000,
    "grossProfit": 20899000000,
    "grossProfitRatio": 0.8936543231,
    "researchAndDevelopmentExpenses": 0,
    "generalAndAdministrativeExpenses": 8202000000,
    "sellingAndMarketingExpenses": 0,
    "sellingGeneralAndAdministrativeExpenses": 8202000000,
    "otherExpenses": 4475000000,
    "operatingExpenses": 12677000000,
    "costAndExpenses": 15164000000,
    "interestIncome": 13146000000,
    "interestExpense": 1413000000,
    "depreciationAndAmortization": 938000000,
    "ebitda": 9160000000,
    "ebitdaratio": 0.3916873343,
    "operatingIncome": 8222000000,
    "operatingIncomeRatio": 0.3515778671,
    "totalOtherIncomeExpensesNet": 0,
    "incomeBeforeTax": 8222000000,
    "incomeBeforeTaxRatio": 0.3515778671,
    "incomeTaxExpense": 2649000000,
    "netIncome": 5558000000,
    "netIncomeRatio": 0.2376635594,
    "eps": 1.02,
    "epsdiluted": 1.01,
    "weightedAverageShsOut": 5066900000,
    "weightedAverageShsOutDil": 5121782000,
    "link": "https://www.sec.gov/Archives/edgar/data/72971/000007297116001218/0000072971-16-001218-index.htm",
    "finalLink": "https://www.sec.gov/Archives/edgar/data/72971/000007297116001218/wfc-6302016x10q.htm"
  },
  {
    "date": "2016-03-31",
    "symbol": "WFC",
    "reportedCurrency": "USD",
    "cik": "0000072971",
    "fillingDate": "2016-05-04",
    "acceptedDate": "2016-05-04 12:20:33",
    "calendarYear": "2016",
    "period": "Q1",
    "revenue": 23256000000,
    "costOfRevenue": 2391000000,
    "grossProfit": 20865000000,
    "grossProfitRatio": 0.8971878225,
    "researchAndDevelopmentExpenses": 0,
    "generalAndAdministrativeExpenses": 8457000000,
    "sellingAndMarketingExpenses": 0,
    "sellingGeneralAndAdministrativeExpenses": 8457000000,
    "otherExpenses": 4327000000,
    "operatingExpenses": 12784000000,
    "costAndExpenses": 15175000000,
    "interestIncome": 12972000000,
    "interestExpense": 1305000000,
    "depreciationAndAmortization": 1295000000,
    "ebitda": 9376000000,
    "ebitdaratio": 0.4031647747,
    "operatingIncome": 8081000000,
    "operatingIncomeRatio": 0.3474802202,
    "totalOtherIncomeExpensesNet": 0,
    "incomeBeforeTax": 8081000000,
    "incomeBeforeTaxRatio": 0.3474802202,
    "incomeTaxExpense": 2567000000,
    "netIncome": 5462000000,
    "netIncomeRatio": 0.2348641211,
    "eps": 1,
    "epsdiluted": 0.99,
    "weightedAverageShsOut": 5075700000,
    "weightedAverageShsOutDil": 5139400000,
    "link": "https://www.sec.gov/Archives/edgar/data/72971/000007297116001085/0000072971-16-001085-index.html",
    "finalLink": "https://www.sec.gov/Archives/edgar/data/72971/000007297116001085/wfc-3312016x10q.htm"
  },
  {
    "date": "2015-12-31",
    "symbol": "WFC",
    "reportedCurrency": "USD",
    "cik": "0000072971",
    "fillingDate": "2016-02-24",
    "acceptedDate": "2016-02-24 12:12:43",
    "calendarYear": "2015",
    "period": "Q4",
    "revenue": 22218000000,
    "costOfRevenue": 1886000000,
    "grossProfit": 20332000000,
    "grossProfitRatio": 0.9151138716,
    "researchAndDevelopmentExpenses": 0,
    "generalAndAdministrativeExpenses": 7818000000,
    "sellingAndMarketingExpenses": 0,
    "sellingGeneralAndAdministrativeExpenses": 7818000000,
    "otherExpenses": 4358000000,
    "operatingExpenses": 12176000000,
    "costAndExpenses": 14062000000,
    "interestIncome": 12643000000,
    "interestExpense": 1055000000,
    "depreciationAndAmortization": 892000000,
    "ebitda": 9048000000,
    "ebitdaratio": 0.4072373751,
    "operatingIncome": 8156000000,
    "operatingIncomeRatio": 0.3670897471,
    "totalOtherIncomeExpensesNet": 0,
    "incomeBeforeTax": 8156000000,
    "incomeBeforeTaxRatio": 0.3670897471,
    "incomeTaxExpense": 2533000000,
    "netIncome": 5575000000,
    "netIncomeRatio": 0.2509226753,
    "eps": 1.05,
    "epsdiluted": 1.03,
    "weightedAverageShsOut": 5108500000,
    "weightedAverageShsOutDil": 5177900000,
    "link": "https://www.sec.gov/Archives/edgar/data/72971/000007297116001045/0000072971-16-001045-index.htm",
    "finalLink": "https://www.sec.gov/Archives/edgar/data/72971/000007297116001045/wfc-12312015x10k.htm"
  },
  {
    "date": "2015-09-30",
    "symbol": "WFC",
    "reportedCurrency": "USD",
    "cik": "0000072971",
    "fillingDate": "2015-11-04",
    "acceptedDate": "2015-11-04 12:02:49",
    "calendarYear": "2015",
    "period": "Q3",
    "revenue": 21943000000,
    "costOfRevenue": 1691000000,
    "grossProfit": 20252000000,
    "grossProfitRatio": 0.9229366996,
    "researchAndDevelopmentExpenses": 0,
    "generalAndAdministrativeExpenses": 7705000000,
    "sellingAndMarketingExpenses": 0,
    "sellingGeneralAndAdministrativeExpenses": 7705000000,
    "otherExpenses": 3774000000,
    "operatingExpenses": 11479000000,
    "costAndExpenses": 13170000000,
    "interestIncome": 12445000000,
    "interestExpense": 988000000,
    "depreciationAndAmortization": 838000000,
    "ebitda": 9611000000,
    "ebitdaratio": 0.4379984505,
    "operatingIncome": 8773000000,
    "operatingIncomeRatio": 0.399808595,
    "totalOtherIncomeExpensesNet": 0,
    "incomeBeforeTax": 8773000000,
    "incomeBeforeTaxRatio": 0.399808595,
    "incomeTaxExpense": 2790000000,
    "netIncome": 5796000000,
    "netIncomeRatio": 0.2641389053,
    "eps": 1.06,
    "epsdiluted": 1.05,
    "weightedAverageShsOut": 5125800000,
    "weightedAverageShsOutDil": 5193800000,
    "link": "https://www.sec.gov/Archives/edgar/data/72971/000007297115000674/0000072971-15-000674-index.html",
    "finalLink": "https://www.sec.gov/Archives/edgar/data/72971/000007297115000674/wfc-09302015x10q.htm"
  },
  {
    "date": "2015-06-30",
    "symbol": "WFC",
    "reportedCurrency": "USD",
    "cik": "0000072971",
    "fillingDate": "2015-08-05",
    "acceptedDate": "2015-08-05 12:07:15",
    "calendarYear": "2015",
    "period": "Q2",
    "revenue": 21757000000,
    "costOfRevenue": 1256000000,
    "grossProfit": 20501000000,
    "grossProfitRatio": 0.9422714529,
    "researchAndDevelopmentExpenses": 0,
    "generalAndAdministrativeExpenses": 7870000000,
    "sellingAndMarketingExpenses": 0,
    "sellingGeneralAndAdministrativeExpenses": 7870000000,
    "otherExpenses": 4082000000,
    "operatingExpenses": 11952000000,
    "costAndExpenses": 13208000000,
    "interestIncome": 12226000000,
    "interestExpense": 956000000,
    "depreciationAndAmortization": 831000000,
    "ebitda": 9380000000,
    "ebitdaratio": 0.4311256147,
    "operatingIncome": 8549000000,
    "operatingIncomeRatio": 0.3929310107,
    "totalOtherIncomeExpensesNet": 0,
    "incomeBeforeTax": 8549000000,
    "incomeBeforeTaxRatio": 0.3929310107,
    "incomeTaxExpense": 2763000000,
    "netIncome": 5719000000,
    "netIncomeRatio": 0.2628579308,
    "eps": 1.04,
    "epsdiluted": 1.03,
    "weightedAverageShsOut": 5151900000,
    "weightedAverageShsOutDil": 5220500000,
    "link": "https://www.sec.gov/Archives/edgar/data/72971/000007297115000607/0000072971-15-000607-index.html",
    "finalLink": "https://www.sec.gov/Archives/edgar/data/72971/000007297115000607/wfc-06302015x10q.htm"
  },
  {
    "date": "2015-03-31",
    "symbol": "WFC",
    "reportedCurrency": "USD",
    "cik": "0000072971",
    "fillingDate": "2015-05-06",
    "acceptedDate": "2015-05-06 12:42:05",
    "calendarYear": "2015",
    "period": "Q1",
    "revenue": 21885000000,
    "costOfRevenue": 1585000000,
    "grossProfit": 20300000000,
    "grossProfitRatio": 0.9275759653,
    "researchAndDevelopmentExpenses": 0,
    "generalAndAdministrativeExpenses": 8261000000,
    "sellingAndMarketingExpenses": 0,
    "sellingGeneralAndAdministrativeExpenses": 8261000000,
    "otherExpenses": 3876000000,
    "operatingExpenses": 12137000000,
    "costAndExpenses": 13722000000,
    "interestIncome": 11963000000,
    "interestExpense": 977000000,
    "depreciationAndAmortization": 727000000,
    "ebitda": 8890000000,
    "ebitdaratio": 0.406214302,
    "operatingIncome": 8163000000,
    "operatingIncomeRatio": 0.3729952022,
    "totalOtherIncomeExpensesNet": 0,
    "incomeBeforeTax": 8163000000,
    "incomeBeforeTaxRatio": 0.3729952022,
    "incomeTaxExpense": 2279000000,
    "netIncome": 5804000000,
    "netIncomeRatio": 0.265204478,
    "eps": 1.06,
    "epsdiluted": 1.04,
    "weightedAverageShsOut": 5160400000,
    "weightedAverageShsOutDil": 5250962000,
    "link": "https://www.sec.gov/Archives/edgar/data/72971/000007297115000497/0000072971-15-000497-index.html",
    "finalLink": "https://www.sec.gov/Archives/edgar/data/72971/000007297115000497/wfc-03312015x10q.htm"
  },
  {
    "date": "2014-12-31",
    "symbol": "WFC",
    "reportedCurrency": "USD",
    "cik": "0000072971",
    "fillingDate": "2015-02-25",
    "acceptedDate": "2015-02-25 13:17:09",
    "calendarYear": "2014",
    "period": "Q4",
    "revenue": 22074000000,
    "costOfRevenue": 1488000000,
    "grossProfit": 20586000000,
    "grossProfitRatio": 0.9325903778,
    "researchAndDevelopmentExpenses": 0,
    "generalAndAdministrativeExpenses": 7875000000,
    "sellingAndMarketingExpenses": 0,
    "sellingGeneralAndAdministrativeExpenses": 7875000000,
    "otherExpenses": 4400000000,
    "operatingExpenses": 12275000000,
    "costAndExpenses": 13763000000,
    "interestIncome": 12183000000,
    "interestExpense": 1003000000,
    "depreciationAndAmortization": 582000000,
    "ebitda": 8893000000,
    "ebitdaratio": 0.4028721573,
    "operatingIncome": 8311000000,
    "operatingIncomeRatio": 0.376506297,
    "totalOtherIncomeExpensesNet": 0,
    "incomeBeforeTax": 8311000000,
    "incomeBeforeTaxRatio": 0.376506297,
    "incomeTaxExpense": 2519000000,
    "netIncome": 5709000000,
    "netIncomeRatio": 0.2586300625,
    "eps": 1.04,
    "epsdiluted": 1.02,
    "weightedAverageShsOut": 5192500000,
    "weightedAverageShsOutDil": 5279200000,
    "link": "https://www.sec.gov/Archives/edgar/data/72971/000007297115000449/0000072971-15-000449-index.htm",
    "finalLink": "https://www.sec.gov/Archives/edgar/data/72971/000007297115000449/wfc-12312014x10k.htm"
  },
  {
    "date": "2014-09-30",
    "symbol": "WFC",
    "reportedCurrency": "USD",
    "cik": "0000072971",
    "fillingDate": "2014-11-05",
    "acceptedDate": "2014-11-05 12:33:38",
    "calendarYear": "2014",
    "period": "Q3",
    "revenue": 21524000000,
    "costOfRevenue": 1391000000,
    "grossProfit": 20133000000,
    "grossProfitRatio": 0.9353744657,
    "researchAndDevelopmentExpenses": 0,
    "generalAndAdministrativeExpenses": 7601000000,
    "sellingAndMarketingExpenses": 0,
    "sellingGeneralAndAdministrativeExpenses": 7601000000,
    "otherExpenses": 3935000000,
    "operatingExpenses": 11536000000,
    "costAndExpenses": 12927000000,
    "interestIncome": 11964000000,
    "interestExpense": 1023000000,
    "depreciationAndAmortization": 630000000,
    "ebitda": 9227000000,
    "ebitdaratio": 0.4286842594,
    "operatingIncome": 8597000000,
    "operatingIncomeRatio": 0.399414607,
    "totalOtherIncomeExpensesNet": 0,
    "incomeBeforeTax": 8597000000,
    "incomeBeforeTaxRatio": 0.399414607,
    "incomeTaxExpense": 2642000000,
    "netIncome": 5729000000,
    "netIncomeRatio": 0.2661679985,
    "eps": 1.03,
    "epsdiluted": 1.02,
    "weightedAverageShsOut": 5225900000,
    "weightedAverageShsOutDil": 5310400000,
    "link": "https://www.sec.gov/Archives/edgar/data/72971/000007297114000597/0000072971-14-000597-index.html",
    "finalLink": "https://www.sec.gov/Archives/edgar/data/72971/000007297114000597/wfc10q_20140930.htm"
  },
  {
    "date": "2014-06-30",
    "symbol": "WFC",
    "reportedCurrency": "USD",
    "cik": "0000072971",
    "fillingDate": "2014-08-06",
    "acceptedDate": "2014-08-06 12:33:49",
    "calendarYear": "2014",
    "period": "Q2",
    "revenue": 21619000000,
    "costOfRevenue": 1219000000,
    "grossProfit": 20400000000,
    "grossProfitRatio": 0.9436144132,
    "researchAndDevelopmentExpenses": 0,
    "generalAndAdministrativeExpenses": 7635000000,
    "sellingAndMarketingExpenses": 0,
    "sellingGeneralAndAdministrativeExpenses": 7635000000,
    "otherExpenses": 4110000000,
    "operatingExpenses": 11745000000,
    "costAndExpenses": 12964000000,
    "interestIncome": 11793000000,
    "interestExpense": 1002000000,
    "depreciationAndAmortization": 732000000,
    "ebitda": 9387000000,
    "ebitdaratio": 0.4342013969,
    "operatingIncome": 8655000000,
    "operatingIncomeRatio": 0.4003422915,
    "totalOtherIncomeExpensesNet": 0,
    "incomeBeforeTax": 8655000000,
    "incomeBeforeTaxRatio": 0.4003422915,
    "incomeTaxExpense": 2869000000,
    "netIncome": 5726000000,
    "netIncomeRatio": 0.2648596142,
    "eps": 1.02,
    "epsdiluted": 1.01,
    "weightedAverageShsOut": 5268400000,
    "weightedAverageShsOutDil": 5370297000,
    "link": "https://www.sec.gov/Archives/edgar/data/72971/000007297114000518/0000072971-14-000518-index.html",
    "finalLink": "https://www.sec.gov/Archives/edgar/data/72971/000007297114000518/wfc10q_20140630.htm"
  },
  {
    "date": "2014-03-31",
    "symbol": "WFC",
    "reportedCurrency": "USD",
    "cik": "0000072971",
    "fillingDate": "2014-05-07",
    "acceptedDate": "2014-05-07 11:39:20",
    "calendarYear": "2014",
    "period": "Q1",
    "revenue": 20775000000,
    "costOfRevenue": 1322000000,
    "grossProfit": 19453000000,
    "grossProfitRatio": 0.9363658243,
    "researchAndDevelopmentExpenses": 0,
    "generalAndAdministrativeExpenses": 7759000000,
    "sellingAndMarketingExpenses": 0,
    "sellingGeneralAndAdministrativeExpenses": 7759000000,
    "otherExpenses": 3342000000,
    "operatingExpenses": 11101000000,
    "costAndExpenses": 12423000000,
    "interestIncome": 11612000000,
    "interestExpense": 997000000,
    "depreciationAndAmortization": 571000000,
    "ebitda": 8923000000,
    "ebitdaratio": 0.4295066185,
    "operatingIncome": 8352000000,
    "operatingIncomeRatio": 0.4020216606,
    "totalOtherIncomeExpensesNet": 0,
    "incomeBeforeTax": 8352000000,
    "incomeBeforeTaxRatio": 0.4020216606,
    "incomeTaxExpense": 2277000000,
    "netIncome": 5893000000,
    "netIncomeRatio": 0.2836582431,
    "eps": 1.07,
    "epsdiluted": 1.05,
    "weightedAverageShsOut": 5262800000,
    "weightedAverageShsOutDil": 5353300000,
    "link": "https://www.sec.gov/Archives/edgar/data/72971/000007297114000424/0000072971-14-000424-index.html",
    "finalLink": "https://www.sec.gov/Archives/edgar/data/72971/000007297114000424/wfc10q_20140331.htm"
  },
  {
    "date": "2013-12-31",
    "symbol": "WFC",
    "reportedCurrency": "USD",
    "cik": "0000072971",
    "fillingDate": "2014-02-26",
    "acceptedDate": "2014-02-26 11:55:12",
    "calendarYear": "2013",
    "period": "Q4",
    "revenue": 21044000000,
    "costOfRevenue": 1396000000,
    "grossProfit": 19648000000,
    "grossProfitRatio": 0.9336628017,
    "researchAndDevelopmentExpenses": 0,
    "generalAndAdministrativeExpenses": 7514000000,
    "sellingAndMarketingExpenses": 0,
    "sellingGeneralAndAdministrativeExpenses": 7514000000,
    "otherExpenses": 3917000000,
    "operatingExpenses": 11431000000,
    "costAndExpenses": 12827000000,
    "interestIncome": 11836000000,
    "interestExpense": 1033000000,
    "depreciationAndAmortization": 785000000,
    "ebitda": 9002000000,
    "ebitdaratio": 0.4277703859,
    "operatingIncome": 8217000000,
    "operatingIncomeRatio": 0.3904675917,
    "totalOtherIncomeExpensesNet": 0,
    "incomeBeforeTax": 8217000000,
    "incomeBeforeTaxRatio": 0.3904675917,
    "incomeTaxExpense": 2504000000,
    "netIncome": 5610000000,
    "netIncomeRatio": 0.2665842996,
    "eps": 1.02,
    "epsdiluted": 1,
    "weightedAverageShsOut": 5270300000,
    "weightedAverageShsOutDil": 5366515000,
    "link": "https://www.sec.gov/Archives/edgar/data/72971/000007297114000337/0000072971-14-000337-index.htm",
    "finalLink": "https://www.sec.gov/Archives/edgar/data/72971/000007297114000337/wfc10k_20131231.htm"
  },
  {
    "date": "2013-09-30",
    "symbol": "WFC",
    "reportedCurrency": "USD",
    "cik": "0000072971",
    "fillingDate": "2013-11-06",
    "acceptedDate": "2013-11-06 10:10:43",
    "calendarYear": "2013",
    "period": "Q3",
    "revenue": 21004000000,
    "costOfRevenue": 1103000000,
    "grossProfit": 19901000000,
    "grossProfitRatio": 0.9474861931,
    "researchAndDevelopmentExpenses": 0,
    "generalAndAdministrativeExpenses": 7697000000,
    "sellingAndMarketingExpenses": 0,
    "sellingGeneralAndAdministrativeExpenses": 7697000000,
    "otherExpenses": 3903000000,
    "operatingExpenses": 11600000000,
    "costAndExpenses": 12703000000,
    "interestIncome": 11776000000,
    "interestExpense": 1028000000,
    "depreciationAndAmortization": 865000000,
    "ebitda": 9166000000,
    "ebitdaratio": 0.436393068,
    "operatingIncome": 8301000000,
    "operatingIncomeRatio": 0.3952104361,
    "totalOtherIncomeExpensesNet": 0,
    "incomeBeforeTax": 8301000000,
    "incomeBeforeTaxRatio": 0.3952104361,
    "incomeTaxExpense": 2618000000,
    "netIncome": 5578000000,
    "netIncomeRatio": 0.2655684631,
    "eps": 1,
    "epsdiluted": 0.99,
    "weightedAverageShsOut": 5295300000,
    "weightedAverageShsOutDil": 5381700000,
    "link": "https://www.sec.gov/Archives/edgar/data/72971/000007297113000576/0000072971-13-000576-index.html",
    "finalLink": "https://www.sec.gov/Archives/edgar/data/72971/000007297113000576/wfc10q_20130930.htm"
  },
  {
    "date": "2013-06-30",
    "symbol": "WFC",
    "reportedCurrency": "USD",
    "cik": "0000072971",
    "fillingDate": "2013-08-07",
    "acceptedDate": "2013-08-07 10:03:30",
    "calendarYear": "2013",
    "period": "Q2",
    "revenue": 22252000000,
    "costOfRevenue": 1729000000,
    "grossProfit": 20523000000,
    "grossProfitRatio": 0.9222991192,
    "researchAndDevelopmentExpenses": 0,
    "generalAndAdministrativeExpenses": 7771000000,
    "sellingAndMarketingExpenses": 0,
    "sellingGeneralAndAdministrativeExpenses": 7771000000,
    "otherExpenses": 4281000000,
    "operatingExpenses": 12052000000,
    "costAndExpenses": 13781000000,
    "interestIncome": 11827000000,
    "interestExpense": 1077000000,
    "depreciationAndAmortization": 809000000,
    "ebitda": 9280000000,
    "ebitdaratio": 0.4170411648,
    "operatingIncome": 8471000000,
    "operatingIncomeRatio": 0.3806848823,
    "totalOtherIncomeExpensesNet": 0,
    "incomeBeforeTax": 8471000000,
    "incomeBeforeTaxRatio": 0.3806848823,
    "incomeTaxExpense": 2863000000,
    "netIncome": 5519000000,
    "netIncomeRatio": 0.2480226496,
    "eps": 0.99,
    "epsdiluted": 0.98,
    "weightedAverageShsOut": 5304700000,
    "weightedAverageShsOutDil": 5384600000,
    "link": "https://www.sec.gov/Archives/edgar/data/72971/000119312513323232/0001193125-13-323232-index.html",
    "finalLink": "https://www.sec.gov/Archives/edgar/data/72971/000119312513323232/d577023d10q.htm"
  },
  {
    "date": "2013-03-31",
    "symbol": "WFC",
    "reportedCurrency": "USD",
    "cik": "0000072971",
    "fillingDate": "2013-05-08",
    "acceptedDate": "2013-05-08 10:03:22",
    "calendarYear": "2013",
    "period": "Q1",
    "revenue": 22297000000,
    "costOfRevenue": 2370000000,
    "grossProfit": 19927000000,
    "grossProfitRatio": 0.8937076737,
    "researchAndDevelopmentExpenses": 0,
    "generalAndAdministrativeExpenses": 8115000000,
    "sellingAndMarketingExpenses": 0,
    "sellingGeneralAndAdministrativeExpenses": 8115000000,
    "otherExpenses": 4172000000,
    "operatingExpenses": 12287000000,
    "costAndExpenses": 14657000000,
    "interestIncome": 11650000000,
    "interestExpense": 1151000000,
    "depreciationAndAmortization": 834000000,
    "ebitda": 8474000000,
    "ebitdaratio": 0.380051128,
    "operatingIncome": 7640000000,
    "operatingIncomeRatio": 0.3426469929,
    "totalOtherIncomeExpensesNet": 0,
    "incomeBeforeTax": 7640000000,
    "incomeBeforeTaxRatio": 0.3426469929,
    "incomeTaxExpense": 2420000000,
    "netIncome": 5171000000,
    "netIncomeRatio": 0.2319146073,
    "eps": 0.93,
    "epsdiluted": 0.92,
    "weightedAverageShsOut": 5279000000,
    "weightedAverageShsOutDil": 5359783000,
    "link": "https://www.sec.gov/Archives/edgar/data/72971/000119312513206363/0001193125-13-206363-index.html",
    "finalLink": "https://www.sec.gov/Archives/edgar/data/72971/000119312513206363/d529054d10q.htm"
  },
  {
    "date": "2012-12-31",
    "symbol": "WFC",
    "reportedCurrency": "USD",
    "cik": "0000072971",
    "fillingDate": "2013-02-27",
    "acceptedDate": "2013-02-27 11:07:48",
    "calendarYear": "2012",
    "period": "Q4",
    "revenue": 22447000000,
    "costOfRevenue": 3045000000,
    "grossProfit": 19402000000,
    "grossProfitRatio": 0.8643471288,
    "researchAndDevelopmentExpenses": 0,
    "generalAndAdministrativeExpenses": 14437000000,
    "sellingAndMarketingExpenses": 0,
    "sellingGeneralAndAdministrativeExpenses": 7298000000,
    "otherExpenses": 4883000000,
    "operatingExpenses": 12181000000,
    "costAndExpenses": 15226000000,
    "interestIncome": 11857000000,
    "interestExpense": 1214000000,
    "depreciationAndAmortization": 724000000,
    "ebitda": 7945000000,
    "ebitdaratio": 0.3539448479,
    "operatingIncome": 7221000000,
    "operatingIncomeRatio": 0.3216910946,
    "totalOtherIncomeExpensesNet": 0,
    "incomeBeforeTax": 7221000000,
    "incomeBeforeTaxRatio": 0.3216910946,
    "incomeTaxExpense": 1924000000,
    "netIncome": 5090000000,
    "netIncomeRatio": 0.2267563594,
    "eps": 0.92,
    "epsdiluted": 0.91,
    "weightedAverageShsOut": 5272400000,
    "weightedAverageShsOutDil": 5338700000,
    "link": "https://www.sec.gov/Archives/edgar/data/72971/000119312513078820/0001193125-13-078820-index.htm",
    "finalLink": "https://www.sec.gov/Archives/edgar/data/72971/000119312513078820/d450230d10k.htm"
  },
  {
    "date": "2012-09-30",
    "symbol": "WFC",
    "reportedCurrency": "USD",
    "cik": "0000072971",
    "fillingDate": "2012-11-06",
    "acceptedDate": "2012-11-06 13:05:59",
    "calendarYear": "2012",
    "period": "Q3",
    "revenue": 22312000000,
    "costOfRevenue": 2854000000,
    "grossProfit": 19458000000,
    "grossProfitRatio": 0.8720867695,
    "researchAndDevelopmentExpenses": 0,
    "generalAndAdministrativeExpenses": 7438000000,
    "sellingAndMarketingExpenses": 0,
    "sellingGeneralAndAdministrativeExpenses": 7438000000,
    "otherExpenses": 4510000000,
    "operatingExpenses": 11948000000,
    "costAndExpenses": 14802000000,
    "interestIncome": 11925000000,
    "interestExpense": 1263000000,
    "depreciationAndAmortization": 699000000,
    "ebitda": 8209000000,
    "ebitdaratio": 0.3679186088,
    "operatingIncome": 7510000000,
    "operatingIncomeRatio": 0.3365901757,
    "totalOtherIncomeExpensesNet": 0,
    "incomeBeforeTax": 7510000000,
    "incomeBeforeTaxRatio": 0.3365901757,
    "incomeTaxExpense": 2480000000,
    "netIncome": 4937000000,
    "netIncomeRatio": 0.2212710649,
    "eps": 0.89,
    "epsdiluted": 0.88,
    "weightedAverageShsOut": 5288100000,
    "weightedAverageShsOutDil": 5355600000,
    "link": "https://www.sec.gov/Archives/edgar/data/72971/000119312512453916/0001193125-12-453916-index.html",
    "finalLink": "https://www.sec.gov/Archives/edgar/data/72971/000119312512453916/d404366d10q.htm"
  },
  {
    "date": "2012-06-30",
    "symbol": "WFC",
    "reportedCurrency": "USD",
    "cik": "0000072971",
    "fillingDate": "2012-08-07",
    "acceptedDate": "2012-08-07 08:06:09",
    "calendarYear": "2012",
    "period": "Q2",
    "revenue": 22364000000,
    "costOfRevenue": 3117000000,
    "grossProfit": 19247000000,
    "grossProfitRatio": 0.8606242175,
    "researchAndDevelopmentExpenses": 0,
    "generalAndAdministrativeExpenses": 7441000000,
    "sellingAndMarketingExpenses": 0,
    "sellingGeneralAndAdministrativeExpenses": 7441000000,
    "otherExpenses": 4714000000,
    "operatingExpenses": 12155000000,
    "costAndExpenses": 15272000000,
    "interestIncome": 12354000000,
    "interestExpense": 1317000000,
    "depreciationAndAmortization": 735000000,
    "ebitda": 7827000000,
    "ebitdaratio": 0.3499821141,
    "operatingIncome": 7092000000,
    "operatingIncomeRatio": 0.3171167948,
    "totalOtherIncomeExpensesNet": 0,
    "incomeBeforeTax": 7092000000,
    "incomeBeforeTaxRatio": 0.3171167948,
    "incomeTaxExpense": 2371000000,
    "netIncome": 4622000000,
    "netIncomeRatio": 0.2066714362,
    "eps": 0.83,
    "epsdiluted": 0.82,
    "weightedAverageShsOut": 5306900000,
    "weightedAverageShsOutDil": 5369900000,
    "link": "https://www.sec.gov/Archives/edgar/data/72971/000119312512339392/0001193125-12-339392-index.html",
    "finalLink": "https://www.sec.gov/Archives/edgar/data/72971/000119312512339392/d389180d10q.htm"
  },
  {
    "date": "2012-03-31",
    "symbol": "WFC",
    "reportedCurrency": "USD",
    "cik": "0000072971",
    "fillingDate": "2012-05-08",
    "acceptedDate": "2012-05-08 08:05:20",
    "calendarYear": "2012",
    "period": "Q1",
    "revenue": 22639000000,
    "costOfRevenue": 3362000000,
    "grossProfit": 19277000000,
    "grossProfitRatio": 0.8514952074,
    "researchAndDevelopmentExpenses": 0,
    "generalAndAdministrativeExpenses": 7983000000,
    "sellingAndMarketingExpenses": 0,
    "sellingGeneralAndAdministrativeExpenses": 7983000000,
    "otherExpenses": 4646000000,
    "operatingExpenses": 12629000000,
    "costAndExpenses": 15991000000,
    "interestIncome": 12255000000,
    "interestExpense": 1367000000,
    "depreciationAndAmortization": 649000000,
    "ebitda": 7297000000,
    "ebitdaratio": 0.3223198905,
    "operatingIncome": 6648000000,
    "operatingIncomeRatio": 0.2936525465,
    "totalOtherIncomeExpensesNet": 0,
    "incomeBeforeTax": 6648000000,
    "incomeBeforeTaxRatio": 0.2936525465,
    "incomeTaxExpense": 2328000000,
    "netIncome": 4248000000,
    "netIncomeRatio": 0.1876407969,
    "eps": 0.76,
    "epsdiluted": 0.75,
    "weightedAverageShsOut": 5282600000,
    "weightedAverageShsOutDil": 5337800000,
    "link": "https://www.sec.gov/Archives/edgar/data/72971/000119312512216744/0001193125-12-216744-index.html",
    "finalLink": "https://www.sec.gov/Archives/edgar/data/72971/000119312512216744/d331610d10q.htm"
  },
  {
    "date": "2011-12-31",
    "symbol": "WFC",
    "reportedCurrency": "USD",
    "cik": "0000072971",
    "fillingDate": "2012-02-28",
    "acceptedDate": "2012-02-28 13:52:27",
    "calendarYear": "2011",
    "period": "Q4",
    "revenue": 22030000000,
    "costOfRevenue": 3526000000,
    "grossProfit": 18504000000,
    "grossProfitRatio": 0.8399455288,
    "researchAndDevelopmentExpenses": 0,
    "generalAndAdministrativeExpenses": 13889000000,
    "sellingAndMarketingExpenses": 2251000000,
    "sellingGeneralAndAdministrativeExpenses": 7283000000,
    "otherExpenses": 5164000000,
    "operatingExpenses": 12447000000,
    "costAndExpenses": 15973000000,
    "interestIncome": 12378000000,
    "interestExpense": 1486000000,
    "depreciationAndAmortization": 725000000,
    "ebitda": 6782000000,
    "ebitdaratio": 0.3078529278,
    "operatingIncome": 6057000000,
    "operatingIncomeRatio": 0.2749432592,
    "totalOtherIncomeExpensesNet": 0,
    "incomeBeforeTax": 6057000000,
    "incomeBeforeTaxRatio": 0.2749432592,
    "incomeTaxExpense": 1874000000,
    "netIncome": 4107000000,
    "netIncomeRatio": 0.1864275987,
    "eps": 0.74,
    "epsdiluted": 0.73,
    "weightedAverageShsOut": 5271900000,
    "weightedAverageShsOutDil": 5317600000,
    "link": "https://www.sec.gov/Archives/edgar/data/72971/000119312512084528/0001193125-12-084528-index.html",
    "finalLink": "https://www.sec.gov/Archives/edgar/data/72971/000119312512084528/d280360d10k.htm"
  },
  {
    "date": "2011-09-30",
    "symbol": "WFC",
    "reportedCurrency": "USD",
    "cik": "0000072971",
    "fillingDate": "2011-11-08",
    "acceptedDate": "2011-11-08 08:06:08",
    "calendarYear": "2011",
    "period": "Q3",
    "revenue": 20920000000,
    "costOfRevenue": 3447000000,
    "grossProfit": 17473000000,
    "grossProfitRatio": 0.8352294455,
    "researchAndDevelopmentExpenses": 0,
    "generalAndAdministrativeExpenses": 4830000000,
    "sellingAndMarketingExpenses": 2088000000,
    "sellingGeneralAndAdministrativeExpenses": 6918000000,
    "otherExpenses": 4415000000,
    "operatingExpenses": 11333000000,
    "costAndExpenses": 14780000000,
    "interestIncome": 12178000000,
    "interestExpense": 1636000000,
    "depreciationAndAmortization": 515000000,
    "ebitda": 6655000000,
    "ebitdaratio": 0.3181166348,
    "operatingIncome": 6140000000,
    "operatingIncomeRatio": 0.293499044,
    "totalOtherIncomeExpensesNet": 0,
    "incomeBeforeTax": 6140000000,
    "incomeBeforeTaxRatio": 0.293499044,
    "incomeTaxExpense": 1998000000,
    "netIncome": 4055000000,
    "netIncomeRatio": 0.193833652,
    "eps": 0.73,
    "epsdiluted": 0.72,
    "weightedAverageShsOut": 5275500000,
    "weightedAverageShsOutDil": 5319200000,
    "link": "https://www.sec.gov/Archives/edgar/data/72971/000119312511301024/0001193125-11-301024-index.html",
    "finalLink": "https://www.sec.gov/Archives/edgar/data/72971/000119312511301024/d239752d10q.htm"
  },
  {
    "date": "2011-06-30",
    "symbol": "WFC",
    "reportedCurrency": "USD",
    "cik": "0000072971",
    "fillingDate": "2011-08-05",
    "acceptedDate": "2011-08-05 08:05:26",
    "calendarYear": "2011",
    "period": "Q2",
    "revenue": 21368000000,
    "costOfRevenue": 3544000000,
    "grossProfit": 17824000000,
    "grossProfitRatio": 0.8341445152,
    "researchAndDevelopmentExpenses": 0,
    "generalAndAdministrativeExpenses": 5063000000,
    "sellingAndMarketingExpenses": 2171000000,
    "sellingGeneralAndAdministrativeExpenses": 7234000000,
    "otherExpenses": 4517000000,
    "operatingExpenses": 11751000000,
    "costAndExpenses": 15295000000,
    "interestIncome": 12384000000,
    "interestExpense": 1706000000,
    "depreciationAndAmortization": 491000000,
    "ebitda": 6564000000,
    "ebitdaratio": 0.307188319,
    "operatingIncome": 6073000000,
    "operatingIncomeRatio": 0.2842100337,
    "totalOtherIncomeExpensesNet": 0,
    "incomeBeforeTax": 6073000000,
    "incomeBeforeTaxRatio": 0.2842100337,
    "incomeTaxExpense": 2001000000,
    "netIncome": 3948000000,
    "netIncomeRatio": 0.1847622613,
    "eps": 0.7,
    "epsdiluted": 0.7,
    "weightedAverageShsOut": 5286500000,
    "weightedAverageShsOutDil": 5331700000,
    "link": "https://www.sec.gov/Archives/edgar/data/72971/000095012311073266/0000950123-11-073266-index.html",
    "finalLink": "https://www.sec.gov/Archives/edgar/data/72971/000095012311073266/f59207e10vq.htm"
  },
  {
    "date": "2011-03-31",
    "symbol": "WFC",
    "reportedCurrency": "USD",
    "cik": "0000072971",
    "fillingDate": "2011-05-06",
    "acceptedDate": "2011-05-06 07:41:01",
    "calendarYear": "2011",
    "period": "Q1",
    "revenue": 21797000000,
    "costOfRevenue": 4031000000,
    "grossProfit": 17766000000,
    "grossProfitRatio": 0.8150662935,
    "researchAndDevelopmentExpenses": 0,
    "generalAndAdministrativeExpenses": 5151000000,
    "sellingAndMarketingExpenses": 2347000000,
    "sellingGeneralAndAdministrativeExpenses": 7498000000,
    "otherExpenses": 4882000000,
    "operatingExpenses": 12380000000,
    "costAndExpenses": 16411000000,
    "interestIncome": 12472000000,
    "interestExpense": 1821000000,
    "depreciationAndAmortization": 477000000,
    "ebitda": 5863000000,
    "ebitdaratio": 0.26898197,
    "operatingIncome": 5386000000,
    "operatingIncomeRatio": 0.2470982245,
    "totalOtherIncomeExpensesNet": 0,
    "incomeBeforeTax": 5386000000,
    "incomeBeforeTaxRatio": 0.2470982245,
    "incomeTaxExpense": 1572000000,
    "netIncome": 3759000000,
    "netIncomeRatio": 0.172454925,
    "eps": 0.68,
    "epsdiluted": 0.67,
    "weightedAverageShsOut": 5278800000,
    "weightedAverageShsOutDil": 5333100000,
    "link": "https://www.sec.gov/Archives/edgar/data/72971/000095012311046097/0000950123-11-046097-index.html",
    "finalLink": "https://www.sec.gov/Archives/edgar/data/72971/000095012311046097/f58691e10vq.htm"
  },
  {
    "date": "2010-12-31",
    "symbol": "WFC",
    "reportedCurrency": "USD",
    "cik": "0000072971",
    "fillingDate": "2011-02-25",
    "acceptedDate": "2011-02-25 14:40:28",
    "calendarYear": "2010",
    "period": "Q4",
    "revenue": 23083000000,
    "costOfRevenue": 4895000000,
    "grossProfit": 18188000000,
    "grossProfitRatio": 0.787939176,
    "researchAndDevelopmentExpenses": 0,
    "generalAndAdministrativeExpenses": 14594000000,
    "sellingAndMarketingExpenses": 2195000000,
    "sellingGeneralAndAdministrativeExpenses": 8097000000,
    "otherExpenses": 4926000000,
    "operatingExpenses": 13023000000,
    "costAndExpenses": 17918000000,
    "interestIncome": 12969000000,
    "interestExpense": 1906000000,
    "depreciationAndAmortization": 422000000,
    "ebitda": 5587000000,
    "ebitdaratio": 0.2420395962,
    "operatingIncome": 5165000000,
    "operatingIncomeRatio": 0.2237577438,
    "totalOtherIncomeExpensesNet": 0,
    "incomeBeforeTax": 5165000000,
    "incomeBeforeTaxRatio": 0.2237577438,
    "incomeTaxExpense": 1672000000,
    "netIncome": 3414000000,
    "netIncomeRatio": 0.1479010527,
    "eps": 0.62,
    "epsdiluted": 0.61,
    "weightedAverageShsOut": 5256200000,
    "weightedAverageShsOutDil": 5293800000,
    "link": "https://www.sec.gov/Archives/edgar/data/72971/000095012311018541/0000950123-11-018541-index.htm",
    "finalLink": "https://www.sec.gov/Archives/edgar/data/72971/000095012311018541/f56816e10vk.htm"
  },
  {
    "date": "2010-09-30",
    "symbol": "WFC",
    "reportedCurrency": "USD",
    "cik": "0000072971",
    "fillingDate": "2010-11-05",
    "acceptedDate": "2010-11-05 12:24:19",
    "calendarYear": "2010",
    "period": "Q3",
    "revenue": 22775000000,
    "costOfRevenue": 5477000000,
    "grossProfit": 17298000000,
    "grossProfitRatio": 0.7595170143,
    "researchAndDevelopmentExpenses": 0,
    "generalAndAdministrativeExpenses": 4852000000,
    "sellingAndMarketingExpenses": 2280000000,
    "sellingGeneralAndAdministrativeExpenses": 7132000000,
    "otherExpenses": 4990000000,
    "operatingExpenses": 12122000000,
    "costAndExpenses": 17599000000,
    "interestIncome": 13130000000,
    "interestExpense": 2032000000,
    "depreciationAndAmortization": 167000000,
    "ebitda": 5343000000,
    "ebitdaratio": 0.2345993414,
    "operatingIncome": 5176000000,
    "operatingIncomeRatio": 0.2272667398,
    "totalOtherIncomeExpensesNet": 0,
    "incomeBeforeTax": 5176000000,
    "incomeBeforeTaxRatio": 0.2272667398,
    "incomeTaxExpense": 1751000000,
    "netIncome": 3339000000,
    "netIncomeRatio": 0.1466081229,
    "eps": 0.6,
    "epsdiluted": 0.6,
    "weightedAverageShsOut": 5240100000,
    "weightedAverageShsOutDil": 5273200000,
    "link": "https://www.sec.gov/Archives/edgar/data/72971/000095012310101484/0000950123-10-101484-index.html",
    "finalLink": "https://www.sec.gov/Archives/edgar/data/72971/000095012310101484/f56682e10vq.htm"
  },
  {
    "date": "2010-06-30",
    "symbol": "WFC",
    "reportedCurrency": "USD",
    "cik": "0000072971",
    "fillingDate": "2010-08-09",
    "acceptedDate": "2010-08-06 18:50:11",
    "calendarYear": "2010",
    "period": "Q2",
    "revenue": 23129000000,
    "costOfRevenue": 6012000000,
    "grossProfit": 17117000000,
    "grossProfitRatio": 0.7400665831,
    "researchAndDevelopmentExpenses": 0,
    "generalAndAdministrativeExpenses": 4922000000,
    "sellingAndMarketingExpenses": 2225000000,
    "sellingGeneralAndAdministrativeExpenses": 7147000000,
    "otherExpenses": 5311000000,
    "operatingExpenses": 12458000000,
    "costAndExpenses": 18470000000,
    "interestIncome": 13472000000,
    "interestExpense": 2023000000,
    "depreciationAndAmortization": 622000000,
    "ebitda": 5281000000,
    "ebitdaratio": 0.228328073,
    "operatingIncome": 4659000000,
    "operatingIncomeRatio": 0.2014354274,
    "totalOtherIncomeExpensesNet": 0,
    "incomeBeforeTax": 4659000000,
    "incomeBeforeTaxRatio": 0.2014354274,
    "incomeTaxExpense": 1514000000,
    "netIncome": 3062000000,
    "netIncomeRatio": 0.1323879113,
    "eps": 0.55,
    "epsdiluted": 0.55,
    "weightedAverageShsOut": 5219700000,
    "weightedAverageShsOutDil": 5260800000,
    "link": "https://www.sec.gov/Archives/edgar/data/72971/000095012310074486/0000950123-10-074486-index.html",
    "finalLink": "https://www.sec.gov/Archives/edgar/data/72971/000095012310074486/f56107e10vq.htm"
  },
  {
    "date": "2010-03-31",
    "symbol": "WFC",
    "reportedCurrency": "USD",
    "cik": "0000072971",
    "fillingDate": "2010-05-07",
    "acceptedDate": "2010-05-07 17:31:58",
    "calendarYear": "2010",
    "period": "Q1",
    "revenue": 23483000000,
    "costOfRevenue": 7408000000,
    "grossProfit": 16075000000,
    "grossProfitRatio": 0.6845377507,
    "researchAndDevelopmentExpenses": 0,
    "generalAndAdministrativeExpenses": 4937000000,
    "sellingAndMarketingExpenses": 1992000000,
    "sellingGeneralAndAdministrativeExpenses": 6929000000,
    "otherExpenses": 5145000000,
    "operatingExpenses": 12074000000,
    "costAndExpenses": 19482000000,
    "interestIncome": 13225000000,
    "interestExpense": 2078000000,
    "depreciationAndAmortization": 713000000,
    "ebitda": 4714000000,
    "ebitdaratio": 0.2007409615,
    "operatingIncome": 4001000000,
    "operatingIncomeRatio": 0.1703785717,
    "totalOtherIncomeExpensesNet": 0,
    "incomeBeforeTax": 4001000000,
    "incomeBeforeTaxRatio": 0.1703785717,
    "incomeTaxExpense": 1401000000,
    "netIncome": 2547000000,
    "netIncomeRatio": 0.1084614402,
    "eps": 0.46,
    "epsdiluted": 0.45,
    "weightedAverageShsOut": 5190400000,
    "weightedAverageShsOutDil": 5225200000,
    "link": "https://www.sec.gov/Archives/edgar/data/72971/000095012310046578/0000950123-10-046578-index.html",
    "finalLink": "https://www.sec.gov/Archives/edgar/data/72971/000095012310046578/f55268e10vq.htm"
  },
  {
    "date": "2009-12-31",
    "symbol": "WFC",
    "reportedCurrency": "USD",
    "cik": "0000072971",
    "fillingDate": "2010-02-26",
    "acceptedDate": "2010-02-26 13:26:06",
    "calendarYear": "2009",
    "period": "Q4",
    "revenue": 24615000000,
    "costOfRevenue": 8105000000,
    "grossProfit": 16510000000,
    "grossProfitRatio": 0.6707292301,
    "researchAndDevelopmentExpenses": 0,
    "generalAndAdministrativeExpenses": 14519000000,
    "sellingAndMarketingExpenses": 2086000000,
    "sellingGeneralAndAdministrativeExpenses": 8584000000,
    "otherExpenses": 3964000000,
    "operatingExpenses": 12548000000,
    "costAndExpenses": 20653000000,
    "interestIncome": 13692000000,
    "interestExpense": 2192000000,
    "depreciationAndAmortization": 404000000,
    "ebitda": 4366000000,
    "ebitdaratio": 0.1773715214,
    "operatingIncome": 3962000000,
    "operatingIncomeRatio": 0.160958765,
    "totalOtherIncomeExpensesNet": 0,
    "incomeBeforeTax": 3962000000,
    "incomeBeforeTaxRatio": 0.160958765,
    "incomeTaxExpense": 949000000,
    "netIncome": 2823000000,
    "netIncomeRatio": 0.114686167,
    "eps": 0.08,
    "epsdiluted": 0.08,
    "weightedAverageShsOut": 4764800000,
    "weightedAverageShsOutDil": 4796100000,
    "link": "https://www.sec.gov/Archives/edgar/data/72971/000095012310017877/0000950123-10-017877-index.html",
    "finalLink": "https://www.sec.gov/Archives/edgar/data/72971/000095012310017877/f54129e10vk.htm"
  },
  {
    "date": "2009-09-30",
    "symbol": "WFC",
    "reportedCurrency": "USD",
    "cik": "0000072971",
    "fillingDate": "2009-11-06",
    "acceptedDate": "2009-11-06 15:14:45",
    "calendarYear": "2009",
    "period": "Q3",
    "revenue": 24721000000,
    "costOfRevenue": 8395000000,
    "grossProfit": 16326000000,
    "grossProfitRatio": 0.6604101776,
    "researchAndDevelopmentExpenses": 0,
    "generalAndAdministrativeExpenses": 4462000000,
    "sellingAndMarketingExpenses": 2051000000,
    "sellingGeneralAndAdministrativeExpenses": 6513000000,
    "otherExpenses": 5142000000,
    "operatingExpenses": 11655000000,
    "costAndExpenses": 20050000000,
    "interestIncome": 13968000000,
    "interestExpense": 2284000000,
    "depreciationAndAmortization": 897000000,
    "ebitda": 5568000000,
    "ebitdaratio": 0.2252336071,
    "operatingIncome": 4671000000,
    "operatingIncomeRatio": 0.1889486671,
    "totalOtherIncomeExpensesNet": 0,
    "incomeBeforeTax": 4671000000,
    "incomeBeforeTaxRatio": 0.1889486671,
    "incomeTaxExpense": 1355000000,
    "netIncome": 3235000000,
    "netIncomeRatio": 0.1308604021,
    "eps": 0.56,
    "epsdiluted": 0.56,
    "weightedAverageShsOut": 4678300000,
    "weightedAverageShsOutDil": 4706400000,
    "link": "https://www.sec.gov/Archives/edgar/data/72971/000095012309059235/0000950123-09-059235-index.html",
    "finalLink": "https://www.sec.gov/Archives/edgar/data/72971/000095012309059235/f53317e10vq.htm"
  },
  {
    "date": "2009-06-30",
    "symbol": "WFC",
    "reportedCurrency": "USD",
    "cik": "0000072971",
    "fillingDate": "2009-08-07",
    "acceptedDate": "2009-08-07 16:55:52",
    "calendarYear": "2009",
    "period": "Q2",
    "revenue": 25004000000,
    "costOfRevenue": 7623000000,
    "grossProfit": 17381000000,
    "grossProfitRatio": 0.6951287794,
    "researchAndDevelopmentExpenses": 0,
    "generalAndAdministrativeExpenses": 4665000000,
    "sellingAndMarketingExpenses": 2060000000,
    "sellingGeneralAndAdministrativeExpenses": 6725000000,
    "otherExpenses": 5932000000,
    "operatingExpenses": 12657000000,
    "costAndExpenses": 20280000000,
    "interestIncome": 14301000000,
    "interestExpense": 2537000000,
    "depreciationAndAmortization": 559000000,
    "ebitda": 5283000000,
    "ebitdaratio": 0.2112861942,
    "operatingIncome": 4724000000,
    "operatingIncomeRatio": 0.1889297712,
    "totalOtherIncomeExpensesNet": 0,
    "incomeBeforeTax": 4724000000,
    "incomeBeforeTaxRatio": 0.1889297712,
    "incomeTaxExpense": 1475000000,
    "netIncome": 3172000000,
    "netIncomeRatio": 0.1268597024,
    "eps": 0.58,
    "epsdiluted": 0.57,
    "weightedAverageShsOut": 4483100000,
    "weightedAverageShsOutDil": 4501600000,
    "link": "https://www.sec.gov/Archives/edgar/data/72971/000095012309032191/0000950123-09-032191-index.html",
    "finalLink": "https://www.sec.gov/Archives/edgar/data/72971/000095012309032191/f53200e10vq.htm"
  },
  {
    "date": "2009-03-31",
    "symbol": "WFC",
    "reportedCurrency": "USD",
    "cik": "0000072971",
    "fillingDate": "2009-05-11",
    "acceptedDate": "2009-05-11 12:17:00",
    "calendarYear": "2009",
    "period": "Q1",
    "revenue": 24111000000,
    "costOfRevenue": 7495000000,
    "grossProfit": 16616000000,
    "grossProfitRatio": 0.6891460329,
    "researchAndDevelopmentExpenses": 0,
    "generalAndAdministrativeExpenses": 4670000000,
    "sellingAndMarketingExpenses": 1824000000,
    "sellingGeneralAndAdministrativeExpenses": 6494000000,
    "otherExpenses": 5481000000,
    "operatingExpenses": 11975000000,
    "costAndExpenses": 19470000000,
    "interestIncome": 14313000000,
    "interestExpense": 2937000000,
    "depreciationAndAmortization": 981000000,
    "ebitda": 5622000000,
    "ebitdaratio": 0.2331715814,
    "operatingIncome": 4641000000,
    "operatingIncomeRatio": 0.192484758,
    "totalOtherIncomeExpensesNet": 0,
    "incomeBeforeTax": 4641000000,
    "incomeBeforeTaxRatio": 0.192484758,
    "incomeTaxExpense": 1552000000,
    "netIncome": 3045000000,
    "netIncomeRatio": 0.1262909046,
    "eps": 0.56,
    "epsdiluted": 0.56,
    "weightedAverageShsOut": 4247400000,
    "weightedAverageShsOutDil": 4249300000,
    "link": "https://www.sec.gov/Archives/edgar/data/72971/000095013409010238/0000950134-09-010238-index.html",
    "finalLink": "https://www.sec.gov/Archives/edgar/data/72971/000095013409010238/f52324e10vq.htm"
  },
  {
    "date": "2008-12-31",
    "symbol": "WFC",
    "reportedCurrency": "USD",
    "cik": "0000072971",
    "fillingDate": "2009-02-27",
    "acceptedDate": "2009-02-27 12:49:20",
    "calendarYear": "2008",
    "period": "Q4",
    "revenue": 12237000000,
    "costOfRevenue": 10448000000,
    "grossProfit": 1789000000,
    "grossProfitRatio": 0.1461959631,
    "researchAndDevelopmentExpenses": 0,
    "generalAndAdministrativeExpenses": 4843000000,
    "sellingAndMarketingExpenses": 0,
    "sellingGeneralAndAdministrativeExpenses": 4843000000,
    "otherExpenses": 1716000000,
    "operatingExpenses": 6559000000,
    "costAndExpenses": 17007000000,
    "interestIncome": 8728000000,
    "interestExpense": 2004000000,
    "depreciationAndAmortization": 515000000,
    "ebitda": -4255000000,
    "ebitdaratio": -0.3477159435,
    "operatingIncome": -4770000000,
    "operatingIncomeRatio": -0.3898014219,
    "totalOtherIncomeExpensesNet": 0,
    "incomeBeforeTax": -4770000000,
    "incomeBeforeTaxRatio": -0.3898014219,
    "incomeTaxExpense": -2036000000,
    "netIncome": -2734000000,
    "netIncomeRatio": -0.2234207731,
    "eps": -0.79,
    "epsdiluted": -0.79,
    "weightedAverageShsOut": 3582400000,
    "weightedAverageShsOutDil": 3593600000,
    "link": "https://www.sec.gov/Archives/edgar/data/72971/000095013409003967/0000950134-09-003967-index.htm",
    "finalLink": "https://www.sec.gov/Archives/edgar/data/72971/000095013409003967/f51597e10vk.htm"
  },
  {
    "date": "2008-09-30",
    "symbol": "WFC",
    "reportedCurrency": "USD",
    "cik": "0000072971",
    "fillingDate": "2008-10-30",
    "acceptedDate": "2008-10-30 16:04:29",
    "calendarYear": "2008",
    "period": "Q3",
    "revenue": 13279000000,
    "costOfRevenue": 4888000000,
    "grossProfit": 8391000000,
    "grossProfitRatio": 0.6318999925,
    "researchAndDevelopmentExpenses": 0,
    "generalAndAdministrativeExpenses": 2564000000,
    "sellingAndMarketingExpenses": 555000000,
    "sellingGeneralAndAdministrativeExpenses": 3119000000,
    "otherExpenses": 2891000000,
    "operatingExpenses": 6010000000,
    "costAndExpenses": 10898000000,
    "interestIncome": 8774000000,
    "interestExpense": 2393000000,
    "depreciationAndAmortization": 406000000,
    "ebitda": 2787000000,
    "ebitdaratio": 0.2098802621,
    "operatingIncome": 2381000000,
    "operatingIncomeRatio": 0.1793056706,
    "totalOtherIncomeExpensesNet": 0,
    "incomeBeforeTax": 2381000000,
    "incomeBeforeTaxRatio": 0.1793056706,
    "incomeTaxExpense": 730000000,
    "netIncome": 1637000000,
    "netIncomeRatio": 0.1232773552,
    "eps": 0.49,
    "epsdiluted": 0.49,
    "weightedAverageShsOut": 3316400000,
    "weightedAverageShsOutDil": 3331000000,
    "link": "https://www.sec.gov/Archives/edgar/data/72971/000095013408018788/0000950134-08-018788-index.html",
    "finalLink": "https://www.sec.gov/Archives/edgar/data/72971/000095013408018788/f50227e10vq.htm"
  },
  {
    "date": "2008-06-30",
    "symbol": "WFC",
    "reportedCurrency": "USD",
    "cik": "0000072971",
    "fillingDate": "2008-08-08",
    "acceptedDate": "2008-08-08 14:03:34",
    "calendarYear": "2008",
    "period": "Q2",
    "revenue": 13682000000,
    "costOfRevenue": 5281000000,
    "grossProfit": 8401000000,
    "grossProfitRatio": 0.6140184184,
    "researchAndDevelopmentExpenses": 0,
    "generalAndAdministrativeExpenses": 2623000000,
    "sellingAndMarketingExpenses": 806000000,
    "sellingGeneralAndAdministrativeExpenses": 3429000000,
    "otherExpenses": 2369000000,
    "operatingExpenses": 5798000000,
    "costAndExpenses": 11079000000,
    "interestIncome": 8547000000,
    "interestExpense": 2269000000,
    "depreciationAndAmortization": 380000000,
    "ebitda": 2983000000,
    "ebitdaratio": 0.2180236807,
    "operatingIncome": 2603000000,
    "operatingIncomeRatio": 0.1902499635,
    "totalOtherIncomeExpensesNet": 0,
    "incomeBeforeTax": 2603000000,
    "incomeBeforeTaxRatio": 0.1902499635,
    "incomeTaxExpense": 834000000,
    "netIncome": 1753000000,
    "netIncomeRatio": 0.1281245432,
    "eps": 0.53,
    "epsdiluted": 0.53,
    "weightedAverageShsOut": 3309800000,
    "weightedAverageShsOutDil": 3321400000,
    "link": "https://www.sec.gov/Archives/edgar/data/72971/000095013408014705/0000950134-08-014705-index.html",
    "finalLink": "https://www.sec.gov/Archives/edgar/data/72971/000095013408014705/f42774e10vq.htm"
  },
  {
    "date": "2008-03-31",
    "symbol": "WFC",
    "reportedCurrency": "USD",
    "cik": "0000072971",
    "fillingDate": "2008-05-09",
    "acceptedDate": "2008-05-09 13:20:05",
    "calendarYear": "2008",
    "period": "Q1",
    "revenue": 13339000000,
    "costOfRevenue": 5117000000,
    "grossProfit": 8222000000,
    "grossProfitRatio": 0.6163880351,
    "researchAndDevelopmentExpenses": 0,
    "generalAndAdministrativeExpenses": 2571000000,
    "sellingAndMarketingExpenses": 644000000,
    "sellingGeneralAndAdministrativeExpenses": 3215000000,
    "otherExpenses": 1914000000,
    "operatingExpenses": 5129000000,
    "costAndExpenses": 10246000000,
    "interestIncome": 8849000000,
    "interestExpense": 3089000000,
    "depreciationAndAmortization": 368000000,
    "ebitda": 3461000000,
    "ebitdaratio": 0.2594647275,
    "operatingIncome": 3093000000,
    "operatingIncomeRatio": 0.2318764525,
    "totalOtherIncomeExpensesNet": 0,
    "incomeBeforeTax": 3093000000,
    "incomeBeforeTaxRatio": 0.2318764525,
    "incomeTaxExpense": 1074000000,
    "netIncome": 1999000000,
    "netIncomeRatio": 0.1498613089,
    "eps": 0.61,
    "epsdiluted": 0.6,
    "weightedAverageShsOut": 3302400000,
    "weightedAverageShsOutDil": 3317900000,
    "link": "https://www.sec.gov/Archives/edgar/data/72971/000095013408009056/0000950134-08-009056-index.html",
    "finalLink": "https://www.sec.gov/Archives/edgar/data/72971/000095013408009056/f40533e10vq.htm"
  },
  {
    "date": "2007-12-31",
    "symbol": "WFC",
    "reportedCurrency": "USD",
    "cik": "0000072971",
    "fillingDate": "2008-02-29",
    "acceptedDate": "2008-02-29 14:21:58",
    "calendarYear": "2007",
    "period": "Q4",
    "revenue": 13225000000,
    "costOfRevenue": 6366000000,
    "grossProfit": 6859000000,
    "grossProfitRatio": 0.5186389414,
    "researchAndDevelopmentExpenses": 0,
    "generalAndAdministrativeExpenses": 3453000000,
    "sellingAndMarketingExpenses": 0,
    "sellingGeneralAndAdministrativeExpenses": 3453000000,
    "otherExpenses": 1883000000,
    "operatingExpenses": 5336000000,
    "costAndExpenses": 11702000000,
    "interestIncome": 9242000000,
    "interestExpense": 3754000000,
    "depreciationAndAmortization": 391000000,
    "ebitda": 1914000000,
    "ebitdaratio": 0.1447258979,
    "operatingIncome": 1523000000,
    "operatingIncomeRatio": 0.1151606805,
    "totalOtherIncomeExpensesNet": 0,
    "incomeBeforeTax": 1523000000,
    "incomeBeforeTaxRatio": 0.1151606805,
    "incomeTaxExpense": 272000000,
    "netIncome": 1251000000,
    "netIncomeRatio": 0.0945935728,
    "eps": 0.38,
    "epsdiluted": 0.38,
    "weightedAverageShsOut": 3302400000,
    "weightedAverageShsOutDil": 3317900000,
    "link": "https://www.sec.gov/Archives/edgar/data/72971/000095013408003822/0000950134-08-003822-index.htm",
    "finalLink": "https://www.sec.gov/Archives/edgar/data/72971/000095013408003822/f38267e10vk.htm"
  },
  {
    "date": "2007-09-30",
    "symbol": "WFC",
    "reportedCurrency": "USD",
    "cik": "0000072971",
    "fillingDate": "2007-11-06",
    "acceptedDate": "2007-11-06 13:05:13",
    "calendarYear": "2007",
    "period": "Q3",
    "revenue": 13796000000,
    "costOfRevenue": 4835000000,
    "grossProfit": 8961000000,
    "grossProfitRatio": 0.6495360974,
    "researchAndDevelopmentExpenses": 0,
    "generalAndAdministrativeExpenses": 3253000000,
    "sellingAndMarketingExpenses": 0,
    "sellingGeneralAndAdministrativeExpenses": 3253000000,
    "otherExpenses": 2248000000,
    "operatingExpenses": 5501000000,
    "costAndExpenses": 10336000000,
    "interestIncome": 9223000000,
    "interestExpense": 3943000000,
    "depreciationAndAmortization": 377000000,
    "ebitda": 3837000000,
    "ebitdaratio": 0.2781240939,
    "operatingIncome": 3460000000,
    "operatingIncomeRatio": 0.2507973326,
    "totalOtherIncomeExpensesNet": 0,
    "incomeBeforeTax": 3460000000,
    "incomeBeforeTaxRatio": 0.2507973326,
    "incomeTaxExpense": 1177000000,
    "netIncome": 2283000000,
    "netIncomeRatio": 0.1654827486,
    "eps": 0.69,
    "epsdiluted": 0.68,
    "weightedAverageShsOut": 3339600000,
    "weightedAverageShsOutDil": 3374000000,
    "link": "https://www.sec.gov/Archives/edgar/data/72971/000095013407022973/0000950134-07-022973-index.html",
    "finalLink": "https://www.sec.gov/Archives/edgar/data/72971/000095013407022973/f35144e10vq.htm"
  },
  {
    "date": "2007-06-30",
    "symbol": "WFC",
    "reportedCurrency": "USD",
    "cik": "0000072971",
    "fillingDate": "2007-08-06",
    "acceptedDate": "2007-08-06 15:32:13",
    "calendarYear": "2007",
    "period": "Q2",
    "revenue": 13268000000,
    "costOfRevenue": 4097000000,
    "grossProfit": 9171000000,
    "grossProfitRatio": 0.6912119385,
    "researchAndDevelopmentExpenses": 0,
    "generalAndAdministrativeExpenses": 3388000000,
    "sellingAndMarketingExpenses": 0,
    "sellingGeneralAndAdministrativeExpenses": 3388000000,
    "otherExpenses": 2339000000,
    "operatingExpenses": 5727000000,
    "costAndExpenses": 9824000000,
    "interestIncome": 8573000000,
    "interestExpense": 3377000000,
    "depreciationAndAmortization": 382000000,
    "ebitda": 3826000000,
    "ebitdaratio": 0.2883629786,
    "operatingIncome": 3444000000,
    "operatingIncomeRatio": 0.2595719023,
    "totalOtherIncomeExpensesNet": 0,
    "incomeBeforeTax": 3444000000,
    "incomeBeforeTaxRatio": 0.2595719023,
    "incomeTaxExpense": 1165000000,
    "netIncome": 2279000000,
    "netIncomeRatio": 0.1717666566,
    "eps": 0.68,
    "epsdiluted": 0.67,
    "weightedAverageShsOut": 3351200000,
    "weightedAverageShsOutDil": 3389300000,
    "link": "https://www.sec.gov/Archives/edgar/data/72971/000095013407016974/0000950134-07-016974-index.html",
    "finalLink": "https://www.sec.gov/Archives/edgar/data/72971/000095013407016974/f32463e10vq.htm"
  },
  {
    "date": "2007-03-31",
    "symbol": "WFC",
    "reportedCurrency": "USD",
    "cik": "0000072971",
    "fillingDate": "2007-05-07",
    "acceptedDate": "2007-05-07 12:53:09",
    "calendarYear": "2007",
    "period": "Q1",
    "revenue": 12570000000,
    "costOfRevenue": 3844000000,
    "grossProfit": 8726000000,
    "grossProfitRatio": 0.6941925219,
    "researchAndDevelopmentExpenses": 0,
    "generalAndAdministrativeExpenses": 3274000000,
    "sellingAndMarketingExpenses": 0,
    "sellingGeneralAndAdministrativeExpenses": 3274000000,
    "otherExpenses": 2252000000,
    "operatingExpenses": 5526000000,
    "costAndExpenses": 9370000000,
    "interestIncome": 8139000000,
    "interestExpense": 3129000000,
    "depreciationAndAmortization": 382000000,
    "ebitda": 3582000000,
    "ebitdaratio": 0.2849642005,
    "operatingIncome": 3200000000,
    "operatingIncomeRatio": 0.2545743835,
    "totalOtherIncomeExpensesNet": 0,
    "incomeBeforeTax": 3200000000,
    "incomeBeforeTaxRatio": 0.2545743835,
    "incomeTaxExpense": 956000000,
    "netIncome": 2244000000,
    "netIncomeRatio": 0.1785202864,
    "eps": 0.66,
    "epsdiluted": 0.66,
    "weightedAverageShsOut": 3376000000,
    "weightedAverageShsOutDil": 3416100000,
    "link": "https://www.sec.gov/Archives/edgar/data/72971/000095013407010415/0000950134-07-010415-index.html",
    "finalLink": "https://www.sec.gov/Archives/edgar/data/72971/000095013407010415/f29849e10vq.htm"
  },
  {
    "date": "2006-12-31",
    "symbol": "WFC",
    "reportedCurrency": "USD",
    "cik": "0000072971",
    "fillingDate": "2007-03-01",
    "acceptedDate": "2007-03-01 11:01:50",
    "calendarYear": "2006",
    "period": "Q4",
    "revenue": 11856000000,
    "costOfRevenue": 3907000000,
    "grossProfit": 7949000000,
    "grossProfitRatio": 0.6704622132,
    "researchAndDevelopmentExpenses": 0,
    "generalAndAdministrativeExpenses": 3106000000,
    "sellingAndMarketingExpenses": 0,
    "sellingGeneralAndAdministrativeExpenses": 3106000000,
    "otherExpenses": 1567000000,
    "operatingExpenses": 4673000000,
    "costAndExpenses": 8580000000,
    "interestIncome": 8231000000,
    "interestExpense": 3181000000,
    "depreciationAndAmortization": 971000000,
    "ebitda": 4247000000,
    "ebitdaratio": 0.3582152497,
    "operatingIncome": 3276000000,
    "operatingIncomeRatio": 0.2763157895,
    "totalOtherIncomeExpensesNet": 0,
    "incomeBeforeTax": 3276000000,
    "incomeBeforeTaxRatio": 0.2763157895,
    "incomeTaxExpense": 1095000000,
    "netIncome": 2181000000,
    "netIncomeRatio": 0.1839574899,
    "eps": 0.65,
    "epsdiluted": 0.64,
    "weightedAverageShsOut": 3376000000,
    "weightedAverageShsOutDil": 3416100000,
    "link": "https://www.sec.gov/Archives/edgar/data/72971/000095013407004518/0000950134-07-004518-index.htm",
    "finalLink": "https://www.sec.gov/Archives/edgar/data/72971/000095013407004518/f27602e10vk.htm"
  },
  {
    "date": "2006-09-30",
    "symbol": "WFC",
    "reportedCurrency": "USD",
    "cik": "0000072971",
    "fillingDate": "2006-11-02",
    "acceptedDate": "2006-11-02 17:01:31",
    "calendarYear": "2006",
    "period": "Q3",
    "revenue": 12286000000,
    "costOfRevenue": 3965000000,
    "grossProfit": 8321000000,
    "grossProfitRatio": 0.6772749471,
    "researchAndDevelopmentExpenses": 0,
    "generalAndAdministrativeExpenses": 2937000000,
    "sellingAndMarketingExpenses": 0,
    "sellingGeneralAndAdministrativeExpenses": 2937000000,
    "otherExpenses": 2144000000,
    "operatingExpenses": 5081000000,
    "costAndExpenses": 9046000000,
    "interestIncome": 8399000000,
    "interestExpense": 3352000000,
    "depreciationAndAmortization": 976000000,
    "ebitda": 4216000000,
    "ebitdaratio": 0.3431548104,
    "operatingIncome": 3240000000,
    "operatingIncomeRatio": 0.2637147973,
    "totalOtherIncomeExpensesNet": 0,
    "incomeBeforeTax": 3240000000,
    "incomeBeforeTaxRatio": 0.2637147973,
    "incomeTaxExpense": 1046000000,
    "netIncome": 2194000000,
    "netIncomeRatio": 0.1785772424,
    "eps": 0.65,
    "epsdiluted": 0.64,
    "weightedAverageShsOut": 3371900000,
    "weightedAverageShsOutDil": 3416000000,
    "link": "https://www.sec.gov/Archives/edgar/data/72971/000095014906000510/0000950149-06-000510-index.htm",
    "finalLink": "https://www.sec.gov/Archives/edgar/data/72971/000095014906000510/f24614e10vq.htm"
  },
  {
    "date": "2006-06-30",
    "symbol": "WFC",
    "reportedCurrency": "USD",
    "cik": "0000072971",
    "fillingDate": "2006-08-03",
    "acceptedDate": "2006-08-03 17:00:58",
    "calendarYear": "2006",
    "period": "Q2",
    "revenue": 11882000000,
    "costOfRevenue": 3525000000,
    "grossProfit": 8357000000,
    "grossProfitRatio": 0.7033327723,
    "researchAndDevelopmentExpenses": 0,
    "generalAndAdministrativeExpenses": 2955000000,
    "sellingAndMarketingExpenses": 0,
    "sellingGeneralAndAdministrativeExpenses": 2955000000,
    "otherExpenses": 2221000000,
    "operatingExpenses": 5176000000,
    "costAndExpenses": 8701000000,
    "interestIncome": 8077000000,
    "interestExpense": 3093000000,
    "depreciationAndAmortization": 734000000,
    "ebitda": 3915000000,
    "ebitdaratio": 0.3294899849,
    "operatingIncome": 3181000000,
    "operatingIncomeRatio": 0.2677158727,
    "totalOtherIncomeExpensesNet": 0,
    "incomeBeforeTax": 3181000000,
    "incomeBeforeTaxRatio": 0.2677158727,
    "incomeTaxExpense": 1092000000,
    "netIncome": 2089000000,
    "netIncomeRatio": 0.1758121528,
    "eps": 0.62,
    "epsdiluted": 0.62,
    "weightedAverageShsOut": 3363800000,
    "weightedAverageShsOutDil": 3404400000,
    "link": "https://www.sec.gov/Archives/edgar/data/72971/000095014906000426/0000950149-06-000426-index.htm",
    "finalLink": "https://www.sec.gov/Archives/edgar/data/72971/000095014906000426/f22531e10vq.htm"
  },
  {
    "date": "2006-03-31",
    "symbol": "WFC",
    "reportedCurrency": "USD",
    "cik": "0000072971",
    "fillingDate": "2006-05-04",
    "acceptedDate": "2006-05-04 13:19:18",
    "calendarYear": "2006",
    "period": "Q1",
    "revenue": 11217000000,
    "costOfRevenue": 3095000000,
    "grossProfit": 8122000000,
    "grossProfitRatio": 0.7240795222,
    "researchAndDevelopmentExpenses": 0,
    "generalAndAdministrativeExpenses": 2929000000,
    "sellingAndMarketingExpenses": 0,
    "sellingGeneralAndAdministrativeExpenses": 2929000000,
    "otherExpenses": 2145000000,
    "operatingExpenses": 5074000000,
    "costAndExpenses": 8169000000,
    "interestIncome": 7532000000,
    "interestExpense": 2662000000,
    "depreciationAndAmortization": 540000000,
    "ebitda": 3588000000,
    "ebitdaratio": 0.3198716234,
    "operatingIncome": 3048000000,
    "operatingIncomeRatio": 0.2717304092,
    "totalOtherIncomeExpensesNet": 0,
    "incomeBeforeTax": 3048000000,
    "incomeBeforeTaxRatio": 0.2717304092,
    "incomeTaxExpense": 1030000000,
    "netIncome": 2018000000,
    "netIncomeRatio": 0.1799055006,
    "eps": 0.6,
    "epsdiluted": 0.6,
    "weightedAverageShsOut": 3358300000,
    "weightedAverageShsOutDil": 3395700000,
    "link": "https://www.sec.gov/Archives/edgar/data/72971/000095014906000083/0000950149-06-000083-index.htm",
    "finalLink": "https://www.sec.gov/Archives/edgar/data/72971/000095014906000083/f17867e10vk.htm"
  },
  {
    "date": "2005-12-31",
    "symbol": "WFC",
    "reportedCurrency": "USD",
    "cik": "0000072971",
    "fillingDate": "2006-03-09",
    "acceptedDate": "2006-03-09 17:03:03",
    "calendarYear": "2005",
    "period": "Q4",
    "revenue": 10897000000,
    "costOfRevenue": 3108000000,
    "grossProfit": 7789000000,
    "grossProfitRatio": 0.7147838855,
    "researchAndDevelopmentExpenses": 0,
    "generalAndAdministrativeExpenses": 2704000000,
    "sellingAndMarketingExpenses": 0,
    "sellingGeneralAndAdministrativeExpenses": 2704000000,
    "otherExpenses": 2179000000,
    "operatingExpenses": 4883000000,
    "costAndExpenses": 7991000000,
    "interestIncome": 7244000000,
    "interestExpense": 2405000000,
    "depreciationAndAmortization": 1159000000,
    "ebitda": 4065000000,
    "ebitdaratio": 0.3730384509,
    "operatingIncome": 2906000000,
    "operatingIncomeRatio": 0.2666789025,
    "totalOtherIncomeExpensesNet": 0,
    "incomeBeforeTax": 2906000000,
    "incomeBeforeTaxRatio": 0.2666789025,
    "incomeTaxExpense": 976000000,
    "netIncome": 1930000000,
    "netIncomeRatio": 0.1771129669,
    "eps": 0.57,
    "epsdiluted": 0.57,
    "weightedAverageShsOut": 3358400000,
    "weightedAverageShsOutDil": 3395800000,
    "link": "https://www.sec.gov/Archives/edgar/data/72971/000095014906000083/0000950149-06-000083-index.htm",
    "finalLink": "https://www.sec.gov/Archives/edgar/data/72971/000095014906000083/f17867e10vk.htm"
  },
  {
    "date": "2005-09-30",
    "symbol": "WFC",
    "reportedCurrency": "USD",
    "cik": "0000072971",
    "fillingDate": "2005-11-03",
    "acceptedDate": "2005-11-03 17:02:24",
    "calendarYear": "2005",
    "period": "Q3",
    "revenue": 10472000000,
    "costOfRevenue": 2610000000,
    "grossProfit": 7862000000,
    "grossProfitRatio": 0.7507639419,
    "researchAndDevelopmentExpenses": 0,
    "generalAndAdministrativeExpenses": 2714000000,
    "sellingAndMarketingExpenses": 0,
    "sellingGeneralAndAdministrativeExpenses": 2714000000,
    "otherExpenses": 2175000000,
    "operatingExpenses": 4889000000,
    "costAndExpenses": 7499000000,
    "interestIncome": 6645000000,
    "interestExpense": 1969000000,
    "depreciationAndAmortization": 1000000000,
    "ebitda": 3973000000,
    "ebitdaratio": 0.3793926662,
    "operatingIncome": 2973000000,
    "operatingIncomeRatio": 0.2838999236,
    "totalOtherIncomeExpensesNet": 0,
    "incomeBeforeTax": 2973000000,
    "incomeBeforeTaxRatio": 0.2838999236,
    "incomeTaxExpense": 998000000,
    "netIncome": 1975000000,
    "netIncomeRatio": 0.1885981665,
    "eps": 0.59,
    "epsdiluted": 0.58,
    "weightedAverageShsOut": 3373600000,
    "weightedAverageShsOutDil": 3410600000,
    "link": "https://www.sec.gov/Archives/edgar/data/72971/000095014905000645/0000950149-05-000645-index.htm",
    "finalLink": "https://www.sec.gov/Archives/edgar/data/72971/000095014905000645/f13987e10vq.htm"
  },
  {
    "date": "2005-06-30",
    "symbol": "WFC",
    "reportedCurrency": "USD",
    "cik": "0000072971",
    "fillingDate": "2005-08-04",
    "acceptedDate": "2005-08-04 17:02:00",
    "calendarYear": "2005",
    "period": "Q2",
    "revenue": 9529000000,
    "costOfRevenue": 2118000000,
    "grossProfit": 7411000000,
    "grossProfitRatio": 0.7777311365,
    "researchAndDevelopmentExpenses": 0,
    "generalAndAdministrativeExpenses": 2545000000,
    "sellingAndMarketingExpenses": 0,
    "sellingGeneralAndAdministrativeExpenses": 2545000000,
    "otherExpenses": 2009000000,
    "operatingExpenses": 4554000000,
    "costAndExpenses": 6672000000,
    "interestIncome": 6200000000,
    "interestExpense": 1664000000,
    "depreciationAndAmortization": 949000000,
    "ebitda": 3806000000,
    "ebitdaratio": 0.3994123203,
    "operatingIncome": 2857000000,
    "operatingIncomeRatio": 0.2998215972,
    "totalOtherIncomeExpensesNet": 0,
    "incomeBeforeTax": 2857000000,
    "incomeBeforeTaxRatio": 0.2998215972,
    "incomeTaxExpense": 947000000,
    "netIncome": 1910000000,
    "netIncomeRatio": 0.2004407598,
    "eps": 0.57,
    "epsdiluted": 0.56,
    "weightedAverageShsOut": 3375400000,
    "weightedAverageShsOutDil": 3414400000,
    "link": "https://www.sec.gov/Archives/edgar/data/72971/000095014905000531/0000950149-05-000531-index.htm",
    "finalLink": "https://www.sec.gov/Archives/edgar/data/72971/000095014905000531/f11248e10vq.htm"
  },
  {
    "date": "2005-03-31",
    "symbol": "WFC",
    "reportedCurrency": "USD",
    "cik": "0000072971",
    "fillingDate": "2005-05-05",
    "acceptedDate": "2005-05-05 17:02:10",
    "calendarYear": "2005",
    "period": "Q1",
    "revenue": 9509000000,
    "costOfRevenue": 2005000000,
    "grossProfit": 7504000000,
    "grossProfitRatio": 0.7891471238,
    "researchAndDevelopmentExpenses": 0,
    "generalAndAdministrativeExpenses": 2492000000,
    "sellingAndMarketingExpenses": 0,
    "sellingGeneralAndAdministrativeExpenses": 2492000000,
    "otherExpenses": 2200000000,
    "operatingExpenses": 4692000000,
    "costAndExpenses": 6697000000,
    "interestIncome": 5873000000,
    "interestExpense": 1420000000,
    "depreciationAndAmortization": 1053000000,
    "ebitda": 3865000000,
    "ebitdaratio": 0.4064570407,
    "operatingIncome": 2812000000,
    "operatingIncomeRatio": 0.2957198444,
    "totalOtherIncomeExpensesNet": 0,
    "incomeBeforeTax": 2812000000,
    "incomeBeforeTaxRatio": 0.2957198444,
    "incomeTaxExpense": 956000000,
    "netIncome": 1856000000,
    "netIncomeRatio": 0.1951835104,
    "eps": 0.55,
    "epsdiluted": 0.54,
    "weightedAverageShsOut": 3390800000,
    "weightedAverageShsOutDil": 3431400000,
    "link": "https://www.sec.gov/Archives/edgar/data/72971/000095013405004623/0000950134-05-004623-index.htm",
    "finalLink": "https://www.sec.gov/Archives/edgar/data/72971/000095013405004623/f06409e10vk.htm"
  },
  {
    "date": "2004-12-31",
    "symbol": "WFC",
    "reportedCurrency": "USD",
    "cik": "0000072971",
    "fillingDate": "2005-03-10",
    "acceptedDate": "2005-03-10 17:04:31",
    "calendarYear": "2004",
    "period": "Q4",
    "revenue": 9347000000,
    "costOfRevenue": 1644000000,
    "grossProfit": 7703000000,
    "grossProfitRatio": 0.8241146892,
    "researchAndDevelopmentExpenses": 0,
    "generalAndAdministrativeExpenses": 2415000000,
    "sellingAndMarketingExpenses": 0,
    "sellingGeneralAndAdministrativeExpenses": 2415000000,
    "otherExpenses": 2556000000,
    "operatingExpenses": 4971000000,
    "costAndExpenses": 6615000000,
    "interestIncome": 5635000000,
    "interestExpense": 1179000000,
    "depreciationAndAmortization": 930000000,
    "ebitda": 3662000000,
    "ebitdaratio": 0.3917834599,
    "operatingIncome": 2732000000,
    "operatingIncomeRatio": 0.2922862951,
    "totalOtherIncomeExpensesNet": 0,
    "incomeBeforeTax": 2732000000,
    "incomeBeforeTaxRatio": 0.2922862951,
    "incomeTaxExpense": 947000000,
    "netIncome": 1785000000,
    "netIncomeRatio": 0.1909703648,
    "eps": 0.53,
    "epsdiluted": 0.52,
    "weightedAverageShsOut": 3390800000,
    "weightedAverageShsOutDil": 3431400000,
    "link": "https://www.sec.gov/Archives/edgar/data/72971/000095013405004623/0000950134-05-004623-index.htm",
    "finalLink": "https://www.sec.gov/Archives/edgar/data/72971/000095013405004623/f06409e10vk.htm"
  },
  {
    "date": "2004-09-30",
    "symbol": "WFC",
    "reportedCurrency": "USD",
    "cik": "0000072971",
    "fillingDate": "2004-11-04",
    "acceptedDate": "2004-11-04 15:01:55",
    "calendarYear": "2004",
    "period": "Q3",
    "revenue": 8305000000,
    "costOfRevenue": 1395000000,
    "grossProfit": 6910000000,
    "grossProfitRatio": 0.8320288983,
    "researchAndDevelopmentExpenses": 0,
    "generalAndAdministrativeExpenses": 2222000000,
    "sellingAndMarketingExpenses": 0,
    "sellingGeneralAndAdministrativeExpenses": 2222000000,
    "otherExpenses": 1998000000,
    "operatingExpenses": 4220000000,
    "costAndExpenses": 5615000000,
    "interestIncome": 5405000000,
    "interestExpense": 987000000,
    "depreciationAndAmortization": 849000000,
    "ebitda": 3539000000,
    "ebitdaratio": 0.426128838,
    "operatingIncome": 2690000000,
    "operatingIncomeRatio": 0.3239012643,
    "totalOtherIncomeExpensesNet": 0,
    "incomeBeforeTax": 2690000000,
    "incomeBeforeTaxRatio": 0.3239012643,
    "incomeTaxExpense": 942000000,
    "netIncome": 1748000000,
    "netIncomeRatio": 0.2104756171,
    "eps": 0.52,
    "epsdiluted": 0.51,
    "weightedAverageShsOut": 3377800000,
    "weightedAverageShsOutDil": 3417400000,
    "link": "https://www.sec.gov/Archives/edgar/data/72971/000095013404016380/0000950134-04-016380-index.htm",
    "finalLink": "https://www.sec.gov/Archives/edgar/data/72971/000095013404016380/f02618e10vq.htm"
  },
  {
    "date": "2004-06-30",
    "symbol": "WFC",
    "reportedCurrency": "USD",
    "cik": "0000072971",
    "fillingDate": "2004-08-06",
    "acceptedDate": "2004-08-06 06:02:43",
    "calendarYear": "2004",
    "period": "Q2",
    "revenue": 8269000000,
    "costOfRevenue": 1283000000,
    "grossProfit": 6986000000,
    "grossProfitRatio": 0.8448421816,
    "researchAndDevelopmentExpenses": 0,
    "generalAndAdministrativeExpenses": 2127000000,
    "sellingAndMarketingExpenses": 0,
    "sellingGeneralAndAdministrativeExpenses": 2127000000,
    "otherExpenses": 2226000000,
    "operatingExpenses": 4353000000,
    "costAndExpenses": 5636000000,
    "interestIncome": 5069000000,
    "interestExpense": 843000000,
    "depreciationAndAmortization": 804000000,
    "ebitda": 3437000000,
    "ebitdaratio": 0.4156488088,
    "operatingIncome": 2633000000,
    "operatingIncomeRatio": 0.3184181884,
    "totalOtherIncomeExpensesNet": 0,
    "incomeBeforeTax": 2633000000,
    "incomeBeforeTaxRatio": 0.3184181884,
    "incomeTaxExpense": 919000000,
    "netIncome": 1714000000,
    "netIncomeRatio": 0.2072802032,
    "eps": 0.51,
    "epsdiluted": 0.5,
    "weightedAverageShsOut": 3376200000,
    "weightedAverageShsOutDil": 3416600000,
    "link": "https://www.sec.gov/Archives/edgar/data/72971/000095013404011515/0000950134-04-011515-index.htm",
    "finalLink": "https://www.sec.gov/Archives/edgar/data/72971/000095013404011515/f00790e10vq.htm"
  },
  {
    "date": "2004-03-31",
    "symbol": "WFC",
    "reportedCurrency": "USD",
    "cik": "0000072971",
    "fillingDate": "2004-05-07",
    "acceptedDate": "2004-05-07 08:07:50",
    "calendarYear": "2004",
    "period": "Q1",
    "revenue": 7955000000,
    "costOfRevenue": 1212000000,
    "grossProfit": 6743000000,
    "grossProfitRatio": 0.8476429918,
    "researchAndDevelopmentExpenses": 0,
    "generalAndAdministrativeExpenses": 2160000000,
    "sellingAndMarketingExpenses": 0,
    "sellingGeneralAndAdministrativeExpenses": 2160000000,
    "otherExpenses": 1869000000,
    "operatingExpenses": 4029000000,
    "costAndExpenses": 5241000000,
    "interestIncome": 4858000000,
    "interestExpense": 808000000,
    "depreciationAndAmortization": 866000000,
    "ebitda": 3580000000,
    "ebitdaratio": 0.4500314268,
    "operatingIncome": 2714000000,
    "operatingIncomeRatio": 0.3411690761,
    "totalOtherIncomeExpensesNet": 0,
    "incomeBeforeTax": 2714000000,
    "incomeBeforeTaxRatio": 0.3411690761,
    "incomeTaxExpense": 947000000,
    "netIncome": 1767000000,
    "netIncomeRatio": 0.22212445,
    "eps": 0.52,
    "epsdiluted": 0.52,
    "weightedAverageShsOut": 3398600000,
    "weightedAverageShsOutDil": 3442400000,
    "link": "https://www.sec.gov/Archives/edgar/data/72971/000095013404003387/0000950134-04-003387-index.htm",
    "finalLink": "https://www.sec.gov/Archives/edgar/data/72971/000095013404003387/f97006e10vk.htm"
  },
  {
    "date": "2003-12-31",
    "symbol": "WFC",
    "reportedCurrency": "USD",
    "cik": "0000072971",
    "fillingDate": "2004-03-12",
    "acceptedDate": "2004-03-12 15:31:17",
    "calendarYear": "2003",
    "period": "Q4",
    "revenue": 8772000000,
    "costOfRevenue": 1252000000,
    "grossProfit": 7520000000,
    "grossProfitRatio": 0.8572731418,
    "researchAndDevelopmentExpenses": 0,
    "generalAndAdministrativeExpenses": 2251000000,
    "sellingAndMarketingExpenses": 0,
    "sellingGeneralAndAdministrativeExpenses": 2251000000,
    "otherExpenses": 2790000000,
    "operatingExpenses": 5041000000,
    "costAndExpenses": 6293000000,
    "interestIncome": 4639000000,
    "interestExpense": 813000000,
    "depreciationAndAmortization": 1330000000,
    "ebitda": 3809000000,
    "ebitdaratio": 0.4342225262,
    "operatingIncome": 2479000000,
    "operatingIncomeRatio": 0.2826037392,
    "totalOtherIncomeExpensesNet": 0,
    "incomeBeforeTax": 2479000000,
    "incomeBeforeTaxRatio": 0.2826037392,
    "incomeTaxExpense": 855000000,
    "netIncome": 1624000000,
    "netIncomeRatio": 0.1851345189,
    "eps": 0.48,
    "epsdiluted": 0.47,
    "weightedAverageShsOut": 3398600000,
    "weightedAverageShsOutDil": 3442400000,
    "link": "https://www.sec.gov/Archives/edgar/data/72971/000095013404003387/0000950134-04-003387-index.html",
    "finalLink": "https://www.sec.gov/Archives/edgar/data/72971/000095013404003387/f97006e10vk.htm"
  },
  {
    "date": "2003-09-30",
    "symbol": "WFC",
    "reportedCurrency": "USD",
    "cik": "0000072971",
    "fillingDate": "2003-11-07",
    "acceptedDate": "2003-11-07 17:03:58",
    "calendarYear": "2003",
    "period": "Q3",
    "revenue": 8170000000,
    "costOfRevenue": 1263000000,
    "grossProfit": 6907000000,
    "grossProfitRatio": 0.8454100367,
    "researchAndDevelopmentExpenses": 0,
    "generalAndAdministrativeExpenses": 2180000000,
    "sellingAndMarketingExpenses": 0,
    "sellingGeneralAndAdministrativeExpenses": 2180000000,
    "otherExpenses": 2395000000,
    "operatingExpenses": 4575000000,
    "costAndExpenses": 5838000000,
    "interestIncome": 4979000000,
    "interestExpense": 837000000,
    "depreciationAndAmortization": 917000000,
    "ebitda": 3249000000,
    "ebitdaratio": 0.3976744186,
    "operatingIncome": 2332000000,
    "operatingIncomeRatio": 0.2854345165,
    "totalOtherIncomeExpensesNet": 0,
    "incomeBeforeTax": 2332000000,
    "incomeBeforeTaxRatio": 0.2854345165,
    "incomeTaxExpense": 771000000,
    "netIncome": 1561000000,
    "netIncomeRatio": 0.1910648715,
    "eps": 0.47,
    "epsdiluted": 0.46,
    "weightedAverageShsOut": 3354400000,
    "weightedAverageShsOutDil": 3387800000,
    "link": "https://www.sec.gov/Archives/edgar/data/72971/000095014903002581/0000950149-03-002581-index.htm",
    "finalLink": "https://www.sec.gov/Archives/edgar/data/72971/000095014903002581/f94144e10vq.htm"
  },
  {
    "date": "2003-06-30",
    "symbol": "WFC",
    "reportedCurrency": "USD",
    "cik": "0000072971",
    "fillingDate": "2003-08-08",
    "acceptedDate": "2003-08-08 15:11:10",
    "calendarYear": "2003",
    "period": "Q2",
    "revenue": 7812000000,
    "costOfRevenue": 1303000000,
    "grossProfit": 6509000000,
    "grossProfitRatio": 0.8332053251,
    "researchAndDevelopmentExpenses": 0,
    "generalAndAdministrativeExpenses": 2008000000,
    "sellingAndMarketingExpenses": 0,
    "sellingGeneralAndAdministrativeExpenses": 2008000000,
    "otherExpenses": 2150000000,
    "operatingExpenses": 4158000000,
    "costAndExpenses": 5461000000,
    "interestIncome": 4855000000,
    "interestExpense": 882000000,
    "depreciationAndAmortization": 1348000000,
    "ebitda": 3699000000,
    "ebitdaratio": 0.4735023041,
    "operatingIncome": 2351000000,
    "operatingIncomeRatio": 0.3009472606,
    "totalOtherIncomeExpensesNet": 0,
    "incomeBeforeTax": 2351000000,
    "incomeBeforeTaxRatio": 0.3009472606,
    "incomeTaxExpense": 826000000,
    "netIncome": 1525000000,
    "netIncomeRatio": 0.1952124936,
    "eps": 0.46,
    "epsdiluted": 0.45,
    "weightedAverageShsOut": 3351400000,
    "weightedAverageShsOutDil": 3381200000,
    "link": "https://www.sec.gov/Archives/edgar/data/72971/000095014903001850/0000950149-03-001850-index.htm",
    "finalLink": "https://www.sec.gov/Archives/edgar/data/72971/000095014903001850/f91828e10vq.htm"
  },
  {
    "date": "2003-03-31",
    "symbol": "WFC",
    "reportedCurrency": "USD",
    "cik": "0000072971",
    "fillingDate": "2003-05-08",
    "acceptedDate": "2003-05-08 15:48:53",
    "calendarYear": "2003",
    "period": "Q1",
    "revenue": 7561000000,
    "costOfRevenue": 1290000000,
    "grossProfit": 6271000000,
    "grossProfitRatio": 0.8293876471,
    "researchAndDevelopmentExpenses": 0,
    "generalAndAdministrativeExpenses": 2007000000,
    "sellingAndMarketingExpenses": 0,
    "sellingGeneralAndAdministrativeExpenses": 2007000000,
    "otherExpenses": 1950000000,
    "operatingExpenses": 3957000000,
    "costAndExpenses": 5247000000,
    "interestIncome": 4728000000,
    "interestExpense": 879000000,
    "depreciationAndAmortization": 1250000000,
    "ebitda": 3564000000,
    "ebitdaratio": 0.4713662214,
    "operatingIncome": 2314000000,
    "operatingIncomeRatio": 0.3060441741,
    "totalOtherIncomeExpensesNet": 0,
    "incomeBeforeTax": 2314000000,
    "incomeBeforeTaxRatio": 0.3060441741,
    "incomeTaxExpense": 822000000,
    "netIncome": 1492000000,
    "netIncomeRatio": 0.1973283957,
    "eps": 0.45,
    "epsdiluted": 0.44,
    "weightedAverageShsOut": 3363000000,
    "weightedAverageShsOutDil": 3388200000,
    "link": "https://www.sec.gov/Archives/edgar/data/72971/000104746903017544/0001047469-03-017544-index.htm",
    "finalLink": "https://www.sec.gov/Archives/edgar/data/72971/000104746903017544/a2110247z10-q.htm"
  },
  {
    "date": "2002-12-31",
    "symbol": "WFC",
    "reportedCurrency": "USD",
    "cik": "0000072971",
    "fillingDate": "2003-03-14",
    "acceptedDate": "2003-03-14 13:59:09",
    "calendarYear": "2002",
    "period": "Q4",
    "revenue": 7443000000,
    "costOfRevenue": 1398000000,
    "grossProfit": 6045000000,
    "grossProfitRatio": 0.8121725111,
    "researchAndDevelopmentExpenses": 0,
    "generalAndAdministrativeExpenses": 1918000000,
    "sellingAndMarketingExpenses": 0,
    "sellingGeneralAndAdministrativeExpenses": 1918000000,
    "otherExpenses": 1852000000,
    "operatingExpenses": 3770000000,
    "costAndExpenses": 5168000000,
    "interestIncome": 4826000000,
    "interestExpense": 960000000,
    "depreciationAndAmortization": 1718000000,
    "ebitda": 3993000000,
    "ebitdaratio": 0.5364772269,
    "operatingIncome": 2275000000,
    "operatingIncomeRatio": 0.3056563214,
    "totalOtherIncomeExpensesNet": 0,
    "incomeBeforeTax": 2275000000,
    "incomeBeforeTaxRatio": 0.3056563214,
    "incomeTaxExpense": 809000000,
    "netIncome": 1466000000,
    "netIncomeRatio": 0.19696359,
    "eps": 0.44,
    "epsdiluted": 0.43,
    "weightedAverageShsOut": 3363000000,
    "weightedAverageShsOutDil": 3388200000,
    "link": "https://www.sec.gov/Archives/edgar/data/72971/000104746903008749/0001047469-03-008749-index.htm",
    "finalLink": "https://www.sec.gov/Archives/edgar/data/72971/000104746903008749/a2104743z10-k.htm"
  },
  {
    "date": "2002-09-30",
    "symbol": "WFC",
    "reportedCurrency": "USD",
    "cik": "0000072971",
    "fillingDate": "2002-11-07",
    "acceptedDate": "2002-11-07 15:01:17",
    "calendarYear": "2002",
    "period": "Q3",
    "revenue": 7044000000,
    "costOfRevenue": 1399000000,
    "grossProfit": 5645000000,
    "grossProfitRatio": 0.801391255,
    "researchAndDevelopmentExpenses": 0,
    "generalAndAdministrativeExpenses": 1860000000,
    "sellingAndMarketingExpenses": 0,
    "sellingGeneralAndAdministrativeExpenses": 1860000000,
    "otherExpenses": 1547000000,
    "operatingExpenses": 3407000000,
    "costAndExpenses": 4806000000,
    "interestIncome": 4699000000,
    "interestExpense": 1004000000,
    "depreciationAndAmortization": 699000000,
    "ebitda": 2937000000,
    "ebitdaratio": 0.4169505963,
    "operatingIncome": 2238000000,
    "operatingIncomeRatio": 0.3177172061,
    "totalOtherIncomeExpensesNet": 0,
    "incomeBeforeTax": 2238000000,
    "incomeBeforeTaxRatio": 0.3177172061,
    "incomeTaxExpense": 794000000,
    "netIncome": 1444000000,
    "netIncomeRatio": 0.2049971607,
    "eps": 0.43,
    "epsdiluted": 0.42,
    "weightedAverageShsOut": 3401400000,
    "weightedAverageShsOutDil": 3435600000,
    "link": "https://www.sec.gov/Archives/edgar/data/72971/000091205702041325/0000912057-02-041325-index.htm",
    "finalLink": "https://www.sec.gov/Archives/edgar/data/72971/000091205702041325/a2092607z10-q.htm"
  },
  {
    "date": "2002-06-30",
    "symbol": "WFC",
    "reportedCurrency": "USD",
    "cik": "0000072971",
    "fillingDate": "2002-08-12",
    "acceptedDate": "2002-08-12 16:51:12",
    "calendarYear": "2002",
    "period": "Q2",
    "revenue": 7005000000,
    "costOfRevenue": 1398000000,
    "grossProfit": 5607000000,
    "grossProfitRatio": 0.8004282655,
    "researchAndDevelopmentExpenses": 0,
    "generalAndAdministrativeExpenses": 1832000000,
    "sellingAndMarketingExpenses": 0,
    "sellingGeneralAndAdministrativeExpenses": 1832000000,
    "otherExpenses": 1573000000,
    "operatingExpenses": 3405000000,
    "costAndExpenses": 4803000000,
    "interestIncome": 4627000000,
    "interestExpense": 988000000,
    "depreciationAndAmortization": 143000000,
    "ebitda": 2345000000,
    "ebitdaratio": 0.3347608851,
    "operatingIncome": 2202000000,
    "operatingIncomeRatio": 0.3143468951,
    "totalOtherIncomeExpensesNet": 0,
    "incomeBeforeTax": 2202000000,
    "incomeBeforeTaxRatio": 0.3143468951,
    "incomeTaxExpense": 782000000,
    "netIncome": 1420000000,
    "netIncomeRatio": 0.2027123483,
    "eps": 0.42,
    "epsdiluted": 0.41,
    "weightedAverageShsOut": 3420800000,
    "weightedAverageShsOutDil": 3461600000,
    "link": "https://www.sec.gov/Archives/edgar/data/72971/000091205702031173/0000912057-02-031173-index.html",
    "finalLink": "https://www.sec.gov/Archives/edgar/data/72971/000091205702031173/a2086081z10-q.htm"
  },
  {
    "date": "2002-03-31",
    "symbol": "WFC",
    "reportedCurrency": "USD",
    "cik": "0000072971",
    "fillingDate": "2002-05-10",
    "acceptedDate": "2002-05-10 16:44:36",
    "calendarYear": "2002",
    "period": "Q1",
    "revenue": 6982000000,
    "costOfRevenue": 1516000000,
    "grossProfit": 5466000000,
    "grossProfitRatio": 0.7828702378,
    "researchAndDevelopmentExpenses": 0,
    "generalAndAdministrativeExpenses": 1762000000,
    "sellingAndMarketingExpenses": 0,
    "sellingGeneralAndAdministrativeExpenses": 1762000000,
    "otherExpenses": 1566000000,
    "operatingExpenses": 3328000000,
    "costAndExpenses": 4844000000,
    "interestIncome": 4681000000,
    "interestExpense": 1026000000,
    "depreciationAndAmortization": 935000000,
    "ebitda": 3073000000,
    "ebitdaratio": 0.4401317674,
    "operatingIncome": 2138000000,
    "operatingIncomeRatio": 0.306215984,
    "totalOtherIncomeExpensesNet": 0,
    "incomeBeforeTax": 2138000000,
    "incomeBeforeTaxRatio": 0.306215984,
    "incomeTaxExpense": 759000000,
    "netIncome": 1103000000,
    "netIncomeRatio": 0.1579776568,
    "eps": 0.33,
    "epsdiluted": 0.32,
    "weightedAverageShsOut": 3406000000,
    "weightedAverageShsOutDil": 3437800000,
    "link": "https://www.sec.gov/Archives/edgar/data/72971/000091205702019610/0000912057-02-019610-index.html",
    "finalLink": "https://www.sec.gov/Archives/edgar/data/72971/000091205702019610/a2079268z10-q.htm"
  },
  {
    "date": "2001-12-31",
    "symbol": "WFC",
    "reportedCurrency": "USD",
    "cik": "0000072971",
    "fillingDate": "2002-03-15",
    "acceptedDate": "2002-03-15 00:00:00",
    "calendarYear": "2001",
    "period": "Q4",
    "revenue": 7136000000,
    "costOfRevenue": 1794000000,
    "grossProfit": 5342000000,
    "grossProfitRatio": 0.7485986547,
    "researchAndDevelopmentExpenses": 0,
    "generalAndAdministrativeExpenses": 1646000000,
    "sellingAndMarketingExpenses": 0,
    "sellingGeneralAndAdministrativeExpenses": 1646000000,
    "otherExpenses": 1807000000,
    "operatingExpenses": 3453000000,
    "costAndExpenses": 5247000000,
    "interestIncome": 4689000000,
    "interestExpense": 1257000000,
    "depreciationAndAmortization": 950000000,
    "ebitda": 2839000000,
    "ebitdaratio": 0.3978419283,
    "operatingIncome": 1889000000,
    "operatingIncomeRatio": 0.2647141256,
    "totalOtherIncomeExpensesNet": 0,
    "incomeBeforeTax": 1889000000,
    "incomeBeforeTaxRatio": 0.2647141256,
    "incomeTaxExpense": 708000000,
    "netIncome": 1181000000,
    "netIncomeRatio": 0.1654988789,
    "eps": 0.35,
    "epsdiluted": 0.34,
    "weightedAverageShsOut": 3406000000,
    "weightedAverageShsOutDil": 3437800000,
    "link": "https://www.sec.gov/Archives/edgar/data/72971/000091205702010174/0000912057-02-010174-index.htm",
    "finalLink": "https://www.sec.gov/Archives/edgar/data/72971/000091205702010174/a2072635z10-k.txt"
  },
  {
    "date": "2001-09-30",
    "symbol": "WFC",
    "reportedCurrency": "USD",
    "cik": "0000072971",
    "fillingDate": "2001-11-09",
    "acceptedDate": "2001-11-09 00:00:00",
    "calendarYear": "2001",
    "period": "Q3",
    "revenue": 7099000000,
    "costOfRevenue": 2070000000,
    "grossProfit": 5029000000,
    "grossProfitRatio": 0.7084096352,
    "researchAndDevelopmentExpenses": 0,
    "generalAndAdministrativeExpenses": 1558000000,
    "sellingAndMarketingExpenses": 0,
    "sellingGeneralAndAdministrativeExpenses": 1558000000,
    "otherExpenses": 1629000000,
    "operatingExpenses": 3187000000,
    "costAndExpenses": 5257000000,
    "interestIncome": 4816000000,
    "interestExpense": 1615000000,
    "depreciationAndAmortization": 730000000,
    "ebitda": 2572000000,
    "ebitdaratio": 0.3623045499,
    "operatingIncome": 1842000000,
    "operatingIncomeRatio": 0.2594731652,
    "totalOtherIncomeExpensesNet": 0,
    "incomeBeforeTax": 1842000000,
    "incomeBeforeTaxRatio": 0.2594731652,
    "incomeTaxExpense": 678000000,
    "netIncome": 1164000000,
    "netIncomeRatio": 0.1639667559,
    "eps": 0.34,
    "epsdiluted": 0.34,
    "weightedAverageShsOut": 3421200000,
    "weightedAverageShsOutDil": 3453800000,
    "link": "https://www.sec.gov/Archives/edgar/data/72971/000091205701538509/0000912057-01-538509-index.htm",
    "finalLink": "https://www.sec.gov/Archives/edgar/data/72971/000091205701538509/a2062316z10-q.txt"
  },
  {
    "date": "2001-06-30",
    "symbol": "WFC",
    "reportedCurrency": "USD",
    "cik": "0000072971",
    "fillingDate": "2001-08-07",
    "acceptedDate": "2001-08-07 00:00:00",
    "calendarYear": "2001",
    "period": "Q2",
    "revenue": 5361000000,
    "costOfRevenue": 2235000000,
    "grossProfit": 3126000000,
    "grossProfitRatio": 0.5831001679,
    "researchAndDevelopmentExpenses": 0,
    "generalAndAdministrativeExpenses": 1519000000,
    "sellingAndMarketingExpenses": 0,
    "sellingGeneralAndAdministrativeExpenses": 1519000000,
    "otherExpenses": 1736000000,
    "operatingExpenses": 3255000000,
    "costAndExpenses": 5490000000,
    "interestIncome": 4816000000,
    "interestExpense": 1808000000,
    "depreciationAndAmortization": 800000000,
    "ebitda": 671000000,
    "ebitdaratio": 0.1251632158,
    "operatingIncome": -129000000,
    "operatingIncomeRatio": -0.0240626749,
    "totalOtherIncomeExpensesNet": 0,
    "incomeBeforeTax": -129000000,
    "incomeBeforeTaxRatio": -0.0240626749,
    "incomeTaxExpense": -42000000,
    "netIncome": -87000000,
    "netIncomeRatio": -0.0162283156,
    "eps": -0.025,
    "epsdiluted": -0.025,
    "weightedAverageShsOut": 3429800000,
    "weightedAverageShsOutDil": 3429800000,
    "link": "https://www.sec.gov/Archives/edgar/data/72971/000091205701526885/0000912057-01-526885-index.html",
    "finalLink": "https://www.sec.gov/Archives/edgar/data/72971/000091205701526885/a2055559z10-q.txt"
  },
  {
    "date": "2001-03-31",
    "symbol": "WFC",
    "reportedCurrency": "USD",
    "cik": "0000072971",
    "fillingDate": "2001-05-15",
    "acceptedDate": "2001-05-15 00:00:00",
    "calendarYear": "2001",
    "period": "Q1",
    "revenue": 7295000000,
    "costOfRevenue": 2422000000,
    "grossProfit": 4873000000,
    "grossProfitRatio": 0.6679917752,
    "researchAndDevelopmentExpenses": 0,
    "generalAndAdministrativeExpenses": 1459000000,
    "sellingAndMarketingExpenses": 0,
    "sellingGeneralAndAdministrativeExpenses": 1459000000,
    "otherExpenses": 1537000000,
    "operatingExpenses": 2996000000,
    "costAndExpenses": 5418000000,
    "interestIncome": 4881000000,
    "interestExpense": 2061000000,
    "depreciationAndAmortization": 481000000,
    "ebitda": 2358000000,
    "ebitdaratio": 0.3232350925,
    "operatingIncome": 1877000000,
    "operatingIncomeRatio": 0.2572995202,
    "totalOtherIncomeExpensesNet": 0,
    "incomeBeforeTax": 1877000000,
    "incomeBeforeTaxRatio": 0.2572995202,
    "incomeTaxExpense": 712000000,
    "netIncome": 1165000000,
    "netIncomeRatio": 0.1596984236,
    "eps": 0.34,
    "epsdiluted": 0.34,
    "weightedAverageShsOut": 3431800000,
    "weightedAverageShsOutDil": 3477400000,
    "link": "https://www.sec.gov/Archives/edgar/data/72971/000091205701515897/0000912057-01-515897-index.html",
    "finalLink": "https://www.sec.gov/Archives/edgar/data/72971/000091205701515897/a2047927z10-q.txt"
  },
  {
    "date": "2000-12-31",
    "symbol": "WFC",
    "reportedCurrency": "USD",
    "cik": "0000072971",
    "fillingDate": "2001-03-16",
    "acceptedDate": "2001-03-16 00:00:00",
    "calendarYear": "2000",
    "period": "Q4",
    "revenue": 8856000000,
    "costOfRevenue": 3357000000,
    "grossProfit": 5499000000,
    "grossProfitRatio": 0.6209349593,
    "researchAndDevelopmentExpenses": 0,
    "generalAndAdministrativeExpenses": 1822000000,
    "sellingAndMarketingExpenses": 0,
    "sellingGeneralAndAdministrativeExpenses": 1822000000,
    "otherExpenses": 2210000000,
    "operatingExpenses": 4032000000,
    "costAndExpenses": 7389000000,
    "interestIncome": 6205000000,
    "interestExpense": 2831000000,
    "depreciationAndAmortization": 658000000,
    "ebitda": 2125000000,
    "ebitdaratio": 0.2399503162,
    "operatingIncome": 1467000000,
    "operatingIncomeRatio": 0.1656504065,
    "totalOtherIncomeExpensesNet": 0,
    "incomeBeforeTax": 1467000000,
    "incomeBeforeTaxRatio": 0.1656504065,
    "incomeTaxExpense": 560000000,
    "netIncome": 907000000,
    "netIncomeRatio": 0.1024164408,
    "eps": 0.26,
    "epsdiluted": 0.26,
    "weightedAverageShsOut": 3431800000,
    "weightedAverageShsOutDil": 3477400000,
    "link": "https://www.sec.gov/Archives/edgar/data/72971/000091205701504042/0000912057-01-504042-index.html",
    "finalLink": "https://www.sec.gov/Archives/edgar/data/72971/000091205701504042/a2040410z10-k.txt"
  },
  {
    "date": "2000-09-30",
    "symbol": "WFC",
    "reportedCurrency": "USD",
    "cik": "0000072971",
    "fillingDate": "2000-11-14",
    "acceptedDate": "2000-11-14 00:00:00",
    "calendarYear": "2000",
    "period": "Q3",
    "revenue": 6925000000,
    "costOfRevenue": 2520000000,
    "grossProfit": 4405000000,
    "grossProfitRatio": 0.636101083,
    "researchAndDevelopmentExpenses": 0,
    "generalAndAdministrativeExpenses": 1457000000,
    "sellingAndMarketingExpenses": 0,
    "sellingGeneralAndAdministrativeExpenses": 1457000000,
    "otherExpenses": 1567000000,
    "operatingExpenses": 3024000000,
    "costAndExpenses": 5544000000,
    "interestIncome": 4870000000,
    "interestExpense": 2095000000,
    "depreciationAndAmortization": 456000000,
    "ebitda": 1837000000,
    "ebitdaratio": 0.2652707581,
    "operatingIncome": 1381000000,
    "operatingIncomeRatio": 0.1994223827,
    "totalOtherIncomeExpensesNet": 0,
    "incomeBeforeTax": 1381000000,
    "incomeBeforeTaxRatio": 0.1994223827,
    "incomeTaxExpense": 560000000,
    "netIncome": 821000000,
    "netIncomeRatio": 0.1185559567,
    "eps": 0.24,
    "epsdiluted": 0.24,
    "weightedAverageShsOut": 3275400000,
    "weightedAverageShsOutDil": 3314000000,
    "link": "https://www.sec.gov/Archives/edgar/data/72971/000091205700049918/0000912057-00-049918-index.html",
    "finalLink": "https://www.sec.gov/Archives/edgar/data/72971/000091205700049918/a2029568z10-q.txt"
  },
  {
    "date": "2000-06-30",
    "symbol": "WFC",
    "reportedCurrency": "USD",
    "cik": "0000072971",
    "fillingDate": "2000-08-11",
    "acceptedDate": "2000-08-11 00:00:00",
    "calendarYear": "2000",
    "period": "Q2",
    "revenue": 6199000000,
    "costOfRevenue": 1897000000,
    "grossProfit": 4302000000,
    "grossProfitRatio": 0.6939829005,
    "researchAndDevelopmentExpenses": 0,
    "generalAndAdministrativeExpenses": 1219000000,
    "sellingAndMarketingExpenses": 0,
    "sellingGeneralAndAdministrativeExpenses": 1219000000,
    "otherExpenses": 1407000000,
    "operatingExpenses": 2626000000,
    "costAndExpenses": 4523000000,
    "interestIncome": 4107000000,
    "interestExpense": 1637000000,
    "depreciationAndAmortization": 329000000,
    "ebitda": 2005000000,
    "ebitdaratio": 0.3234392644,
    "operatingIncome": 1676000000,
    "operatingIncomeRatio": 0.2703661881,
    "totalOtherIncomeExpensesNet": 0,
    "incomeBeforeTax": 1676000000,
    "incomeBeforeTaxRatio": 0.2703661881,
    "incomeTaxExpense": 637000000,
    "netIncome": 1039000000,
    "netIncomeRatio": 0.1676076787,
    "eps": 0.32,
    "epsdiluted": 0.32,
    "weightedAverageShsOut": 3226000000,
    "weightedAverageShsOutDil": 3263600000,
    "link": "https://www.sec.gov/Archives/edgar/data/72971/000091205700036695/0000912057-00-036695-index.html",
    "finalLink": "https://www.sec.gov/Archives/edgar/data/72971/000091205700036695/a10-q.txt"
  },
  {
    "date": "2000-03-31",
    "symbol": "WFC",
    "reportedCurrency": "USD",
    "cik": "0000072971",
    "fillingDate": "2000-05-15",
    "acceptedDate": "2000-05-15 00:00:00",
    "calendarYear": "2000",
    "period": "Q1",
    "revenue": 6421000000,
    "costOfRevenue": 2022000000,
    "grossProfit": 4399000000,
    "grossProfitRatio": 0.6850957795,
    "researchAndDevelopmentExpenses": 0,
    "generalAndAdministrativeExpenses": 1304000000,
    "sellingAndMarketingExpenses": 0,
    "sellingGeneralAndAdministrativeExpenses": 1304000000,
    "otherExpenses": 1432000000,
    "operatingExpenses": 2736000000,
    "costAndExpenses": 4758000000,
    "interestIncome": 4378000000,
    "interestExpense": 1746000000,
    "depreciationAndAmortization": 421000000,
    "ebitda": 2084000000,
    "ebitdaratio": 0.3245600374,
    "operatingIncome": 1663000000,
    "operatingIncomeRatio": 0.2589939262,
    "totalOtherIncomeExpensesNet": 0,
    "incomeBeforeTax": 1663000000,
    "incomeBeforeTaxRatio": 0.2589939262,
    "incomeTaxExpense": 623000000,
    "netIncome": 1040000000,
    "netIncomeRatio": 0.1619685407,
    "eps": 0.31,
    "epsdiluted": 0.31,
    "weightedAverageShsOut": 3393400000,
    "weightedAverageShsOutDil": 3422600000,
    "link": "https://www.sec.gov/Archives/edgar/data/72971/000091205700024764/0000912057-00-024764-index.htm",
    "finalLink": "https://www.sec.gov/Archives/edgar/data/72971/000091205700024764/0000912057-00-024764.txt"
  },
  {
    "date": "1999-12-31",
    "symbol": "WFC",
    "reportedCurrency": "USD",
    "cik": "0000072971",
    "fillingDate": "2000-03-17",
    "acceptedDate": "2000-03-17 00:00:00",
    "calendarYear": "1999",
    "period": "Q4",
    "revenue": 5820000000,
    "costOfRevenue": 1629000000,
    "grossProfit": 4191000000,
    "grossProfitRatio": 0.7201030928,
    "researchAndDevelopmentExpenses": 0,
    "generalAndAdministrativeExpenses": 1128000000,
    "sellingAndMarketingExpenses": 0,
    "sellingGeneralAndAdministrativeExpenses": 1128000000,
    "otherExpenses": 1530000000,
    "operatingExpenses": 2658000000,
    "costAndExpenses": 4287000000,
    "interestIncome": 3750000000,
    "interestExpense": 1354000000,
    "depreciationAndAmortization": 401000000,
    "ebitda": 1934000000,
    "ebitdaratio": 0.3323024055,
    "operatingIncome": 1533000000,
    "operatingIncomeRatio": 0.2634020619,
    "totalOtherIncomeExpensesNet": 0,
    "incomeBeforeTax": 1533000000,
    "incomeBeforeTaxRatio": 0.2634020619,
    "incomeTaxExpense": 563000000,
    "netIncome": 970000000,
    "netIncomeRatio": 0.1666666667,
    "eps": 0.3,
    "epsdiluted": 0.3,
    "weightedAverageShsOut": 3254200000,
    "weightedAverageShsOutDil": 3280400000,
    "link": "https://www.sec.gov/Archives/edgar/data/72971/000091205700012168/0000912057-00-012168-index.htm",
    "finalLink": "https://www.sec.gov/Archives/edgar/data/72971/000091205700012168/0000912057-00-012168.txt"
  },
  {
    "date": "1999-09-30",
    "symbol": "WFC",
    "reportedCurrency": "USD",
    "cik": "0000072971",
    "fillingDate": "1999-11-15",
    "acceptedDate": "1999-11-15 00:00:00",
    "calendarYear": "1999",
    "period": "Q3",
    "revenue": 5450000000,
    "costOfRevenue": 1499000000,
    "grossProfit": 3951000000,
    "grossProfitRatio": 0.7249541284,
    "researchAndDevelopmentExpenses": 0,
    "generalAndAdministrativeExpenses": 1108000000,
    "sellingAndMarketingExpenses": 0,
    "sellingGeneralAndAdministrativeExpenses": 1108000000,
    "otherExpenses": 1310000000,
    "operatingExpenses": 2418000000,
    "costAndExpenses": 3917000000,
    "interestIncome": 3641000000,
    "interestExpense": 1259000000,
    "depreciationAndAmortization": 456000000,
    "ebitda": 1989000000,
    "ebitdaratio": 0.3649541284,
    "operatingIncome": 1533000000,
    "operatingIncomeRatio": 0.2812844037,
    "totalOtherIncomeExpensesNet": 0,
    "incomeBeforeTax": 1533000000,
    "incomeBeforeTaxRatio": 0.2812844037,
    "incomeTaxExpense": 571000000,
    "netIncome": 962000000,
    "netIncomeRatio": 0.1765137615,
    "eps": 0.29,
    "epsdiluted": 0.28,
    "weightedAverageShsOut": 3297200000,
    "weightedAverageShsOutDil": 3334200000,
    "link": "https://www.sec.gov/Archives/edgar/data/72971/000091205799006216/0000912057-99-006216-index.htm",
    "finalLink": "https://www.sec.gov/Archives/edgar/data/72971/000091205799006216/0000912057-99-006216.txt"
  },
  {
    "date": "1999-06-30",
    "symbol": "WFC",
    "reportedCurrency": "USD",
    "cik": "0000072971",
    "fillingDate": "1999-08-16",
    "acceptedDate": "1999-08-16 00:00:00",
    "calendarYear": "1999",
    "period": "Q2",
    "revenue": 5310000000,
    "costOfRevenue": 1445000000,
    "grossProfit": 3865000000,
    "grossProfitRatio": 0.7278719397,
    "researchAndDevelopmentExpenses": 0,
    "generalAndAdministrativeExpenses": 1102000000,
    "sellingAndMarketingExpenses": 0,
    "sellingGeneralAndAdministrativeExpenses": 1102000000,
    "otherExpenses": 1262000000,
    "operatingExpenses": 2364000000,
    "costAndExpenses": 3809000000,
    "interestIncome": 3496000000,
    "interestExpense": 1185000000,
    "depreciationAndAmortization": 737000000,
    "ebitda": 2238000000,
    "ebitdaratio": 0.4214689266,
    "operatingIncome": 1501000000,
    "operatingIncomeRatio": 0.2826741996,
    "totalOtherIncomeExpensesNet": 0,
    "incomeBeforeTax": 1501000000,
    "incomeBeforeTaxRatio": 0.2826741996,
    "incomeTaxExpense": 570000000,
    "netIncome": 931000000,
    "netIncomeRatio": 0.1753295669,
    "eps": 0.28,
    "epsdiluted": 0.28,
    "weightedAverageShsOut": 3302800000,
    "weightedAverageShsOutDil": 3344600000,
    "link": "https://www.sec.gov/Archives/edgar/data/72971/000104746999032522/0001047469-99-032522-index.htm",
    "finalLink": "https://www.sec.gov/Archives/edgar/data/72971/000104746999032522/0001047469-99-032522.txt"
  },
  {
    "date": "1999-03-31",
    "symbol": "WFC",
    "reportedCurrency": "USD",
    "cik": "0000072971",
    "fillingDate": "1999-05-17",
    "acceptedDate": "1999-05-17 00:00:00",
    "calendarYear": "1999",
    "period": "Q1",
    "revenue": 5215000000,
    "costOfRevenue": 1492000000,
    "grossProfit": 3723000000,
    "grossProfitRatio": 0.7139022052,
    "researchAndDevelopmentExpenses": 0,
    "generalAndAdministrativeExpenses": 1058000000,
    "sellingAndMarketingExpenses": 0,
    "sellingGeneralAndAdministrativeExpenses": 1058000000,
    "otherExpenses": 1284000000,
    "operatingExpenses": 2342000000,
    "costAndExpenses": 3834000000,
    "interestIncome": 3488000000,
    "interestExpense": 1222000000,
    "depreciationAndAmortization": 299000000,
    "ebitda": 1680000000,
    "ebitdaratio": 0.322147651,
    "operatingIncome": 1381000000,
    "operatingIncomeRatio": 0.2648130393,
    "totalOtherIncomeExpensesNet": 0,
    "incomeBeforeTax": 1381000000,
    "incomeBeforeTaxRatio": 0.2648130393,
    "incomeTaxExpense": 497000000,
    "netIncome": 884000000,
    "netIncomeRatio": 0.1695110259,
    "eps": 0.27,
    "epsdiluted": 0.27,
    "weightedAverageShsOut": 3294200000,
    "weightedAverageShsOutDil": 3328400000,
    "link": "https://www.sec.gov/Archives/edgar/data/72971/000104746999021270/0001047469-99-021270-index.htm",
    "finalLink": "https://www.sec.gov/Archives/edgar/data/72971/0001047469-99-021270.txt"
  },
  {
    "date": "1998-12-31",
    "symbol": "WFC",
    "reportedCurrency": "USD",
    "cik": "0000072971",
    "fillingDate": "1999-03-17",
    "acceptedDate": "1999-03-17 00:00:00",
    "calendarYear": "1998",
    "period": "Q4",
    "revenue": 12392900000,
    "costOfRevenue": 4023300000,
    "grossProfit": 8369600000,
    "grossProfitRatio": 0.6753544368,
    "researchAndDevelopmentExpenses": 0,
    "generalAndAdministrativeExpenses": 2296100000,
    "sellingAndMarketingExpenses": 0,
    "sellingGeneralAndAdministrativeExpenses": 2097000000,
    "otherExpenses": 4681200000,
    "operatingExpenses": 6778200000,
    "costAndExpenses": 10801500000,
    "interestIncome": 8615900000,
    "interestExpense": 2889000000,
    "depreciationAndAmortization": 210600000,
    "ebitda": 1802000000,
    "ebitdaratio": 0.1454058372,
    "operatingIncome": 1591400000,
    "operatingIncomeRatio": 0.128412236,
    "totalOtherIncomeExpensesNet": 0,
    "incomeBeforeTax": 1591400000,
    "incomeBeforeTaxRatio": 0.128412236,
    "incomeTaxExpense": 784100000,
    "netIncome": 807300000,
    "netIncomeRatio": 0.0651421378,
    "eps": 0.25,
    "epsdiluted": 0.24,
    "weightedAverageShsOut": 3294200000,
    "weightedAverageShsOutDil": 3328400000,
    "link": "https://www.sec.gov/Archives/edgar/data/72971/000104746999010171/0001047469-99-010171-index.htm",
    "finalLink": "https://www.sec.gov/Archives/edgar/data/72971/0001047469-99-010171.txt"
  },
  {
    "date": "1998-09-30",
    "symbol": "WFC",
    "reportedCurrency": "USD",
    "cik": "0000072971",
    "fillingDate": "1998-11-13",
    "acceptedDate": "1998-11-13 00:00:00",
    "calendarYear": "1998",
    "period": "Q3",
    "revenue": 5149000000,
    "costOfRevenue": 1572000000,
    "grossProfit": 3577000000,
    "grossProfitRatio": 0.6946979996,
    "researchAndDevelopmentExpenses": 0,
    "generalAndAdministrativeExpenses": 1061000000,
    "sellingAndMarketingExpenses": 0,
    "sellingGeneralAndAdministrativeExpenses": 1061000000,
    "otherExpenses": 1286000000,
    "operatingExpenses": 2347000000,
    "costAndExpenses": 3919000000,
    "interestIncome": 3528000000,
    "interestExpense": 1265000000,
    "depreciationAndAmortization": 609000000,
    "ebitda": 1839000000,
    "ebitdaratio": 0.3571567295,
    "operatingIncome": 1230000000,
    "operatingIncomeRatio": 0.2388813362,
    "totalOtherIncomeExpensesNet": 0,
    "incomeBeforeTax": 1230000000,
    "incomeBeforeTaxRatio": 0.2388813362,
    "incomeTaxExpense": 488000000,
    "netIncome": 742000000,
    "netIncomeRatio": 0.1441056516,
    "eps": 0.23,
    "epsdiluted": 0.23,
    "weightedAverageShsOut": 1512041000,
    "weightedAverageShsOutDil": 1543542000,
    "link": "https://www.sec.gov/Archives/edgar/data/72971/000007297198000075/0000072971-98-000075-index.htm",
    "finalLink": "https://www.sec.gov/Archives/edgar/data/72971/0000072971-98-000075.txt"
  },
  {
    "date": "1998-06-30",
    "symbol": "WFC",
    "reportedCurrency": "USD",
    "cik": "0000072971",
    "fillingDate": "1998-08-14",
    "acceptedDate": "1998-08-14 00:00:00",
    "calendarYear": "1998",
    "period": "Q2",
    "revenue": 5205000000,
    "costOfRevenue": 1567000000,
    "grossProfit": 3638000000,
    "grossProfitRatio": 0.6989433237,
    "researchAndDevelopmentExpenses": 0,
    "generalAndAdministrativeExpenses": 1054000000,
    "sellingAndMarketingExpenses": 0,
    "sellingGeneralAndAdministrativeExpenses": 1054000000,
    "otherExpenses": 1398000000,
    "operatingExpenses": 2452000000,
    "costAndExpenses": 4019000000,
    "interestIncome": 3490000000,
    "interestExpense": 1258000000,
    "depreciationAndAmortization": 571000000,
    "ebitda": 1757000000,
    "ebitdaratio": 0.3375600384,
    "operatingIncome": 1186000000,
    "operatingIncomeRatio": 0.227857829,
    "totalOtherIncomeExpensesNet": 0,
    "incomeBeforeTax": 1186000000,
    "incomeBeforeTaxRatio": 0.227857829,
    "incomeTaxExpense": 467000000,
    "netIncome": 719000000,
    "netIncomeRatio": 0.1381364073,
    "eps": 0.22,
    "epsdiluted": 0.22,
    "weightedAverageShsOut": 1513750000,
    "weightedAverageShsOutDil": 1545957000,
    "link": "https://www.sec.gov/Archives/edgar/data/72971/000007297198000061/0000072971-98-000061-index.htm",
    "finalLink": "https://www.sec.gov/Archives/edgar/data/72971/0000072971-98-000061.txt"
  },
  {
    "date": "1998-03-31",
    "symbol": "WFC",
    "reportedCurrency": "USD",
    "cik": "0000072971",
    "fillingDate": "1998-05-13",
    "acceptedDate": "1998-05-13 00:00:00",
    "calendarYear": "1998",
    "period": "Q1",
    "revenue": 4972000000,
    "costOfRevenue": 1550000000,
    "grossProfit": 3422000000,
    "grossProfitRatio": 0.6882542237,
    "researchAndDevelopmentExpenses": 0,
    "generalAndAdministrativeExpenses": 1007000000,
    "sellingAndMarketingExpenses": 0,
    "sellingGeneralAndAdministrativeExpenses": 1007000000,
    "otherExpenses": 1289000000,
    "operatingExpenses": 2296000000,
    "costAndExpenses": 3846000000,
    "interestIncome": 3439000000,
    "interestExpense": 1245000000,
    "depreciationAndAmortization": 466000000,
    "ebitda": 1592000000,
    "ebitdaratio": 0.3201930813,
    "operatingIncome": 1126000000,
    "operatingIncomeRatio": 0.226468222,
    "totalOtherIncomeExpensesNet": 0,
    "incomeBeforeTax": 1126000000,
    "incomeBeforeTaxRatio": 0.226468222,
    "incomeTaxExpense": 442000000,
    "netIncome": 684000000,
    "netIncomeRatio": 0.1375703942,
    "eps": 0.21,
    "epsdiluted": 0.21,
    "weightedAverageShsOut": 1515222000,
    "weightedAverageShsOutDil": 1515222000,
    "link": "https://www.sec.gov/Archives/edgar/data/72971/000007297198000039/0000072971-98-000039-index.htm",
    "finalLink": "https://www.sec.gov/Archives/edgar/data/72971/0000072971-98-000039.txt"
  },
  {
    "date": "1997-12-31",
    "symbol": "WFC",
    "reportedCurrency": "USD",
    "cik": "0000072971",
    "fillingDate": "1998-02-27",
    "acceptedDate": "1998-02-27 00:00:00",
    "calendarYear": "1997",
    "period": "Q4",
    "revenue": 2503500000,
    "costOfRevenue": 829100000,
    "grossProfit": 1674400000,
    "grossProfitRatio": 0.6688236469,
    "researchAndDevelopmentExpenses": 0,
    "generalAndAdministrativeExpenses": 636400000,
    "sellingAndMarketingExpenses": 0,
    "sellingGeneralAndAdministrativeExpenses": 451000000,
    "otherExpenses": 697800000,
    "operatingExpenses": 1148800000,
    "costAndExpenses": 1977900000,
    "interestIncome": 1735600000,
    "interestExpense": 682900000,
    "depreciationAndAmortization": 249900000,
    "ebitda": 775500000,
    "ebitdaratio": 0.3097663271,
    "operatingIncome": 525600000,
    "operatingIncomeRatio": 0.2099460755,
    "totalOtherIncomeExpensesNet": 0,
    "incomeBeforeTax": 525600000,
    "incomeBeforeTaxRatio": 0.2099460755,
    "incomeTaxExpense": 169500000,
    "netIncome": 356100000,
    "netIncomeRatio": 0.1422408628,
    "eps": 0.24,
    "epsdiluted": 0.23,
    "weightedAverageShsOut": 1513750000,
    "weightedAverageShsOutDil": 1545957000,
    "link": "https://www.sec.gov/Archives/edgar/data/72971/000104596998000259/0001045969-98-000259-index.htm",
    "finalLink": "https://www.sec.gov/Archives/edgar/data/72971/0001045969-98-000259.txt"
  },
  {
    "date": "1997-09-30",
    "symbol": "WFC",
    "reportedCurrency": "USD",
    "cik": "0000072971",
    "fillingDate": "1997-11-13",
    "acceptedDate": "1997-11-13 00:00:00",
    "calendarYear": "1997",
    "period": "Q3",
    "revenue": 2446300000,
    "costOfRevenue": 817000000,
    "grossProfit": 1629300000,
    "grossProfitRatio": 0.6660262437,
    "researchAndDevelopmentExpenses": 0,
    "generalAndAdministrativeExpenses": 608000000,
    "sellingAndMarketingExpenses": 63300000,
    "sellingGeneralAndAdministrativeExpenses": 671300000,
    "otherExpenses": 440000000,
    "operatingExpenses": 1111300000,
    "costAndExpenses": 1928300000,
    "interestIncome": 1692900000,
    "interestExpense": 670300000,
    "depreciationAndAmortization": 197300000,
    "ebitda": 715300000,
    "ebitdaratio": 0.2924007685,
    "operatingIncome": 518000000,
    "operatingIncomeRatio": 0.2117483547,
    "totalOtherIncomeExpensesNet": 0,
    "incomeBeforeTax": 518000000,
    "incomeBeforeTaxRatio": 0.2117483547,
    "incomeTaxExpense": 176400000,
    "netIncome": 341600000,
    "netIncomeRatio": 0.1396394555,
    "eps": 0.23,
    "epsdiluted": 0.22,
    "weightedAverageShsOut": 1498667000,
    "weightedAverageShsOutDil": 1532727000,
    "link": "https://www.sec.gov/Archives/edgar/data/72971/000007297197000102/0000072971-97-000102-index.htm",
    "finalLink": "https://www.sec.gov/Archives/edgar/data/72971/0000072971-97-000102.txt"
  },
  {
    "date": "1997-06-30",
    "symbol": "WFC",
    "reportedCurrency": "USD",
    "cik": "0000072971",
    "fillingDate": "1997-08-13",
    "acceptedDate": "1997-08-13 00:00:00",
    "calendarYear": "1997",
    "period": "Q2",
    "revenue": 2417900000,
    "costOfRevenue": 784500000,
    "grossProfit": 1633400000,
    "grossProfitRatio": 0.6755448943,
    "researchAndDevelopmentExpenses": 0,
    "generalAndAdministrativeExpenses": 569900000,
    "sellingAndMarketingExpenses": 63700000,
    "sellingGeneralAndAdministrativeExpenses": 633600000,
    "otherExpenses": 486100000,
    "operatingExpenses": 1119700000,
    "costAndExpenses": 1904200000,
    "interestIncome": 1661500000,
    "interestExpense": 661700000,
    "depreciationAndAmortization": 227600000,
    "ebitda": 741300000,
    "ebitdaratio": 0.3065883618,
    "operatingIncome": 513700000,
    "operatingIncomeRatio": 0.2124570909,
    "totalOtherIncomeExpensesNet": 0,
    "incomeBeforeTax": 513700000,
    "incomeBeforeTaxRatio": 0.2124570909,
    "incomeTaxExpense": 182300000,
    "netIncome": 331400000,
    "netIncomeRatio": 0.1370610861,
    "eps": 0.22,
    "epsdiluted": 0.22,
    "weightedAverageShsOut": 1520930000,
    "weightedAverageShsOutDil": 1520930000,
    "link": "https://www.sec.gov/Archives/edgar/data/72971/000007297197000088/0000072971-97-000088-index.htm",
    "finalLink": "https://www.sec.gov/Archives/edgar/data/72971/0000072971-97-000088.txt"
  },
  {
    "date": "1997-03-31",
    "symbol": "WFC",
    "reportedCurrency": "USD",
    "cik": "0000072971",
    "fillingDate": "1997-05-14",
    "acceptedDate": "1997-05-14 00:00:00",
    "calendarYear": "1997",
    "period": "Q1",
    "revenue": 2298000000,
    "costOfRevenue": 758100000,
    "grossProfit": 1539900000,
    "grossProfitRatio": 0.6701044386,
    "researchAndDevelopmentExpenses": 0,
    "generalAndAdministrativeExpenses": 546600000,
    "sellingAndMarketingExpenses": 0,
    "sellingGeneralAndAdministrativeExpenses": 546600000,
    "otherExpenses": 500900000,
    "operatingExpenses": 1047500000,
    "costAndExpenses": 1805600000,
    "interestIncome": 1607400000,
    "interestExpense": 649100000,
    "depreciationAndAmortization": 178400000,
    "ebitda": 670800000,
    "ebitdaratio": 0.2919060052,
    "operatingIncome": 492400000,
    "operatingIncomeRatio": 0.2142732811,
    "totalOtherIncomeExpensesNet": 0,
    "incomeBeforeTax": 492400000,
    "incomeBeforeTaxRatio": 0.2142732811,
    "incomeTaxExpense": 170500000,
    "netIncome": 321900000,
    "netIncomeRatio": 0.140078329,
    "eps": 0.22,
    "epsdiluted": 0.21,
    "weightedAverageShsOut": 1476744000,
    "weightedAverageShsOutDil": 1511905000,
    "link": "https://www.sec.gov/Archives/edgar/data/72971/000007297197000075/0000072971-97-000075-index.htm",
    "finalLink": "https://www.sec.gov/Archives/edgar/data/72971/0000072971-97-000075.txt"
  },
  {
    "date": "1996-12-31",
    "symbol": "WFC",
    "reportedCurrency": "USD",
    "cik": "0000072971",
    "fillingDate": "1997-03-04",
    "acceptedDate": "1997-03-04 00:00:00",
    "calendarYear": "1996",
    "period": "Q4",
    "revenue": 2346300000,
    "costOfRevenue": 775500000,
    "grossProfit": 1570800000,
    "grossProfitRatio": 0.6694796062,
    "researchAndDevelopmentExpenses": 0,
    "generalAndAdministrativeExpenses": 537700000,
    "sellingAndMarketingExpenses": 0,
    "sellingGeneralAndAdministrativeExpenses": 370800000,
    "otherExpenses": 732200000,
    "operatingExpenses": 1103000000,
    "costAndExpenses": 1878500000,
    "interestIncome": 1608200000,
    "interestExpense": 661900000,
    "depreciationAndAmortization": 191900000,
    "ebitda": 659700000,
    "ebitdaratio": 0.2811660913,
    "operatingIncome": 467800000,
    "operatingIncomeRatio": 0.1993777437,
    "totalOtherIncomeExpensesNet": 0,
    "incomeBeforeTax": 467800000,
    "incomeBeforeTaxRatio": 0.1993777437,
    "incomeTaxExpense": 159700000,
    "netIncome": 308100000,
    "netIncomeRatio": 0.1313131313,
    "eps": 0.21,
    "epsdiluted": 0.2,
    "weightedAverageShsOut": 1476744000,
    "weightedAverageShsOutDil": 1511905000,
    "link": "https://www.sec.gov/Archives/edgar/data/72971/000095010997001905/0000950109-97-001905-index.htm",
    "finalLink": "https://www.sec.gov/Archives/edgar/data/72971/0000950109-97-001905.txt"
  },
  {
    "date": "1996-09-30",
    "symbol": "WFC",
    "reportedCurrency": "USD",
    "cik": "0000072971",
    "fillingDate": "1996-11-14",
    "acceptedDate": "1996-11-14 00:00:00",
    "calendarYear": "1996",
    "period": "Q3",
    "revenue": 2242900000,
    "costOfRevenue": 769300000,
    "grossProfit": 1473600000,
    "grossProfitRatio": 0.657006554,
    "researchAndDevelopmentExpenses": 0,
    "generalAndAdministrativeExpenses": 539000000,
    "sellingAndMarketingExpenses": 56800000,
    "sellingGeneralAndAdministrativeExpenses": 595800000,
    "otherExpenses": 436600000,
    "operatingExpenses": 1032400000,
    "costAndExpenses": 1801700000,
    "interestIncome": 1611100000,
    "interestExpense": 663400000,
    "depreciationAndAmortization": 192400000,
    "ebitda": 633600000,
    "ebitdaratio": 0.2824914174,
    "operatingIncome": 441200000,
    "operatingIncomeRatio": 0.196709617,
    "totalOtherIncomeExpensesNet": 0,
    "incomeBeforeTax": 441200000,
    "incomeBeforeTaxRatio": 0.196709617,
    "incomeTaxExpense": 152200000,
    "netIncome": 289000000,
    "netIncomeRatio": 0.1288510411,
    "eps": 0.19,
    "epsdiluted": 0.19,
    "weightedAverageShsOut": 1497895000,
    "weightedAverageShsOutDil": 1497895000,
    "link": "https://www.sec.gov/Archives/edgar/data/72971/000007297196000137/0000072971-96-000137-index.htm",
    "finalLink": "https://www.sec.gov/Archives/edgar/data/72971/0000072971-96-000137.txt"
  },
  {
    "date": "1996-06-30",
    "symbol": "WFC",
    "reportedCurrency": "USD",
    "cik": "0000072971",
    "fillingDate": "1996-08-13",
    "acceptedDate": "1996-08-13 00:00:00",
    "calendarYear": "1996",
    "period": "Q2",
    "revenue": 2221600000,
    "costOfRevenue": 745900000,
    "grossProfit": 1475700000,
    "grossProfitRatio": 0.6642509903,
    "researchAndDevelopmentExpenses": 0,
    "generalAndAdministrativeExpenses": 511300000,
    "sellingAndMarketingExpenses": 56900000,
    "sellingGeneralAndAdministrativeExpenses": 568200000,
    "otherExpenses": 447600000,
    "operatingExpenses": 1015800000,
    "costAndExpenses": 1761700000,
    "interestIncome": 1575000000,
    "interestExpense": 658500000,
    "depreciationAndAmortization": 160100000,
    "ebitda": 620000000,
    "ebitdaratio": 0.2790781419,
    "operatingIncome": 459900000,
    "operatingIncomeRatio": 0.2070129636,
    "totalOtherIncomeExpensesNet": 0,
    "incomeBeforeTax": 459900000,
    "incomeBeforeTaxRatio": 0.2070129636,
    "incomeTaxExpense": 174500000,
    "netIncome": 285400000,
    "netIncomeRatio": 0.1284659705,
    "eps": 0.19,
    "epsdiluted": 0.19,
    "weightedAverageShsOut": 1478947000,
    "weightedAverageShsOutDil": 1478947000,
    "link": "https://www.sec.gov/Archives/edgar/data/72971/000007297196000121/0000072971-96-000121-index.htm",
    "finalLink": "https://www.sec.gov/Archives/edgar/data/72971/0000072971-96-000121.txt"
  },
  {
    "date": "1996-03-31",
    "symbol": "WFC",
    "reportedCurrency": "USD",
    "cik": "0000072971",
    "fillingDate": "1996-05-14",
    "acceptedDate": "1996-05-14 00:00:00",
    "calendarYear": "1996",
    "period": "Q1",
    "revenue": 2076800000,
    "costOfRevenue": 721000000,
    "grossProfit": 1355800000,
    "grossProfitRatio": 0.6528312789,
    "researchAndDevelopmentExpenses": 0,
    "generalAndAdministrativeExpenses": 509100000,
    "sellingAndMarketingExpenses": 0,
    "sellingGeneralAndAdministrativeExpenses": 509100000,
    "otherExpenses": 434100000,
    "operatingExpenses": 943200000,
    "costAndExpenses": 1664200000,
    "interestIncome": 1524000000,
    "interestExpense": 633200000,
    "depreciationAndAmortization": 137200000,
    "ebitda": 549800000,
    "ebitdaratio": 0.2647342065,
    "operatingIncome": 412600000,
    "operatingIncomeRatio": 0.1986710324,
    "totalOtherIncomeExpensesNet": 0,
    "incomeBeforeTax": 412600000,
    "incomeBeforeTaxRatio": 0.1986710324,
    "incomeTaxExpense": 141200000,
    "netIncome": 271400000,
    "netIncomeRatio": 0.1306818182,
    "eps": 0.19,
    "epsdiluted": 0.19,
    "weightedAverageShsOut": 1442703000,
    "weightedAverageShsOutDil": 1442703000,
    "link": "https://www.sec.gov/Archives/edgar/data/72971/000007297196000103/0000072971-96-000103-index.htm",
    "finalLink": "https://www.sec.gov/Archives/edgar/data/72971/0000072971-96-000103.txt"
  },
  {
    "date": "1995-12-31",
    "symbol": "WFC",
    "reportedCurrency": "USD",
    "cik": "0000072971",
    "fillingDate": "1996-03-07",
    "acceptedDate": "1996-03-07 00:00:00",
    "calendarYear": "1995",
    "period": "Q4",
    "revenue": 2091700000,
    "costOfRevenue": 772300000,
    "grossProfit": 1319400000,
    "grossProfitRatio": 0.6307787924,
    "researchAndDevelopmentExpenses": 0,
    "generalAndAdministrativeExpenses": 465500000,
    "sellingAndMarketingExpenses": 0,
    "sellingGeneralAndAdministrativeExpenses": 465500000,
    "otherExpenses": 474800000,
    "operatingExpenses": 940300000,
    "costAndExpenses": 1712600000,
    "interestIncome": 1564000000,
    "interestExpense": 676400000,
    "depreciationAndAmortization": 109700000,
    "ebitda": 488800000,
    "ebitdaratio": 0.233685519,
    "operatingIncome": 379100000,
    "operatingIncomeRatio": 0.1812401396,
    "totalOtherIncomeExpensesNet": 0,
    "incomeBeforeTax": 379100000,
    "incomeBeforeTaxRatio": 0.1812401396,
    "incomeTaxExpense": 119400000,
    "netIncome": 259700000,
    "netIncomeRatio": 0.1241573839,
    "eps": 0.18,
    "epsdiluted": 0.18,
    "weightedAverageShsOut": 1443200000,
    "weightedAverageShsOutDil": 1443200000,
    "link": "https://www.sec.gov/Archives/edgar/data/72971/000095013196000962/0000950131-96-000962-index.htm",
    "finalLink": "https://www.sec.gov/Archives/edgar/data/72971/0000950131-96-000962.txt"
  },
  {
    "date": "1995-09-30",
    "symbol": "WFC",
    "reportedCurrency": "USD",
    "cik": "0000072971",
    "fillingDate": "1995-11-14",
    "acceptedDate": "1995-11-14 00:00:00",
    "calendarYear": "1995",
    "period": "Q3",
    "revenue": 1965600000,
    "costOfRevenue": 722900000,
    "grossProfit": 1242700000,
    "grossProfitRatio": 0.6322242572,
    "researchAndDevelopmentExpenses": 0,
    "generalAndAdministrativeExpenses": 455700000,
    "sellingAndMarketingExpenses": 0,
    "sellingGeneralAndAdministrativeExpenses": 455700000,
    "otherExpenses": 416200000,
    "operatingExpenses": 871900000,
    "costAndExpenses": 1594800000,
    "interestIncome": 1476200000,
    "interestExpense": 636400000,
    "depreciationAndAmortization": 77600000,
    "ebitda": 448400000,
    "ebitdaratio": 0.2281237281,
    "operatingIncome": 370800000,
    "operatingIncomeRatio": 0.1886446886,
    "totalOtherIncomeExpensesNet": 0,
    "incomeBeforeTax": 370800000,
    "incomeBeforeTaxRatio": 0.1886446886,
    "incomeTaxExpense": 125600000,
    "netIncome": 245200000,
    "netIncomeRatio": 0.1247456247,
    "eps": 0.18,
    "epsdiluted": 0.18,
    "weightedAverageShsOut": 1401143000,
    "weightedAverageShsOutDil": 1401143000,
    "link": "https://www.sec.gov/Archives/edgar/data/72971/000007297195000112/0000072971-95-000112-index.htm",
    "finalLink": "https://www.sec.gov/Archives/edgar/data/72971/0000072971-95-000112.txt"
  }
]