[
  {
    "date": "2024-12-31",
    "symbol": "WFC",
    "reportedCurrency": "USD",
    "cik": "0000072971",
    "fillingDate": "2025-02-25",
    "acceptedDate": "2025-02-25 16:36:31",
    "calendarYear": "2024",
    "period": "FY",
    "revenue": 125397000000,
    "costOfRevenue": 47435000000,
    "grossProfit": 77962000000,
    "grossProfitRatio": 0.6217214128,
    "researchAndDevelopmentExpenses": 0,
    "generalAndAdministrativeExpenses": 36362000000,
    "sellingAndMarketingExpenses": 869000000,
    "sellingGeneralAndAdministrativeExpenses": 37231000000,
    "otherExpenses": 17367000000,
    "operatingExpenses": 54598000000,
    "costAndExpenses": 102033000000,
    "interestIncome": 90777000000,
    "interestExpense": 43101000000,
    "depreciationAndAmortization": 7558000000,
    "ebitda": 30922000000,
    "ebitdaratio": 0.2465928212,
    "operatingIncome": 23364000000,
    "operatingIncomeRatio": 0.1863202469,
    "totalOtherIncomeExpensesNet": 0,
    "incomeBeforeTax": 23364000000,
    "incomeBeforeTaxRatio": 0.1863202469,
    "incomeTaxExpense": 3399000000,
    "netIncome": 19722000000,
    "netIncomeRatio": 0.1572764899,
    "eps": 5.43,
    "epsdiluted": 5.37,
    "weightedAverageShsOut": 3672626000,
    "weightedAverageShsOutDil": 3467600000,
    "link": "https://www.sec.gov/Archives/edgar/data/72971/000007297125000066/0000072971-25-000066-index.htm",
    "finalLink": "https://www.sec.gov/Archives/edgar/data/72971/000007297125000066/wfc-20241231.htm"
  },
  {
    "date": "2023-12-31",
    "symbol": "WFC",
    "reportedCurrency": "USD",
    "cik": "0000072971",
    "fillingDate": "2024-02-20",
    "acceptedDate": "2024-02-20 17:06:58",
    "calendarYear": "2023",
    "period": "FY",
    "revenue": 115340000000,
    "costOfRevenue": 38142000000,
    "grossProfit": 77198000000,
    "grossProfitRatio": 0.6693081325,
    "researchAndDevelopmentExpenses": 0,
    "generalAndAdministrativeExpenses": 36526000000,
    "sellingAndMarketingExpenses": 812000000,
    "sellingGeneralAndAdministrativeExpenses": 37338000000,
    "otherExpenses": 18224000000,
    "operatingExpenses": 55562000000,
    "costAndExpenses": 93704000000,
    "interestIncome": 85118000000,
    "interestExpense": 32743000000,
    "depreciationAndAmortization": 6271000000,
    "ebitda": 27907000000,
    "ebitdaratio": 0.2419542223,
    "operatingIncome": 21636000000,
    "operatingIncomeRatio": 0.1875845327,
    "totalOtherIncomeExpensesNet": 0,
    "incomeBeforeTax": 21636000000,
    "incomeBeforeTaxRatio": 0.1875845327,
    "incomeTaxExpense": 2607000000,
    "netIncome": 19142000000,
    "netIncomeRatio": 0.1659615051,
    "eps": 4.88,
    "epsdiluted": 4.83,
    "weightedAverageShsOut": 3688300000,
    "weightedAverageShsOutDil": 3720400000,
    "link": "https://www.sec.gov/Archives/edgar/data/72971/000007297124000064/0000072971-24-000064-index.htm",
    "finalLink": "https://www.sec.gov/Archives/edgar/data/72971/000007297124000064/wfc-20231231.htm"
  },
  {
    "date": "2022-12-31",
    "symbol": "WFC",
    "reportedCurrency": "USD",
    "cik": "0000072971",
    "fillingDate": "2023-02-21",
    "acceptedDate": "2023-02-21 17:13:29",
    "calendarYear": "2022",
    "period": "FY",
    "revenue": 83442000000,
    "costOfRevenue": 10608000000,
    "grossProfit": 72834000000,
    "grossProfitRatio": 0.8728697778,
    "researchAndDevelopmentExpenses": 0,
    "generalAndAdministrativeExpenses": 35090000000,
    "sellingAndMarketingExpenses": 505000000,
    "sellingGeneralAndAdministrativeExpenses": 35595000000,
    "otherExpenses": 21610000000,
    "operatingExpenses": 57205000000,
    "costAndExpenses": 67813000000,
    "interestIncome": 54024000000,
    "interestExpense": 9074000000,
    "depreciationAndAmortization": 6832000000,
    "ebitda": 22461000000,
    "ebitdaratio": 0.269180988,
    "operatingIncome": 15629000000,
    "operatingIncomeRatio": 0.1873037559,
    "totalOtherIncomeExpensesNet": 0,
    "incomeBeforeTax": 15629000000,
    "incomeBeforeTaxRatio": 0.1873037559,
    "incomeTaxExpense": 2251000000,
    "netIncome": 13677000000,
    "netIncomeRatio": 0.163910261,
    "eps": 3.17,
    "epsdiluted": 3.14,
    "weightedAverageShsOut": 3805200000,
    "weightedAverageShsOutDil": 3837000000,
    "link": "https://www.sec.gov/Archives/edgar/data/72971/000007297123000071/0000072971-23-000071-index.htm",
    "finalLink": "https://www.sec.gov/Archives/edgar/data/72971/000007297123000071/wfc-20221231.htm"
  },
  {
    "date": "2021-12-31",
    "symbol": "WFC",
    "reportedCurrency": "USD",
    "cik": "0000072971",
    "fillingDate": "2022-02-22",
    "acceptedDate": "2022-02-22 17:01:56",
    "calendarYear": "2021",
    "period": "FY",
    "revenue": 83081000000,
    "costOfRevenue": -240000000,
    "grossProfit": 83321000000,
    "grossProfitRatio": 1.0028887471,
    "researchAndDevelopmentExpenses": 0,
    "generalAndAdministrativeExpenses": 35541000000,
    "sellingAndMarketingExpenses": 600000000,
    "sellingGeneralAndAdministrativeExpenses": 36141000000,
    "otherExpenses": 17617000000,
    "operatingExpenses": 53758000000,
    "costAndExpenses": 53518000000,
    "interestIncome": 39694000000,
    "interestExpense": 3915000000,
    "depreciationAndAmortization": 7890000000,
    "ebitda": 37453000000,
    "ebitdaratio": 0.4508010255,
    "operatingIncome": 29563000000,
    "operatingIncomeRatio": 0.3558334637,
    "totalOtherIncomeExpensesNet": 0,
    "incomeBeforeTax": 29563000000,
    "incomeBeforeTaxRatio": 0.3558334637,
    "incomeTaxExpense": 5764000000,
    "netIncome": 22109000000,
    "netIncomeRatio": 0.2661137926,
    "eps": 4.99,
    "epsdiluted": 4.99,
    "weightedAverageShsOut": 4061900000,
    "weightedAverageShsOutDil": 4096200000,
    "link": "https://www.sec.gov/Archives/edgar/data/72971/000007297122000096/0000072971-22-000096-index.htm",
    "finalLink": "https://www.sec.gov/Archives/edgar/data/72971/000007297122000096/wfc-20211231.htm"
  },
  {
    "date": "2020-12-31",
    "symbol": "WFC",
    "reportedCurrency": "USD",
    "cik": "0000072971",
    "fillingDate": "2021-02-23",
    "acceptedDate": "2021-02-23 16:58:04",
    "calendarYear": "2020",
    "period": "FY",
    "revenue": 82227000000,
    "costOfRevenue": 22092000000,
    "grossProfit": 60135000000,
    "grossProfitRatio": 0.7313291255,
    "researchAndDevelopmentExpenses": 0,
    "generalAndAdministrativeExpenses": 34811000000,
    "sellingAndMarketingExpenses": 600000000,
    "sellingGeneralAndAdministrativeExpenses": 35411000000,
    "otherExpenses": 22219000000,
    "operatingExpenses": 57630000000,
    "costAndExpenses": 79722000000,
    "interestIncome": 47919000000,
    "interestExpense": 7963000000,
    "depreciationAndAmortization": 8219000000,
    "ebitda": 10724000000,
    "ebitdaratio": 0.1304194486,
    "operatingIncome": 2505000000,
    "operatingIncomeRatio": 0.030464446,
    "totalOtherIncomeExpensesNet": 0,
    "incomeBeforeTax": 2505000000,
    "incomeBeforeTaxRatio": 0.030464446,
    "incomeTaxExpense": -1157000000,
    "netIncome": 3377000000,
    "netIncomeRatio": 0.0410692352,
    "eps": 0.42,
    "epsdiluted": 0.41,
    "weightedAverageShsOut": 4118000000,
    "weightedAverageShsOutDil": 4134200000,
    "link": "https://www.sec.gov/Archives/edgar/data/72971/000007297121000197/0000072971-21-000197-index.htm",
    "finalLink": "https://www.sec.gov/Archives/edgar/data/72971/000007297121000197/wfc-20201231.htm"
  },
  {
    "date": "2019-12-31",
    "symbol": "WFC",
    "reportedCurrency": "USD",
    "cik": "0000072971",
    "fillingDate": "2020-02-27",
    "acceptedDate": "2020-02-26 21:51:08",
    "calendarYear": "2019",
    "period": "FY",
    "revenue": 105684000000,
    "costOfRevenue": 21539000000,
    "grossProfit": 84145000000,
    "grossProfitRatio": 0.7961943151,
    "researchAndDevelopmentExpenses": 0,
    "generalAndAdministrativeExpenses": 35128000000,
    "sellingAndMarketingExpenses": 1076000000,
    "sellingGeneralAndAdministrativeExpenses": 36204000000,
    "otherExpenses": 21974000000,
    "operatingExpenses": 58178000000,
    "costAndExpenses": 79717000000,
    "interestIncome": 66155000000,
    "interestExpense": 18852000000,
    "depreciationAndAmortization": 6573000000,
    "ebitda": 32540000000,
    "ebitdaratio": 0.3078990197,
    "operatingIncome": 25967000000,
    "operatingIncomeRatio": 0.2457041747,
    "totalOtherIncomeExpensesNet": 0,
    "incomeBeforeTax": 25967000000,
    "incomeBeforeTaxRatio": 0.2457041747,
    "incomeTaxExpense": 5761000000,
    "netIncome": 19715000000,
    "netIncomeRatio": 0.1865466863,
    "eps": 4.12,
    "epsdiluted": 4.09,
    "weightedAverageShsOut": 4393100000,
    "weightedAverageShsOutDil": 4425400000,
    "link": "https://www.sec.gov/Archives/edgar/data/72971/000007297120000217/0000072971-20-000217-index.htm",
    "finalLink": "https://www.sec.gov/Archives/edgar/data/72971/000007297120000217/wfc-12312019x10k.htm"
  },
  {
    "date": "2018-12-31",
    "symbol": "WFC",
    "reportedCurrency": "USD",
    "cik": "0000072971",
    "fillingDate": "2019-02-27",
    "acceptedDate": "2019-02-27 15:23:51",
    "calendarYear": "2018",
    "period": "FY",
    "revenue": 101060000000,
    "costOfRevenue": 16396000000,
    "grossProfit": 84664000000,
    "grossProfitRatio": 0.8377597467,
    "researchAndDevelopmentExpenses": 0,
    "generalAndAdministrativeExpenses": 33085000000,
    "sellingAndMarketingExpenses": 857000000,
    "sellingGeneralAndAdministrativeExpenses": 33942000000,
    "otherExpenses": 22184000000,
    "operatingExpenses": 56126000000,
    "costAndExpenses": 72522000000,
    "interestIncome": 64647000000,
    "interestExpense": 14652000000,
    "depreciationAndAmortization": 5593000000,
    "ebitda": 34131000000,
    "ebitdaratio": 0.3377300613,
    "operatingIncome": 28538000000,
    "operatingIncomeRatio": 0.282386701,
    "totalOtherIncomeExpensesNet": 0,
    "incomeBeforeTax": 28538000000,
    "incomeBeforeTaxRatio": 0.282386701,
    "incomeTaxExpense": 5662000000,
    "netIncome": 22393000000,
    "netIncomeRatio": 0.2215812389,
    "eps": 4.31,
    "epsdiluted": 4.28,
    "weightedAverageShsOut": 4799700000,
    "weightedAverageShsOutDil": 4838400000,
    "link": "https://www.sec.gov/Archives/edgar/data/72971/000007297119000227/0000072971-19-000227-index.htm",
    "finalLink": "https://www.sec.gov/Archives/edgar/data/72971/000007297119000227/wfc-12312018x10k.htm"
  },
  {
    "date": "2017-12-31",
    "symbol": "WFC",
    "reportedCurrency": "USD",
    "cik": "0000072971",
    "fillingDate": "2018-03-01",
    "acceptedDate": "2018-03-01 12:38:37",
    "calendarYear": "2017",
    "period": "FY",
    "revenue": 97741000000,
    "costOfRevenue": 11880000000,
    "grossProfit": 85861000000,
    "grossProfitRatio": 0.8784542822,
    "researchAndDevelopmentExpenses": 0,
    "generalAndAdministrativeExpenses": 36009000000,
    "sellingAndMarketingExpenses": 614000000,
    "sellingGeneralAndAdministrativeExpenses": 36623000000,
    "otherExpenses": 21861000000,
    "operatingExpenses": 58484000000,
    "costAndExpenses": 70364000000,
    "interestIncome": 58909000000,
    "interestExpense": 9352000000,
    "depreciationAndAmortization": 5406000000,
    "ebitda": 32783000000,
    "ebitdaratio": 0.3354068405,
    "operatingIncome": 27377000000,
    "operatingIncomeRatio": 0.2800974003,
    "totalOtherIncomeExpensesNet": 0,
    "incomeBeforeTax": 27377000000,
    "incomeBeforeTaxRatio": 0.2800974003,
    "incomeTaxExpense": 4917000000,
    "netIncome": 22183000000,
    "netIncomeRatio": 0.2269569577,
    "eps": 4.14,
    "epsdiluted": 4.1,
    "weightedAverageShsOut": 4964600000,
    "weightedAverageShsOutDil": 5017300000,
    "link": "https://www.sec.gov/Archives/edgar/data/72971/000007297118000272/0000072971-18-000272-index.html",
    "finalLink": "https://www.sec.gov/Archives/edgar/data/72971/000007297118000272/wfc-12312017x10k.htm"
  },
  {
    "date": "2016-12-31",
    "symbol": "WFC",
    "reportedCurrency": "USD",
    "cik": "0000072971",
    "fillingDate": "2017-03-01",
    "acceptedDate": "2017-03-01 13:42:47",
    "calendarYear": "2016",
    "period": "FY",
    "revenue": 94176000000,
    "costOfRevenue": 9679000000,
    "grossProfit": 84497000000,
    "grossProfitRatio": 0.8972243459,
    "researchAndDevelopmentExpenses": 0,
    "generalAndAdministrativeExpenses": 33061000000,
    "sellingAndMarketingExpenses": 0,
    "sellingGeneralAndAdministrativeExpenses": 33061000000,
    "otherExpenses": 19316000000,
    "operatingExpenses": 52377000000,
    "costAndExpenses": 62056000000,
    "interestIncome": 53663000000,
    "interestExpense": 5909000000,
    "depreciationAndAmortization": 4970000000,
    "ebitda": 37090000000,
    "ebitdaratio": 0.393837071,
    "operatingIncome": 32120000000,
    "operatingIncomeRatio": 0.3410635406,
    "totalOtherIncomeExpensesNet": 0,
    "incomeBeforeTax": 32120000000,
    "incomeBeforeTaxRatio": 0.3410635406,
    "incomeTaxExpense": 10075000000,
    "netIncome": 21938000000,
    "netIncomeRatio": 0.232946823,
    "eps": 4.03,
    "epsdiluted": 3.99,
    "weightedAverageShsOut": 5052800000,
    "weightedAverageShsOutDil": 5108300000,
    "link": "https://www.sec.gov/Archives/edgar/data/72971/000007297117000278/0000072971-17-000278-index.html",
    "finalLink": "https://www.sec.gov/Archives/edgar/data/72971/000007297117000278/wfc-12312016x10k.htm"
  },
  {
    "date": "2015-12-31",
    "symbol": "WFC",
    "reportedCurrency": "USD",
    "cik": "0000072971",
    "fillingDate": "2016-02-24",
    "acceptedDate": "2016-02-24 12:12:43",
    "calendarYear": "2015",
    "period": "FY",
    "revenue": 87803000000,
    "costOfRevenue": 6418000000,
    "grossProfit": 81385000000,
    "grossProfitRatio": 0.9269045477,
    "researchAndDevelopmentExpenses": 0,
    "generalAndAdministrativeExpenses": 31654000000,
    "sellingAndMarketingExpenses": 0,
    "sellingGeneralAndAdministrativeExpenses": 31654000000,
    "otherExpenses": 16090000000,
    "operatingExpenses": 47744000000,
    "costAndExpenses": 54162000000,
    "interestIncome": 49277000000,
    "interestExpense": 3976000000,
    "depreciationAndAmortization": 3288000000,
    "ebitda": 36929000000,
    "ebitdaratio": 0.4205892737,
    "operatingIncome": 33641000000,
    "operatingIncomeRatio": 0.3831418061,
    "totalOtherIncomeExpensesNet": 0,
    "incomeBeforeTax": 33641000000,
    "incomeBeforeTaxRatio": 0.3831418061,
    "incomeTaxExpense": 10365000000,
    "netIncome": 22894000000,
    "netIncomeRatio": 0.2607427992,
    "eps": 4.18,
    "epsdiluted": 4.12,
    "weightedAverageShsOut": 5136500000,
    "weightedAverageShsOutDil": 5209800000,
    "link": "https://www.sec.gov/Archives/edgar/data/72971/000007297116001045/0000072971-16-001045-index.html",
    "finalLink": "https://www.sec.gov/Archives/edgar/data/72971/000007297116001045/wfc-12312015x10k.htm"
  },
  {
    "date": "2014-12-31",
    "symbol": "WFC",
    "reportedCurrency": "USD",
    "cik": "0000072971",
    "fillingDate": "2015-02-25",
    "acceptedDate": "2015-02-25 13:17:09",
    "calendarYear": "2014",
    "period": "FY",
    "revenue": 85992000000,
    "costOfRevenue": 5420000000,
    "grossProfit": 80572000000,
    "grossProfitRatio": 0.936970881,
    "researchAndDevelopmentExpenses": 0,
    "generalAndAdministrativeExpenses": 30870000000,
    "sellingAndMarketingExpenses": 0,
    "sellingGeneralAndAdministrativeExpenses": 30870000000,
    "otherExpenses": 15787000000,
    "operatingExpenses": 46657000000,
    "costAndExpenses": 52077000000,
    "interestIncome": 47552000000,
    "interestExpense": 4025000000,
    "depreciationAndAmortization": 2515000000,
    "ebitda": 36430000000,
    "ebitdaratio": 0.4236440599,
    "operatingIncome": 33915000000,
    "operatingIncomeRatio": 0.3943971532,
    "totalOtherIncomeExpensesNet": 0,
    "incomeBeforeTax": 33915000000,
    "incomeBeforeTaxRatio": 0.3943971532,
    "incomeTaxExpense": 10307000000,
    "netIncome": 23057000000,
    "netIncomeRatio": 0.2681295935,
    "eps": 4.17,
    "epsdiluted": 4.1,
    "weightedAverageShsOut": 5237200000,
    "weightedAverageShsOutDil": 5324400000,
    "link": "https://www.sec.gov/Archives/edgar/data/72971/000007297115000449/0000072971-15-000449-index.htm",
    "finalLink": "https://www.sec.gov/Archives/edgar/data/72971/000007297115000449/wfc-12312014x10k.htm"
  },
  {
    "date": "2013-12-31",
    "symbol": "WFC",
    "reportedCurrency": "USD",
    "cik": "0000072971",
    "fillingDate": "2014-02-26",
    "acceptedDate": "2014-02-26 11:55:12",
    "calendarYear": "2013",
    "period": "FY",
    "revenue": 86597000000,
    "costOfRevenue": 6598000000,
    "grossProfit": 79999000000,
    "grossProfitRatio": 0.9238079841,
    "researchAndDevelopmentExpenses": 0,
    "generalAndAdministrativeExpenses": 31097000000,
    "sellingAndMarketingExpenses": 0,
    "sellingGeneralAndAdministrativeExpenses": 31097000000,
    "otherExpenses": 16273000000,
    "operatingExpenses": 47370000000,
    "costAndExpenses": 53968000000,
    "interestIncome": 47089000000,
    "interestExpense": 4289000000,
    "depreciationAndAmortization": 3293000000,
    "ebitda": 35922000000,
    "ebitdaratio": 0.4148180653,
    "operatingIncome": 32629000000,
    "operatingIncomeRatio": 0.3767913438,
    "totalOtherIncomeExpensesNet": 0,
    "incomeBeforeTax": 32629000000,
    "incomeBeforeTaxRatio": 0.3767913438,
    "incomeTaxExpense": 10405000000,
    "netIncome": 21878000000,
    "netIncomeRatio": 0.2526415465,
    "eps": 3.95,
    "epsdiluted": 3.89,
    "weightedAverageShsOut": 5287300000,
    "weightedAverageShsOutDil": 5371200000,
    "link": "https://www.sec.gov/Archives/edgar/data/72971/000007297114000337/0000072971-14-000337-index.htm",
    "finalLink": "https://www.sec.gov/Archives/edgar/data/72971/000007297114000337/wfc10k_20131231.htm"
  },
  {
    "date": "2012-12-31",
    "symbol": "WFC",
    "reportedCurrency": "USD",
    "cik": "0000072971",
    "fillingDate": "2013-02-27",
    "acceptedDate": "2013-02-27 11:07:48",
    "calendarYear": "2012",
    "period": "FY",
    "revenue": 89762000000,
    "costOfRevenue": 12378000000,
    "grossProfit": 77384000000,
    "grossProfitRatio": 0.8621020031,
    "researchAndDevelopmentExpenses": 0,
    "generalAndAdministrativeExpenses": 30160000000,
    "sellingAndMarketingExpenses": 0,
    "sellingGeneralAndAdministrativeExpenses": 30160000000,
    "otherExpenses": 18753000000,
    "operatingExpenses": 48913000000,
    "costAndExpenses": 61291000000,
    "interestIncome": 48391000000,
    "interestExpense": 5161000000,
    "depreciationAndAmortization": 2807000000,
    "ebitda": 31278000000,
    "ebitdaratio": 0.3484548027,
    "operatingIncome": 28471000000,
    "operatingIncomeRatio": 0.3171832178,
    "totalOtherIncomeExpensesNet": 0,
    "incomeBeforeTax": 28471000000,
    "incomeBeforeTaxRatio": 0.3171832178,
    "incomeTaxExpense": 9103000000,
    "netIncome": 18897000000,
    "netIncomeRatio": 0.2105233841,
    "eps": 3.4,
    "epsdiluted": 3.36,
    "weightedAverageShsOut": 5287600000,
    "weightedAverageShsOutDil": 5351500000,
    "link": "https://www.sec.gov/Archives/edgar/data/72971/000119312513078820/0001193125-13-078820-index.html",
    "finalLink": "https://www.sec.gov/Archives/edgar/data/72971/000119312513078820/d450230d10k.htm"
  },
  {
    "date": "2011-12-31",
    "symbol": "WFC",
    "reportedCurrency": "USD",
    "cik": "0000072971",
    "fillingDate": "2012-02-28",
    "acceptedDate": "2012-02-28 13:52:27",
    "calendarYear": "2011",
    "period": "FY",
    "revenue": 86115000000,
    "costOfRevenue": 14548000000,
    "grossProfit": 71567000000,
    "grossProfitRatio": 0.8310631133,
    "researchAndDevelopmentExpenses": 0,
    "generalAndAdministrativeExpenses": 28933000000,
    "sellingAndMarketingExpenses": 0,
    "sellingGeneralAndAdministrativeExpenses": 28933000000,
    "otherExpenses": 18978000000,
    "operatingExpenses": 47911000000,
    "costAndExpenses": 62459000000,
    "interestIncome": 49412000000,
    "interestExpense": 6649000000,
    "depreciationAndAmortization": 2208000000,
    "ebitda": 25864000000,
    "ebitdaratio": 0.3003425652,
    "operatingIncome": 23656000000,
    "operatingIncomeRatio": 0.2747024328,
    "totalOtherIncomeExpensesNet": 0,
    "incomeBeforeTax": 23656000000,
    "incomeBeforeTaxRatio": 0.2747024328,
    "incomeTaxExpense": 7445000000,
    "netIncome": 15869000000,
    "netIncomeRatio": 0.1842768391,
    "eps": 2.85,
    "epsdiluted": 2.82,
    "weightedAverageShsOut": 5278100000,
    "weightedAverageShsOutDil": 5323400000,
    "link": "https://www.sec.gov/Archives/edgar/data/72971/000119312512084528/0001193125-12-084528-index.html",
    "finalLink": "https://www.sec.gov/Archives/edgar/data/72971/000119312512084528/d280360d10k.htm"
  },
  {
    "date": "2010-12-31",
    "symbol": "WFC",
    "reportedCurrency": "USD",
    "cik": "0000072971",
    "fillingDate": "2011-02-25",
    "acceptedDate": "2011-02-25 14:40:28",
    "calendarYear": "2010",
    "period": "FY",
    "revenue": 92470000000,
    "costOfRevenue": 23792000000,
    "grossProfit": 68678000000,
    "grossProfitRatio": 0.7427057424,
    "researchAndDevelopmentExpenses": 0,
    "generalAndAdministrativeExpenses": 28409000000,
    "sellingAndMarketingExpenses": 0,
    "sellingGeneralAndAdministrativeExpenses": 28409000000,
    "otherExpenses": 21268000000,
    "operatingExpenses": 49677000000,
    "costAndExpenses": 73469000000,
    "interestIncome": 52796000000,
    "interestExpense": 8039000000,
    "depreciationAndAmortization": 1924000000,
    "ebitda": 20925000000,
    "ebitdaratio": 0.2262896074,
    "operatingIncome": 19001000000,
    "operatingIncomeRatio": 0.2054828593,
    "totalOtherIncomeExpensesNet": 0,
    "incomeBeforeTax": 19001000000,
    "incomeBeforeTaxRatio": 0.2054828593,
    "incomeTaxExpense": 6338000000,
    "netIncome": 12362000000,
    "netIncomeRatio": 0.1336866011,
    "eps": 2.23,
    "epsdiluted": 2.21,
    "weightedAverageShsOut": 5226800000,
    "weightedAverageShsOutDil": 5263100000,
    "link": "https://www.sec.gov/Archives/edgar/data/72971/000095012311018541/0000950123-11-018541-index.htm",
    "finalLink": "https://www.sec.gov/Archives/edgar/data/72971/000095012311018541/f56816e10vk.htm"
  },
  {
    "date": "2009-12-31",
    "symbol": "WFC",
    "reportedCurrency": "USD",
    "cik": "0000072971",
    "fillingDate": "2010-02-26",
    "acceptedDate": "2010-02-26 13:26:06",
    "calendarYear": "2009",
    "period": "FY",
    "revenue": 98451000000,
    "costOfRevenue": 31618000000,
    "grossProfit": 66833000000,
    "grossProfitRatio": 0.6788453139,
    "researchAndDevelopmentExpenses": 0,
    "generalAndAdministrativeExpenses": 28316000000,
    "sellingAndMarketingExpenses": 0,
    "sellingGeneralAndAdministrativeExpenses": 28316000000,
    "otherExpenses": 20519000000,
    "operatingExpenses": 48835000000,
    "costAndExpenses": 80453000000,
    "interestIncome": 56274000000,
    "interestExpense": 9950000000,
    "depreciationAndAmortization": 2841000000,
    "ebitda": 20839000000,
    "ebitdaratio": 0.2116687489,
    "operatingIncome": 17998000000,
    "operatingIncomeRatio": 0.1828117541,
    "totalOtherIncomeExpensesNet": 0,
    "incomeBeforeTax": 17998000000,
    "incomeBeforeTaxRatio": 0.1828117541,
    "incomeTaxExpense": 5331000000,
    "netIncome": 12275000000,
    "netIncomeRatio": 0.1246813135,
    "eps": 1.76,
    "epsdiluted": 1.75,
    "weightedAverageShsOut": 4545200000,
    "weightedAverageShsOutDil": 4562700000,
    "link": "https://www.sec.gov/Archives/edgar/data/72971/000095012310017877/0000950123-10-017877-index.html",
    "finalLink": "https://www.sec.gov/Archives/edgar/data/72971/000095012310017877/f54129e10vk.htm"
  },
  {
    "date": "2008-12-31",
    "symbol": "WFC",
    "reportedCurrency": "USD",
    "cik": "0000072971",
    "fillingDate": "2009-02-27",
    "acceptedDate": "2009-02-27 12:49:20",
    "calendarYear": "2008",
    "period": "FY",
    "revenue": 52389000000,
    "costOfRevenue": 25734000000,
    "grossProfit": 26655000000,
    "grossProfitRatio": 0.5087900132,
    "researchAndDevelopmentExpenses": 0,
    "generalAndAdministrativeExpenses": 13060000000,
    "sellingAndMarketingExpenses": 0,
    "sellingGeneralAndAdministrativeExpenses": 13060000000,
    "otherExpenses": 10295000000,
    "operatingExpenses": 23355000000,
    "costAndExpenses": 49089000000,
    "interestIncome": 34898000000,
    "interestExpense": 9755000000,
    "depreciationAndAmortization": 1669000000,
    "ebitda": 4969000000,
    "ebitdaratio": 0.0948481551,
    "operatingIncome": 3300000000,
    "operatingIncomeRatio": 0.0629903224,
    "totalOtherIncomeExpensesNet": 0,
    "incomeBeforeTax": 3300000000,
    "incomeBeforeTaxRatio": 0.0629903224,
    "incomeTaxExpense": 602000000,
    "netIncome": 2655000000,
    "netIncomeRatio": 0.0506785776,
    "eps": 0.76,
    "epsdiluted": 0.75,
    "weightedAverageShsOut": 3378100000,
    "weightedAverageShsOutDil": 3391300000,
    "link": "https://www.sec.gov/Archives/edgar/data/72971/000095013409003967/0000950134-09-003967-index.html",
    "finalLink": "https://www.sec.gov/Archives/edgar/data/72971/000095013409003967/f51597e10vk.htm"
  },
  {
    "date": "2007-12-31",
    "symbol": "WFC",
    "reportedCurrency": "USD",
    "cik": "0000072971",
    "fillingDate": "2008-02-29",
    "acceptedDate": "2008-02-29 14:21:58",
    "calendarYear": "2007",
    "period": "FY",
    "revenue": 52859000000,
    "costOfRevenue": 19142000000,
    "grossProfit": 33717000000,
    "grossProfitRatio": 0.6378667777,
    "researchAndDevelopmentExpenses": 0,
    "generalAndAdministrativeExpenses": 13402000000,
    "sellingAndMarketingExpenses": 0,
    "sellingGeneralAndAdministrativeExpenses": 13402000000,
    "otherExpenses": 8480000000,
    "operatingExpenses": 21882000000,
    "costAndExpenses": 41024000000,
    "interestIncome": 35177000000,
    "interestExpense": 14203000000,
    "depreciationAndAmortization": 1532000000,
    "ebitda": 13367000000,
    "ebitdaratio": 0.2528803042,
    "operatingIncome": 11835000000,
    "operatingIncomeRatio": 0.2238975387,
    "totalOtherIncomeExpensesNet": 0,
    "incomeBeforeTax": 11835000000,
    "incomeBeforeTaxRatio": 0.2238975387,
    "incomeTaxExpense": 3570000000,
    "netIncome": 8057000000,
    "netIncomeRatio": 0.1524243743,
    "eps": 2.41,
    "epsdiluted": 2.38,
    "weightedAverageShsOut": 3348500000,
    "weightedAverageShsOutDil": 3382800000,
    "link": "https://www.sec.gov/Archives/edgar/data/72971/000095013408003822/0000950134-08-003822-index.htm",
    "finalLink": "https://www.sec.gov/Archives/edgar/data/72971/000095013408003822/f38267e10vk.htm"
  },
  {
    "date": "2006-12-31",
    "symbol": "WFC",
    "reportedCurrency": "USD",
    "cik": "0000072971",
    "fillingDate": "2007-03-01",
    "acceptedDate": "2007-03-01 11:01:50",
    "calendarYear": "2006",
    "period": "FY",
    "revenue": 47241000000,
    "costOfRevenue": 14492000000,
    "grossProfit": 32749000000,
    "grossProfitRatio": 0.6932325734,
    "researchAndDevelopmentExpenses": 0,
    "generalAndAdministrativeExpenses": 11927000000,
    "sellingAndMarketingExpenses": 0,
    "sellingGeneralAndAdministrativeExpenses": 11927000000,
    "otherExpenses": 8172000000,
    "operatingExpenses": 20099000000,
    "costAndExpenses": 34591000000,
    "interestIncome": 32239000000,
    "interestExpense": 12288000000,
    "depreciationAndAmortization": 3221000000,
    "ebitda": 15871000000,
    "ebitdaratio": 0.3359581719,
    "operatingIncome": 12650000000,
    "operatingIncomeRatio": 0.2677758727,
    "totalOtherIncomeExpensesNet": 0,
    "incomeBeforeTax": 12650000000,
    "incomeBeforeTaxRatio": 0.2677758727,
    "incomeTaxExpense": 4230000000,
    "netIncome": 8420000000,
    "netIncomeRatio": 0.1782350077,
    "eps": 2.5,
    "epsdiluted": 2.47,
    "weightedAverageShsOut": 3368300000,
    "weightedAverageShsOutDil": 3410100000,
    "link": "https://www.sec.gov/Archives/edgar/data/72971/000095013407004518/0000950134-07-004518-index.htm",
    "finalLink": "https://www.sec.gov/Archives/edgar/data/72971/000095013407004518/f27602e10vk.htm"
  },
  {
    "date": "2005-12-31",
    "symbol": "WFC",
    "reportedCurrency": "USD",
    "cik": "0000072971",
    "fillingDate": "2006-03-09",
    "acceptedDate": "2006-03-09 17:03:03",
    "calendarYear": "2005",
    "period": "FY",
    "revenue": 39896000000,
    "costOfRevenue": 9841000000,
    "grossProfit": 30055000000,
    "grossProfitRatio": 0.7533336675,
    "researchAndDevelopmentExpenses": 0,
    "generalAndAdministrativeExpenses": 10455000000,
    "sellingAndMarketingExpenses": 0,
    "sellingGeneralAndAdministrativeExpenses": 10455000000,
    "otherExpenses": 8052000000,
    "operatingExpenses": 18507000000,
    "costAndExpenses": 28348000000,
    "interestIncome": 25962000000,
    "interestExpense": 7458000000,
    "depreciationAndAmortization": 4161000000,
    "ebitda": 15709000000,
    "ebitdaratio": 0.3937487467,
    "operatingIncome": 11548000000,
    "operatingIncomeRatio": 0.2894525767,
    "totalOtherIncomeExpensesNet": 0,
    "incomeBeforeTax": 11548000000,
    "incomeBeforeTaxRatio": 0.2894525767,
    "incomeTaxExpense": 3877000000,
    "netIncome": 7671000000,
    "netIncomeRatio": 0.1922749148,
    "eps": 2.27,
    "epsdiluted": 2.25,
    "weightedAverageShsOut": 3372600000,
    "weightedAverageShsOutDil": 3410900000,
    "link": "https://www.sec.gov/Archives/edgar/data/72971/000095014906000083/0000950149-06-000083-index.htm",
    "finalLink": "https://www.sec.gov/Archives/edgar/data/72971/000095014906000083/f17867e10vk.htm"
  },
  {
    "date": "2004-12-31",
    "symbol": "WFC",
    "reportedCurrency": "USD",
    "cik": "0000072971",
    "fillingDate": "2005-03-10",
    "acceptedDate": "2005-03-10 17:04:31",
    "calendarYear": "2004",
    "period": "FY",
    "revenue": 33482000000,
    "costOfRevenue": 5534000000,
    "grossProfit": 27948000000,
    "grossProfitRatio": 0.8347171615,
    "researchAndDevelopmentExpenses": 0,
    "generalAndAdministrativeExpenses": 8924000000,
    "sellingAndMarketingExpenses": 0,
    "sellingGeneralAndAdministrativeExpenses": 8924000000,
    "otherExpenses": 8255000000,
    "operatingExpenses": 17179000000,
    "costAndExpenses": 22713000000,
    "interestIncome": 20967000000,
    "interestExpense": 3817000000,
    "depreciationAndAmortization": 3449000000,
    "ebitda": 14218000000,
    "ebitdaratio": 0.4246460785,
    "operatingIncome": 10769000000,
    "operatingIncomeRatio": 0.3216355056,
    "totalOtherIncomeExpensesNet": 0,
    "incomeBeforeTax": 10769000000,
    "incomeBeforeTaxRatio": 0.3216355056,
    "incomeTaxExpense": 3755000000,
    "netIncome": 7014000000,
    "netIncomeRatio": 0.2094856938,
    "eps": 2.07,
    "epsdiluted": 2.05,
    "weightedAverageShsOut": 3384400000,
    "weightedAverageShsOutDil": 3426800000,
    "link": "https://www.sec.gov/Archives/edgar/data/72971/000095013405004623/0000950134-05-004623-index.htm",
    "finalLink": "https://www.sec.gov/Archives/edgar/data/72971/000095013405004623/f06409e10vk.htm"
  },
  {
    "date": "2003-12-31",
    "symbol": "WFC",
    "reportedCurrency": "USD",
    "cik": "0000072971",
    "fillingDate": "2004-03-12",
    "acceptedDate": "2004-03-12 15:31:17",
    "calendarYear": "2003",
    "period": "FY",
    "revenue": 31800000000,
    "costOfRevenue": 5133000000,
    "grossProfit": 26667000000,
    "grossProfitRatio": 0.8385849057,
    "researchAndDevelopmentExpenses": 0,
    "generalAndAdministrativeExpenses": 8446000000,
    "sellingAndMarketingExpenses": 0,
    "sellingGeneralAndAdministrativeExpenses": 8446000000,
    "otherExpenses": 8744000000,
    "operatingExpenses": 17190000000,
    "costAndExpenses": 22323000000,
    "interestIncome": 19418000000,
    "interestExpense": 3411000000,
    "depreciationAndAmortization": 4305000000,
    "ebitda": 13782000000,
    "ebitdaratio": 0.4333962264,
    "operatingIncome": 9477000000,
    "operatingIncomeRatio": 0.2980188679,
    "totalOtherIncomeExpensesNet": 0,
    "incomeBeforeTax": 9477000000,
    "incomeBeforeTaxRatio": 0.2980188679,
    "incomeTaxExpense": 3275000000,
    "netIncome": 6202000000,
    "netIncomeRatio": 0.1950314465,
    "eps": 1.85,
    "epsdiluted": 1.83,
    "weightedAverageShsOut": 3362200000,
    "weightedAverageShsOutDil": 3395000000,
    "link": "https://www.sec.gov/Archives/edgar/data/72971/000095013404003387/0000950134-04-003387-index.html",
    "finalLink": "https://www.sec.gov/Archives/edgar/data/72971/000095013404003387/f97006e10vk.htm"
  },
  {
    "date": "2002-12-31",
    "symbol": "WFC",
    "reportedCurrency": "USD",
    "cik": "0000072971",
    "fillingDate": "2003-03-14",
    "acceptedDate": "2003-03-14 13:59:09",
    "calendarYear": "2002",
    "period": "FY",
    "revenue": 29226000000,
    "costOfRevenue": 5661000000,
    "grossProfit": 23565000000,
    "grossProfitRatio": 0.8063026073,
    "researchAndDevelopmentExpenses": 0,
    "generalAndAdministrativeExpenses": 8372000000,
    "sellingAndMarketingExpenses": 0,
    "sellingGeneralAndAdministrativeExpenses": 8372000000,
    "otherExpenses": 6339000000,
    "operatingExpenses": 14711000000,
    "costAndExpenses": 20372000000,
    "interestIncome": 18459000000,
    "interestExpense": 3977000000,
    "depreciationAndAmortization": 4297000000,
    "ebitda": 13151000000,
    "ebitdaratio": 0.4499760487,
    "operatingIncome": 8854000000,
    "operatingIncomeRatio": 0.3029494286,
    "totalOtherIncomeExpensesNet": 0,
    "incomeBeforeTax": 8854000000,
    "incomeBeforeTaxRatio": 0.3029494286,
    "incomeTaxExpense": 3144000000,
    "netIncome": 5434000000,
    "netIncomeRatio": 0.185930336,
    "eps": 1.6,
    "epsdiluted": 1.58,
    "weightedAverageShsOut": 3402200000,
    "weightedAverageShsOutDil": 3436000000,
    "link": "https://www.sec.gov/Archives/edgar/data/72971/000104746903008749/0001047469-03-008749-index.htm",
    "finalLink": "https://www.sec.gov/Archives/edgar/data/72971/000104746903008749/a2104743z10-k.htm"
  },
  {
    "date": "2001-12-31",
    "symbol": "WFC",
    "reportedCurrency": "USD",
    "cik": "0000072971",
    "fillingDate": "2002-03-15",
    "acceptedDate": "2002-03-15 00:00:00",
    "calendarYear": "2001",
    "period": "FY",
    "revenue": 27722000000,
    "costOfRevenue": 8468000000,
    "grossProfit": 19254000000,
    "grossProfitRatio": 0.6945386336,
    "researchAndDevelopmentExpenses": 0,
    "generalAndAdministrativeExpenses": 6182000000,
    "sellingAndMarketingExpenses": 0,
    "sellingGeneralAndAdministrativeExpenses": 6182000000,
    "otherExpenses": 7612000000,
    "operatingExpenses": 13794000000,
    "costAndExpenses": 22262000000,
    "interestIncome": 18717000000,
    "interestExpense": 6741000000,
    "depreciationAndAmortization": 3864000000,
    "ebitda": 9324000000,
    "ebitdaratio": 0.3363393695,
    "operatingIncome": 5460000000,
    "operatingIncomeRatio": 0.1969554866,
    "totalOtherIncomeExpensesNet": 0,
    "incomeBeforeTax": 5460000000,
    "incomeBeforeTaxRatio": 0.1969554866,
    "incomeTaxExpense": 2049000000,
    "netIncome": 3411000000,
    "netIncomeRatio": 0.1230430705,
    "eps": 1,
    "epsdiluted": 0.99,
    "weightedAverageShsOut": 3414070000,
    "weightedAverageShsOutDil": 3448731000,
    "link": "https://www.sec.gov/Archives/edgar/data/72971/000091205702010174/0000912057-02-010174-index.htm",
    "finalLink": "https://www.sec.gov/Archives/edgar/data/72971/000091205702010174/a2072635z10-k.txt"
  },
  {
    "date": "2000-12-31",
    "symbol": "WFC",
    "reportedCurrency": "USD",
    "cik": "0000072971",
    "fillingDate": "2001-03-16",
    "acceptedDate": "2001-03-16 00:00:00",
    "calendarYear": "2000",
    "period": "FY",
    "revenue": 27568000000,
    "costOfRevenue": 9189000000,
    "grossProfit": 18379000000,
    "grossProfitRatio": 0.666678758,
    "researchAndDevelopmentExpenses": 0,
    "generalAndAdministrativeExpenses": 5487000000,
    "sellingAndMarketingExpenses": 0,
    "sellingGeneralAndAdministrativeExpenses": 5487000000,
    "otherExpenses": 6343000000,
    "operatingExpenses": 11830000000,
    "costAndExpenses": 21019000000,
    "interestIncome": 18725000000,
    "interestExpense": 7860000000,
    "depreciationAndAmortization": 1790000000,
    "ebitda": 8339000000,
    "ebitdaratio": 0.3024883923,
    "operatingIncome": 6549000000,
    "operatingIncomeRatio": 0.2375580383,
    "totalOtherIncomeExpensesNet": 0,
    "incomeBeforeTax": 6549000000,
    "incomeBeforeTaxRatio": 0.2375580383,
    "incomeTaxExpense": 2523000000,
    "netIncome": 4026000000,
    "netIncomeRatio": 0.1460388857,
    "eps": 1.18,
    "epsdiluted": 1.16,
    "weightedAverageShsOut": 3411915000,
    "weightedAverageShsOutDil": 3456034000,
    "link": "https://www.sec.gov/Archives/edgar/data/72971/000091205701504042/0000912057-01-504042-index.html",
    "finalLink": "https://www.sec.gov/Archives/edgar/data/72971/000091205701504042/a2040410z10-k.txt"
  },
  {
    "date": "1999-12-31",
    "symbol": "WFC",
    "reportedCurrency": "USD",
    "cik": "0000072971",
    "fillingDate": "2000-03-17",
    "acceptedDate": "2000-03-17 00:00:00",
    "calendarYear": "1999",
    "period": "FY",
    "revenue": 23909000000,
    "costOfRevenue": 6922000000,
    "grossProfit": 16987000000,
    "grossProfitRatio": 0.7104855912,
    "researchAndDevelopmentExpenses": 0,
    "generalAndAdministrativeExpenses": 4851000000,
    "sellingAndMarketingExpenses": 0,
    "sellingGeneralAndAdministrativeExpenses": 4851000000,
    "otherExpenses": 5786000000,
    "operatingExpenses": 10637000000,
    "costAndExpenses": 17559000000,
    "interestIncome": 15934000000,
    "interestExpense": 5818000000,
    "depreciationAndAmortization": 1971000000,
    "ebitda": 8321000000,
    "ebitdaratio": 0.3480279393,
    "operatingIncome": 6350000000,
    "operatingIncomeRatio": 0.2655903635,
    "totalOtherIncomeExpensesNet": 0,
    "incomeBeforeTax": 6350000000,
    "incomeBeforeTaxRatio": 0.2655903635,
    "incomeTaxExpense": 2338000000,
    "netIncome": 4012000000,
    "netIncomeRatio": 0.1678029194,
    "eps": 1.16,
    "epsdiluted": 1.15,
    "weightedAverageShsOut": 3428448000,
    "weightedAverageShsOutDil": 3473362000,
    "link": "https://www.sec.gov/Archives/edgar/data/72971/000091205700012168/0000912057-00-012168-index.htm",
    "finalLink": "https://www.sec.gov/Archives/edgar/data/72971/000091205700012168/0000912057-00-012168.txt"
  },
  {
    "date": "1998-12-31",
    "symbol": "WFC",
    "reportedCurrency": "USD",
    "cik": "0000072971",
    "fillingDate": "1999-03-17",
    "acceptedDate": "1999-03-17 00:00:00",
    "calendarYear": "1998",
    "period": "FY",
    "revenue": 20482000000,
    "costOfRevenue": 6610000000,
    "grossProfit": 13872000000,
    "grossProfitRatio": 0.6772776096,
    "researchAndDevelopmentExpenses": 0,
    "generalAndAdministrativeExpenses": 4416000000,
    "sellingAndMarketingExpenses": 0,
    "sellingGeneralAndAdministrativeExpenses": 4416000000,
    "otherExpenses": 6163000000,
    "operatingExpenses": 10579000000,
    "costAndExpenses": 17189000000,
    "interestIncome": 14055000000,
    "interestExpense": 5065000000,
    "depreciationAndAmortization": 2168000000,
    "ebitda": 5461000000,
    "ebitdaratio": 0.2666243531,
    "operatingIncome": 3293000000,
    "operatingIncomeRatio": 0.1607753149,
    "totalOtherIncomeExpensesNet": 0,
    "incomeBeforeTax": 3293000000,
    "incomeBeforeTaxRatio": 0.1607753149,
    "incomeTaxExpense": 1343000000,
    "netIncome": 1950000000,
    "netIncomeRatio": 0.0952055463,
    "eps": 0.59,
    "epsdiluted": 0.59,
    "weightedAverageShsOut": 3243000000,
    "weightedAverageShsOutDil": 3283600000,
    "link": "https://www.sec.gov/Archives/edgar/data/72971/000104746999010171/0001047469-99-010171-index.htm",
    "finalLink": "https://www.sec.gov/Archives/edgar/data/72971/0001047469-99-010171.txt"
  },
  {
    "date": "1997-12-31",
    "symbol": "WFC",
    "reportedCurrency": "USD",
    "cik": "0000072971",
    "fillingDate": "1998-02-27",
    "acceptedDate": "1998-02-27 00:00:00",
    "calendarYear": "1997",
    "period": "FY",
    "revenue": 19277000000,
    "costOfRevenue": 6094000000,
    "grossProfit": 13183000000,
    "grossProfitRatio": 0.6838719718,
    "researchAndDevelopmentExpenses": 0,
    "generalAndAdministrativeExpenses": 3811000000,
    "sellingAndMarketingExpenses": 0,
    "sellingGeneralAndAdministrativeExpenses": 3811000000,
    "otherExpenses": 5179000000,
    "operatingExpenses": 8990000000,
    "costAndExpenses": 15084000000,
    "interestIncome": 13602000000,
    "interestExpense": 4954000000,
    "depreciationAndAmortization": 1734000000,
    "ebitda": 5927000000,
    "ebitdaratio": 0.3074648545,
    "operatingIncome": 4193000000,
    "operatingIncomeRatio": 0.2175130985,
    "totalOtherIncomeExpensesNet": 0,
    "incomeBeforeTax": 4193000000,
    "incomeBeforeTaxRatio": 0.2175130985,
    "incomeTaxExpense": 1694000000,
    "netIncome": 2499000000,
    "netIncomeRatio": 0.1296363542,
    "eps": 0.75,
    "epsdiluted": 0.74,
    "weightedAverageShsOut": 1498626000,
    "weightedAverageShsOutDil": 1521860000,
    "link": "https://www.sec.gov/Archives/edgar/data/72971/000104596998000259/0001045969-98-000259-index.htm",
    "finalLink": "https://www.sec.gov/Archives/edgar/data/72971/0001045969-98-000259.txt"
  },
  {
    "date": "1996-12-31",
    "symbol": "WFC",
    "reportedCurrency": "USD",
    "cik": "0000072971",
    "fillingDate": "1997-03-04",
    "acceptedDate": "1997-03-04 00:00:00",
    "calendarYear": "1996",
    "period": "FY",
    "revenue": 17610000000,
    "costOfRevenue": 5119000000,
    "grossProfit": 12491000000,
    "grossProfitRatio": 0.7093128904,
    "researchAndDevelopmentExpenses": 0,
    "generalAndAdministrativeExpenses": 3624000000,
    "sellingAndMarketingExpenses": 0,
    "sellingGeneralAndAdministrativeExpenses": 3624000000,
    "otherExpenses": 5100000000,
    "operatingExpenses": 8724000000,
    "costAndExpenses": 13843000000,
    "interestIncome": 12841000000,
    "interestExpense": 4619000000,
    "depreciationAndAmortization": 1458000000,
    "ebitda": 5225000000,
    "ebitdaratio": 0.2967064168,
    "operatingIncome": 3767000000,
    "operatingIncomeRatio": 0.2139125497,
    "totalOtherIncomeExpensesNet": 0,
    "incomeBeforeTax": 3767000000,
    "incomeBeforeTaxRatio": 0.2139125497,
    "incomeTaxExpense": 1539000000,
    "netIncome": 2228000000,
    "netIncomeRatio": 0.1265190233,
    "eps": 0.69,
    "epsdiluted": 0.68,
    "weightedAverageShsOut": 1460526000,
    "weightedAverageShsOutDil": 1473451000,
    "link": "https://www.sec.gov/Archives/edgar/data/72971/000095010997001905/0000950109-97-001905-index.htm",
    "finalLink": "https://www.sec.gov/Archives/edgar/data/72971/0000950109-97-001905.txt"
  },
  {
    "date": "1995-12-31",
    "symbol": "WFC",
    "reportedCurrency": "USD",
    "cik": "0000072971",
    "fillingDate": "1996-03-07",
    "acceptedDate": "1996-03-07 00:00:00",
    "calendarYear": "1995",
    "period": "FY",
    "revenue": 7565500000,
    "costOfRevenue": 2760400000,
    "grossProfit": 4805100000,
    "grossProfitRatio": 0.6351331703,
    "researchAndDevelopmentExpenses": 0,
    "generalAndAdministrativeExpenses": 1745100000,
    "sellingAndMarketingExpenses": 0,
    "sellingGeneralAndAdministrativeExpenses": 1745100000,
    "otherExpenses": 1637200000,
    "operatingExpenses": 3382300000,
    "costAndExpenses": 6142700000,
    "interestIncome": 5717300000,
    "interestExpense": 2448000000,
    "depreciationAndAmortization": 311800000,
    "ebitda": 1734600000,
    "ebitdaratio": 0.2292776419,
    "operatingIncome": 1422800000,
    "operatingIncomeRatio": 0.188064239,
    "totalOtherIncomeExpensesNet": 0,
    "incomeBeforeTax": 1422800000,
    "incomeBeforeTaxRatio": 0.188064239,
    "incomeTaxExpense": 466800000,
    "netIncome": 956000000,
    "netIncomeRatio": 0.1263630956,
    "eps": 0.7,
    "epsdiluted": 0.68,
    "weightedAverageShsOut": 1316259000,
    "weightedAverageShsOutDil": 1345294000,
    "link": "https://www.sec.gov/Archives/edgar/data/72971/000095013196000962/0000950131-96-000962-index.htm",
    "finalLink": "https://www.sec.gov/Archives/edgar/data/72971/0000950131-96-000962.txt"
  },
  {
    "date": "1994-12-31",
    "symbol": "WFC",
    "reportedCurrency": "USD",
    "cik": "0000072971",
    "fillingDate": "1995-03-16",
    "acceptedDate": "1995-03-16 00:00:00",
    "calendarYear": "1994",
    "period": "FY",
    "revenue": 6032000000,
    "costOfRevenue": 1755000000,
    "grossProfit": 4277000000,
    "grossProfitRatio": 0.7090517241,
    "researchAndDevelopmentExpenses": 0,
    "generalAndAdministrativeExpenses": 1573700000,
    "sellingAndMarketingExpenses": 0,
    "sellingGeneralAndAdministrativeExpenses": 1573700000,
    "otherExpenses": 1522700000,
    "operatingExpenses": 3096400000,
    "costAndExpenses": 4851400000,
    "interestIncome": 4393700000,
    "interestExpense": 1590100000,
    "depreciationAndAmortization": 232200000,
    "ebitda": 1412800000,
    "ebitdaratio": 0.2342175066,
    "operatingIncome": 1180600000,
    "operatingIncomeRatio": 0.1957228117,
    "totalOtherIncomeExpensesNet": 0,
    "incomeBeforeTax": 1180600000,
    "incomeBeforeTaxRatio": 0.1957228117,
    "incomeTaxExpense": 380200000,
    "netIncome": 800400000,
    "netIncomeRatio": 0.1326923077,
    "eps": 0.61,
    "epsdiluted": 0.6,
    "weightedAverageShsOut": 1260400000,
    "weightedAverageShsOutDil": 1282324000,
    "link": "https://www.sec.gov/Archives/edgar/data/72971/000095013195000611/0000950131-95-000611-index.htm",
    "finalLink": "https://www.sec.gov/Archives/edgar/data/72971/0000950131-95-000611.txt"
  },
  {
    "date": "1993-12-31",
    "symbol": "WFC",
    "reportedCurrency": "USD",
    "cik": "0000072971",
    "fillingDate": "1994-03-08",
    "acceptedDate": "1994-03-08 00:00:00",
    "calendarYear": "1993",
    "period": "FY",
    "revenue": 5276600000,
    "costOfRevenue": 1498100000,
    "grossProfit": 3778500000,
    "grossProfitRatio": 0.7160861161,
    "researchAndDevelopmentExpenses": 0,
    "generalAndAdministrativeExpenses": 1416500000,
    "sellingAndMarketingExpenses": 0,
    "sellingGeneralAndAdministrativeExpenses": 1416500000,
    "otherExpenses": 1424300000,
    "operatingExpenses": 2840800000,
    "costAndExpenses": 4338900000,
    "interestIncome": 3734100000,
    "interestExpense": 1358000000,
    "depreciationAndAmortization": 194800000,
    "ebitda": 1132500000,
    "ebitdaratio": 0.214626843,
    "operatingIncome": 937700000,
    "operatingIncomeRatio": 0.1777091309,
    "totalOtherIncomeExpensesNet": 0,
    "incomeBeforeTax": 937700000,
    "incomeBeforeTaxRatio": 0.1777091309,
    "incomeTaxExpense": 284100000,
    "netIncome": 653600000,
    "netIncomeRatio": 0.123867642,
    "eps": 0.48,
    "epsdiluted": 0.47,
    "weightedAverageShsOut": 1317895000,
    "weightedAverageShsOutDil": 1346237000,
    "link": "https://www.sec.gov/Archives/edgar/data/72971/000007297194000003/0000072971-94-000003-index.htm",
    "finalLink": "https://www.sec.gov/Archives/edgar/data/72971/0000072971-94-000003.txt"
  },
  {
    "date": "1992-12-31",
    "symbol": "WFC",
    "reportedCurrency": "USD",
    "cik": "0000072971",
    "fillingDate": "1992-12-31",
    "acceptedDate": "1992-12-31 00:00:00",
    "calendarYear": "1992",
    "period": "FY",
    "revenue": 4628100000,
    "costOfRevenue": 1593300000,
    "grossProfit": 3034800000,
    "grossProfitRatio": 0.6557334543,
    "researchAndDevelopmentExpenses": 0,
    "generalAndAdministrativeExpenses": 1087100000,
    "sellingAndMarketingExpenses": 0,
    "sellingGeneralAndAdministrativeExpenses": 1087100000,
    "otherExpenses": 1248100000,
    "operatingExpenses": 2335200000,
    "costAndExpenses": 3928500000,
    "interestIncome": 3425400000,
    "interestExpense": 1416400000,
    "depreciationAndAmortization": 310700000,
    "ebitda": 1010300000,
    "ebitdaratio": 0.2182969253,
    "operatingIncome": 699600000,
    "operatingIncomeRatio": 0.1511635444,
    "totalOtherIncomeExpensesNet": 0,
    "incomeBeforeTax": 699600000,
    "incomeBeforeTaxRatio": 0.1511635444,
    "incomeTaxExpense": 181200000,
    "netIncome": 446700000,
    "netIncomeRatio": 0.0965190899,
    "eps": 0.3,
    "epsdiluted": 0.3,
    "weightedAverageShsOut": 1396333000,
    "weightedAverageShsOutDil": 1396333000,
    "link": null,
    "finalLink": null
  },
  {
    "date": "1991-12-31",
    "symbol": "WFC",
    "reportedCurrency": "USD",
    "cik": "0000072971",
    "fillingDate": "1991-12-31",
    "acceptedDate": "1991-12-31 00:00:00",
    "calendarYear": "1991",
    "period": "FY",
    "revenue": 4420300000,
    "costOfRevenue": 2122400000,
    "grossProfit": 2297900000,
    "grossProfitRatio": 0.5198515938,
    "researchAndDevelopmentExpenses": 0,
    "generalAndAdministrativeExpenses": 891900000,
    "sellingAndMarketingExpenses": 0,
    "sellingGeneralAndAdministrativeExpenses": 891900000,
    "otherExpenses": 930900000,
    "operatingExpenses": 1822800000,
    "costAndExpenses": 3945200000,
    "interestIncome": 3431700000,
    "interestExpense": 1800200000,
    "depreciationAndAmortization": 149100000,
    "ebitda": 624200000,
    "ebitdaratio": 0.1412121349,
    "operatingIncome": 475100000,
    "operatingIncomeRatio": 0.1074813927,
    "totalOtherIncomeExpensesNet": 0,
    "incomeBeforeTax": 475100000,
    "incomeBeforeTaxRatio": 0.1074813927,
    "incomeTaxExpense": 76600000,
    "netIncome": 398500000,
    "netIncomeRatio": 0.0901522521,
    "eps": 0.37,
    "epsdiluted": 0.37,
    "weightedAverageShsOut": 1030270000,
    "weightedAverageShsOutDil": 1044384000,
    "link": null,
    "finalLink": null
  },
  {
    "date": "1990-12-31",
    "symbol": "WFC",
    "reportedCurrency": "USD",
    "cik": "0000072971",
    "fillingDate": "1990-12-31",
    "acceptedDate": "1990-12-31 00:00:00",
    "calendarYear": "1990",
    "period": "FY",
    "revenue": 3482300000,
    "costOfRevenue": 1868900000,
    "grossProfit": 1613400000,
    "grossProfitRatio": 0.4633144761,
    "researchAndDevelopmentExpenses": 0,
    "generalAndAdministrativeExpenses": 642500000,
    "sellingAndMarketingExpenses": 0,
    "sellingGeneralAndAdministrativeExpenses": 642500000,
    "otherExpenses": 595600000,
    "operatingExpenses": 1238100000,
    "costAndExpenses": 3107000000,
    "interestIncome": 2777700000,
    "interestExpense": 1626300000,
    "depreciationAndAmortization": 94700000,
    "ebitda": 470000000,
    "ebitdaratio": 0.1349682681,
    "operatingIncome": 375300000,
    "operatingIncomeRatio": 0.1077735979,
    "totalOtherIncomeExpensesNet": 0,
    "incomeBeforeTax": 375300000,
    "incomeBeforeTaxRatio": 0.1077735979,
    "incomeTaxExpense": 94700000,
    "netIncome": 280600000,
    "netIncomeRatio": 0.0805789277,
    "eps": 0.35,
    "epsdiluted": 0.34,
    "weightedAverageShsOut": 812174000,
    "weightedAverageShsOutDil": 824118000,
    "link": null,
    "finalLink": null
  },
  {
    "date": "1989-12-31",
    "symbol": "WFC",
    "reportedCurrency": "USD",
    "cik": "0000072971",
    "fillingDate": "1989-12-31",
    "acceptedDate": "1989-12-31 00:00:00",
    "calendarYear": "1989",
    "period": "FY",
    "revenue": 2929900000,
    "costOfRevenue": 1603100000,
    "grossProfit": 1326800000,
    "grossProfitRatio": 0.4528482201,
    "researchAndDevelopmentExpenses": 0,
    "generalAndAdministrativeExpenses": 528700000,
    "sellingAndMarketingExpenses": 0,
    "sellingGeneralAndAdministrativeExpenses": 528700000,
    "otherExpenses": 479900000,
    "operatingExpenses": 1008600000,
    "costAndExpenses": 2611700000,
    "interestIncome": 2400900000,
    "interestExpense": 1443200000,
    "depreciationAndAmortization": 59200000,
    "ebitda": 377400000,
    "ebitdaratio": 0.128809857,
    "operatingIncome": 318200000,
    "operatingIncomeRatio": 0.1086043892,
    "totalOtherIncomeExpensesNet": 0,
    "incomeBeforeTax": 318200000,
    "incomeBeforeTaxRatio": 0.1086043892,
    "incomeTaxExpense": 81200000,
    "netIncome": 237000000,
    "netIncomeRatio": 0.0808901328,
    "eps": 0.32,
    "epsdiluted": 0.32,
    "weightedAverageShsOut": 740000000,
    "weightedAverageShsOutDil": 740000000,
    "link": null,
    "finalLink": null
  },
  {
    "date": "1988-12-31",
    "symbol": "WFC",
    "reportedCurrency": "USD",
    "cik": "0000072971",
    "fillingDate": "1988-12-31",
    "acceptedDate": "1988-12-30 19:00:00",
    "calendarYear": "1988",
    "period": "FY",
    "revenue": 0,
    "costOfRevenue": 0,
    "grossProfit": 0,
    "grossProfitRatio": 0,
    "researchAndDevelopmentExpenses": 0,
    "generalAndAdministrativeExpenses": 0,
    "sellingAndMarketingExpenses": 0,
    "sellingGeneralAndAdministrativeExpenses": 0,
    "otherExpenses": 211200000,
    "operatingExpenses": 211200000,
    "costAndExpenses": 211200000,
    "interestIncome": 0,
    "interestExpense": 0,
    "depreciationAndAmortization": 0,
    "ebitda": 211200000,
    "ebitdaratio": 0,
    "operatingIncome": 211200000,
    "operatingIncomeRatio": 0,
    "totalOtherIncomeExpensesNet": 0,
    "incomeBeforeTax": 0,
    "incomeBeforeTaxRatio": 0,
    "incomeTaxExpense": -211200000,
    "netIncome": 211200000,
    "netIncomeRatio": 0,
    "eps": 0.28,
    "epsdiluted": 0.28,
    "weightedAverageShsOut": 741053000,
    "weightedAverageShsOutDil": 754286000,
    "link": "",
    "finalLink": ""
  },
  {
    "date": "1987-12-31",
    "symbol": "WFC",
    "reportedCurrency": "USD",
    "cik": "0000072971",
    "fillingDate": "1987-12-31",
    "acceptedDate": "1987-12-30 19:00:00",
    "calendarYear": "1987",
    "period": "FY",
    "revenue": 0,
    "costOfRevenue": 0,
    "grossProfit": 0,
    "grossProfitRatio": 0,
    "researchAndDevelopmentExpenses": 0,
    "generalAndAdministrativeExpenses": 0,
    "sellingAndMarketingExpenses": 0,
    "sellingGeneralAndAdministrativeExpenses": 0,
    "otherExpenses": -29800000,
    "operatingExpenses": -29800000,
    "costAndExpenses": -29800000,
    "interestIncome": 0,
    "interestExpense": 0,
    "depreciationAndAmortization": 0,
    "ebitda": -29800000,
    "ebitdaratio": 0,
    "operatingIncome": -29800000,
    "operatingIncomeRatio": 0,
    "totalOtherIncomeExpensesNet": 0,
    "incomeBeforeTax": 0,
    "incomeBeforeTaxRatio": 0,
    "incomeTaxExpense": 29800000,
    "netIncome": -29800000,
    "netIncomeRatio": 0,
    "eps": -0.0424,
    "epsdiluted": -0.0424,
    "weightedAverageShsOut": 703636000,
    "weightedAverageShsOutDil": 703636000,
    "link": "",
    "finalLink": ""
  },
  {
    "date": "1986-12-31",
    "symbol": "WFC",
    "reportedCurrency": "USD",
    "cik": "0000072971",
    "fillingDate": "1986-12-31",
    "acceptedDate": "1986-12-30 19:00:00",
    "calendarYear": "1986",
    "period": "FY",
    "revenue": 0,
    "costOfRevenue": 0,
    "grossProfit": 0,
    "grossProfitRatio": 0,
    "researchAndDevelopmentExpenses": 0,
    "generalAndAdministrativeExpenses": 0,
    "sellingAndMarketingExpenses": 0,
    "sellingGeneralAndAdministrativeExpenses": 0,
    "otherExpenses": 121700000,
    "operatingExpenses": 121700000,
    "costAndExpenses": 121700000,
    "interestIncome": 0,
    "interestExpense": 0,
    "depreciationAndAmortization": 0,
    "ebitda": 121700000,
    "ebitdaratio": 0,
    "operatingIncome": 121700000,
    "operatingIncomeRatio": 0,
    "totalOtherIncomeExpensesNet": 0,
    "incomeBeforeTax": 0,
    "incomeBeforeTaxRatio": 0,
    "incomeTaxExpense": -121700000,
    "netIncome": 121700000,
    "netIncomeRatio": 0,
    "eps": 0.17,
    "epsdiluted": 0.16,
    "weightedAverageShsOut": 719355000,
    "weightedAverageShsOutDil": 743333000,
    "link": "",
    "finalLink": ""
  },
  {
    "date": "1985-12-31",
    "symbol": "WFC",
    "reportedCurrency": "USD",
    "cik": "0000072971",
    "fillingDate": "1985-12-31",
    "acceptedDate": "1985-12-30 19:00:00",
    "calendarYear": "1985",
    "period": "FY",
    "revenue": 0,
    "costOfRevenue": 0,
    "grossProfit": 0,
    "grossProfitRatio": 0,
    "researchAndDevelopmentExpenses": 0,
    "generalAndAdministrativeExpenses": 0,
    "sellingAndMarketingExpenses": 0,
    "sellingGeneralAndAdministrativeExpenses": 0,
    "otherExpenses": 107600000,
    "operatingExpenses": 107600000,
    "costAndExpenses": 107600000,
    "interestIncome": 0,
    "interestExpense": 0,
    "depreciationAndAmortization": 0,
    "ebitda": 107600000,
    "ebitdaratio": 0,
    "operatingIncome": 107600000,
    "operatingIncomeRatio": 0,
    "totalOtherIncomeExpensesNet": 0,
    "incomeBeforeTax": 0,
    "incomeBeforeTaxRatio": 0,
    "incomeTaxExpense": -107600000,
    "netIncome": 107600000,
    "netIncomeRatio": 0,
    "eps": 0.15,
    "epsdiluted": 0.15,
    "weightedAverageShsOut": 697037000,
    "weightedAverageShsOutDil": 723846000,
    "link": "",
    "finalLink": ""
  }
]