[
  {
    "date": "2025-06-30",
    "symbol": "WM",
    "reportedCurrency": "USD",
    "cik": "0000823768",
    "fillingDate": "2025-07-29",
    "acceptedDate": "2025-07-29 15:07:26",
    "calendarYear": "2025",
    "period": "Q2",
    "revenue": 6430000000,
    "costOfRevenue": 4547000000,
    "grossProfit": 1883000000,
    "grossProfitRatio": 0.2928460342,
    "researchAndDevelopmentExpenses": 0,
    "generalAndAdministrativeExpenses": 0,
    "sellingAndMarketingExpenses": 0,
    "sellingGeneralAndAdministrativeExpenses": 696000000,
    "otherExpenses": 0,
    "operatingExpenses": 696000000,
    "costAndExpenses": 5243000000,
    "interestIncome": 0,
    "interestExpense": 232000000,
    "depreciationAndAmortization": 744000000,
    "ebitda": 1904000000,
    "ebitdaratio": 0.2961119751,
    "operatingIncome": 1187000000,
    "operatingIncomeRatio": 0.1846034215,
    "totalOtherIncomeExpensesNet": -259000000,
    "incomeBeforeTax": 928000000,
    "incomeBeforeTaxRatio": 0.1443234837,
    "incomeTaxExpense": 201000000,
    "netIncome": 726000000,
    "netIncomeRatio": 0.1129082426,
    "eps": 1.81,
    "epsdiluted": 1.79,
    "weightedAverageShsOut": 402600000,
    "weightedAverageShsOutDil": 404300000,
    "link": "https://www.sec.gov/Archives/edgar/data/823768/000155837025009726/0001558370-25-009726-index.htm",
    "finalLink": "https://www.sec.gov/Archives/edgar/data/823768/000155837025009726/wm-20250630x10q.htm"
  },
  {
    "date": "2025-03-31",
    "symbol": "WM",
    "reportedCurrency": "USD",
    "cik": "0000823768",
    "fillingDate": "2025-04-29",
    "acceptedDate": "2025-04-29 14:47:14",
    "calendarYear": "2025",
    "period": "Q1",
    "revenue": 6018000000,
    "costOfRevenue": 4303000000,
    "grossProfit": 1715000000,
    "grossProfitRatio": 0.2849783981,
    "researchAndDevelopmentExpenses": 0,
    "generalAndAdministrativeExpenses": 0,
    "sellingAndMarketingExpenses": 0,
    "sellingGeneralAndAdministrativeExpenses": 687000000,
    "otherExpenses": 0,
    "operatingExpenses": 687000000,
    "costAndExpenses": 4990000000,
    "interestIncome": 0,
    "interestExpense": 232000000,
    "depreciationAndAmortization": 691000000,
    "ebitda": 1711000000,
    "ebitdaratio": 0.2843137255,
    "operatingIncome": 1028000000,
    "operatingIncomeRatio": 0.1708208707,
    "totalOtherIncomeExpensesNet": -240000000,
    "incomeBeforeTax": 788000000,
    "incomeBeforeTaxRatio": 0.1309405118,
    "incomeTaxExpense": 151000000,
    "netIncome": 637000000,
    "netIncomeRatio": 0.1058491193,
    "eps": 1.58,
    "epsdiluted": 1.58,
    "weightedAverageShsOut": 402300000,
    "weightedAverageShsOutDil": 403900000,
    "link": "https://www.sec.gov/Archives/edgar/data/823768/000155837025005805/0001558370-25-005805-index.htm",
    "finalLink": "https://www.sec.gov/Archives/edgar/data/823768/000155837025005805/wm-20250331x10q.htm"
  },
  {
    "date": "2024-12-31",
    "symbol": "WM",
    "reportedCurrency": "USD",
    "cik": "0000823768",
    "fillingDate": "2025-02-19",
    "acceptedDate": "2025-02-19 13:25:44",
    "calendarYear": "2024",
    "period": "Q4",
    "revenue": 5893000000,
    "costOfRevenue": 4205000000,
    "grossProfit": 1688000000,
    "grossProfitRatio": 0.2864415408,
    "researchAndDevelopmentExpenses": 0,
    "generalAndAdministrativeExpenses": 0,
    "sellingAndMarketingExpenses": 0,
    "sellingGeneralAndAdministrativeExpenses": 747000000,
    "otherExpenses": 0,
    "operatingExpenses": 747000000,
    "costAndExpenses": 4952000000,
    "interestIncome": 0,
    "interestExpense": 201000000,
    "depreciationAndAmortization": 686000000,
    "ebitda": 1587000000,
    "ebitdaratio": 0.2693025624,
    "operatingIncome": 941000000,
    "operatingIncomeRatio": 0.1596809774,
    "totalOtherIncomeExpensesNet": -241000000,
    "incomeBeforeTax": 700000000,
    "incomeBeforeTaxRatio": 0.1187849992,
    "incomeTaxExpense": 102000000,
    "netIncome": 598000000,
    "netIncomeRatio": 0.1014763278,
    "eps": 1.49,
    "epsdiluted": 1.48,
    "weightedAverageShsOut": 401600000,
    "weightedAverageShsOutDil": 403600000,
    "link": "https://www.sec.gov/Archives/edgar/data/823768/000155837025001132/0001558370-25-001132-index.htm",
    "finalLink": "https://www.sec.gov/Archives/edgar/data/823768/000155837025001132/wm-20241231x10k.htm"
  },
  {
    "date": "2024-09-30",
    "symbol": "WM",
    "reportedCurrency": "USD",
    "cik": "0000823768",
    "fillingDate": "2024-10-28",
    "acceptedDate": "2024-10-28 17:24:37",
    "calendarYear": "2024",
    "period": "Q3",
    "revenue": 5609000000,
    "costOfRevenue": 3957000000,
    "grossProfit": 1652000000,
    "grossProfitRatio": 0.2945266536,
    "researchAndDevelopmentExpenses": 0,
    "generalAndAdministrativeExpenses": 0,
    "sellingAndMarketingExpenses": 0,
    "sellingGeneralAndAdministrativeExpenses": 525000000,
    "otherExpenses": 0,
    "operatingExpenses": 525000000,
    "costAndExpenses": 4482000000,
    "interestIncome": 0,
    "interestExpense": 131000000,
    "depreciationAndAmortization": 591000000,
    "ebitda": 1717000000,
    "ebitdaratio": 0.306115172,
    "operatingIncome": 1127000000,
    "operatingIncomeRatio": 0.2009270815,
    "totalOtherIncomeExpensesNet": -132000000,
    "incomeBeforeTax": 995000000,
    "incomeBeforeTaxRatio": 0.1773934748,
    "incomeTaxExpense": 235000000,
    "netIncome": 760000000,
    "netIncomeRatio": 0.1354965234,
    "eps": 1.89,
    "epsdiluted": 1.88,
    "weightedAverageShsOut": 401500000,
    "weightedAverageShsOutDil": 403200000,
    "link": "https://www.sec.gov/Archives/edgar/data/823768/000155837024013762/0001558370-24-013762-index.htm",
    "finalLink": "https://www.sec.gov/Archives/edgar/data/823768/000155837024013762/wm-20240930x10q.htm"
  },
  {
    "date": "2024-06-30",
    "symbol": "WM",
    "reportedCurrency": "USD",
    "cik": "0000823768",
    "fillingDate": "2024-07-25",
    "acceptedDate": "2024-07-25 14:31:29",
    "calendarYear": "2024",
    "period": "Q2",
    "revenue": 5402000000,
    "costOfRevenue": 3834000000,
    "grossProfit": 1568000000,
    "grossProfitRatio": 0.2902628656,
    "researchAndDevelopmentExpenses": 0,
    "generalAndAdministrativeExpenses": 0,
    "sellingAndMarketingExpenses": 0,
    "sellingGeneralAndAdministrativeExpenses": 501000000,
    "otherExpenses": 0,
    "operatingExpenses": 501000000,
    "costAndExpenses": 4335000000,
    "interestIncome": 0,
    "interestExpense": 136000000,
    "depreciationAndAmortization": 576000000,
    "ebitda": 1606000000,
    "ebitdaratio": 0.2972972973,
    "operatingIncome": 1067000000,
    "operatingIncomeRatio": 0.1975194372,
    "totalOtherIncomeExpensesNet": -173000000,
    "incomeBeforeTax": 894000000,
    "incomeBeforeTaxRatio": 0.1654942614,
    "incomeTaxExpense": 214000000,
    "netIncome": 680000000,
    "netIncomeRatio": 0.125879304,
    "eps": 1.69,
    "epsdiluted": 1.69,
    "weightedAverageShsOut": 401300000,
    "weightedAverageShsOutDil": 403200000,
    "link": "https://www.sec.gov/Archives/edgar/data/823768/000155837024010155/0001558370-24-010155-index.htm",
    "finalLink": "https://www.sec.gov/Archives/edgar/data/823768/000155837024010155/wm-20240630x10q.htm"
  },
  {
    "date": "2024-03-31",
    "symbol": "WM",
    "reportedCurrency": "USD",
    "cik": "0000823768",
    "fillingDate": "2024-04-25",
    "acceptedDate": "2024-04-25 13:48:39",
    "calendarYear": "2024",
    "period": "Q1",
    "revenue": 5159000000,
    "costOfRevenue": 3654000000,
    "grossProfit": 1505000000,
    "grossProfitRatio": 0.2917232022,
    "researchAndDevelopmentExpenses": 0,
    "generalAndAdministrativeExpenses": 0,
    "sellingAndMarketingExpenses": 0,
    "sellingGeneralAndAdministrativeExpenses": 491000000,
    "otherExpenses": 0,
    "operatingExpenses": 491000000,
    "costAndExpenses": 4145000000,
    "interestIncome": 0,
    "interestExpense": 130000000,
    "depreciationAndAmortization": 547000000,
    "ebitda": 1546000000,
    "ebitdaratio": 0.2996704788,
    "operatingIncome": 1014000000,
    "operatingIncomeRatio": 0.1965497189,
    "totalOtherIncomeExpensesNet": -145000000,
    "incomeBeforeTax": 869000000,
    "incomeBeforeTaxRatio": 0.1684434968,
    "incomeTaxExpense": 162000000,
    "netIncome": 708000000,
    "netIncomeRatio": 0.1372358984,
    "eps": 1.76,
    "epsdiluted": 1.75,
    "weightedAverageShsOut": 401700000,
    "weightedAverageShsOutDil": 403500000,
    "link": "https://www.sec.gov/Archives/edgar/data/823768/000155837024005734/0001558370-24-005734-index.htm",
    "finalLink": "https://www.sec.gov/Archives/edgar/data/823768/000155837024005734/wm-20240331x10q.htm"
  },
  {
    "date": "2023-12-31",
    "symbol": "WM",
    "reportedCurrency": "USD",
    "cik": "0000823768",
    "fillingDate": "2024-02-13",
    "acceptedDate": "2024-02-13 15:24:43",
    "calendarYear": "2023",
    "period": "Q4",
    "revenue": 5217000000,
    "costOfRevenue": 3672000000,
    "grossProfit": 1545000000,
    "grossProfitRatio": 0.296147211,
    "researchAndDevelopmentExpenses": 0,
    "generalAndAdministrativeExpenses": 0,
    "sellingAndMarketingExpenses": 0,
    "sellingGeneralAndAdministrativeExpenses": 513000000,
    "otherExpenses": 0,
    "operatingExpenses": 513000000,
    "costAndExpenses": 4185000000,
    "interestIncome": 0,
    "interestExpense": 128000000,
    "depreciationAndAmortization": 559000000,
    "ebitda": 1331000000,
    "ebitdaratio": 0.2551274679,
    "operatingIncome": 1032000000,
    "operatingIncomeRatio": 0.1978148361,
    "totalOtherIncomeExpensesNet": -388000000,
    "incomeBeforeTax": 644000000,
    "incomeBeforeTaxRatio": 0.1234425915,
    "incomeTaxExpense": 175000000,
    "netIncome": 493000000,
    "netIncomeRatio": 0.0944987541,
    "eps": 1.23,
    "epsdiluted": 1.22,
    "weightedAverageShsOut": 402000000,
    "weightedAverageShsOutDil": 404200000,
    "link": "https://www.sec.gov/Archives/edgar/data/823768/000155837024001049/0001558370-24-001049-index.htm",
    "finalLink": "https://www.sec.gov/Archives/edgar/data/823768/000155837024001049/wm-20231231x10k.htm"
  },
  {
    "date": "2023-09-30",
    "symbol": "WM",
    "reportedCurrency": "USD",
    "cik": "0000823768",
    "fillingDate": "2023-10-25",
    "acceptedDate": "2023-10-25 13:40:45",
    "calendarYear": "2023",
    "period": "Q3",
    "revenue": 5198000000,
    "costOfRevenue": 3707000000,
    "grossProfit": 1491000000,
    "grossProfitRatio": 0.2868410927,
    "researchAndDevelopmentExpenses": 0,
    "generalAndAdministrativeExpenses": 0,
    "sellingAndMarketingExpenses": 0,
    "sellingGeneralAndAdministrativeExpenses": 470000000,
    "otherExpenses": 0,
    "operatingExpenses": 470000000,
    "costAndExpenses": 4177000000,
    "interestIncome": 0,
    "interestExpense": 127000000,
    "depreciationAndAmortization": 551000000,
    "ebitda": 1550000000,
    "ebitdaratio": 0.2981916122,
    "operatingIncome": 1021000000,
    "operatingIncomeRatio": 0.1964217007,
    "totalOtherIncomeExpensesNet": -149000000,
    "incomeBeforeTax": 872000000,
    "incomeBeforeTaxRatio": 0.1677568295,
    "incomeTaxExpense": 210000000,
    "netIncome": 663000000,
    "netIncomeRatio": 0.1275490573,
    "eps": 1.64,
    "epsdiluted": 1.63,
    "weightedAverageShsOut": 404000000,
    "weightedAverageShsOutDil": 405900000,
    "link": "https://www.sec.gov/Archives/edgar/data/823768/000155837023016700/0001558370-23-016700-index.htm",
    "finalLink": "https://www.sec.gov/Archives/edgar/data/823768/000155837023016700/wm-20230930x10q.htm"
  },
  {
    "date": "2023-06-30",
    "symbol": "WM",
    "reportedCurrency": "USD",
    "cik": "0000823768",
    "fillingDate": "2023-07-26",
    "acceptedDate": "2023-07-26 13:26:00",
    "calendarYear": "2023",
    "period": "Q2",
    "revenue": 5119000000,
    "costOfRevenue": 3707000000,
    "grossProfit": 1412000000,
    "grossProfitRatio": 0.275835124,
    "researchAndDevelopmentExpenses": 0,
    "generalAndAdministrativeExpenses": 0,
    "sellingAndMarketingExpenses": 0,
    "sellingGeneralAndAdministrativeExpenses": 467000000,
    "otherExpenses": 0,
    "operatingExpenses": 467000000,
    "costAndExpenses": 4174000000,
    "interestIncome": 0,
    "interestExpense": 125000000,
    "depreciationAndAmortization": 554000000,
    "ebitda": 1488000000,
    "ebitdaratio": 0.2906817738,
    "operatingIncome": 945000000,
    "operatingIncomeRatio": 0.1846063684,
    "totalOtherIncomeExpensesNet": -136000000,
    "incomeBeforeTax": 809000000,
    "incomeBeforeTaxRatio": 0.1580386794,
    "incomeTaxExpense": 196000000,
    "netIncome": 615000000,
    "netIncomeRatio": 0.1201406525,
    "eps": 1.52,
    "epsdiluted": 1.51,
    "weightedAverageShsOut": 405900000,
    "weightedAverageShsOutDil": 407700000,
    "link": "https://www.sec.gov/Archives/edgar/data/823768/000155837023012266/0001558370-23-012266-index.htm",
    "finalLink": "https://www.sec.gov/Archives/edgar/data/823768/000155837023012266/wm-20230630x10q.htm"
  },
  {
    "date": "2023-03-31",
    "symbol": "WM",
    "reportedCurrency": "USD",
    "cik": "0000823768",
    "fillingDate": "2023-04-27",
    "acceptedDate": "2023-04-27 14:38:57",
    "calendarYear": "2023",
    "period": "Q1",
    "revenue": 4892000000,
    "costOfRevenue": 3591000000,
    "grossProfit": 1301000000,
    "grossProfitRatio": 0.265944399,
    "researchAndDevelopmentExpenses": 0,
    "generalAndAdministrativeExpenses": 0,
    "sellingAndMarketingExpenses": 0,
    "sellingGeneralAndAdministrativeExpenses": 476000000,
    "otherExpenses": 0,
    "operatingExpenses": 476000000,
    "costAndExpenses": 4067000000,
    "interestIncome": 0,
    "interestExpense": 120000000,
    "depreciationAndAmortization": 537000000,
    "ebitda": 1353000000,
    "ebitdaratio": 0.2765739984,
    "operatingIncome": 825000000,
    "operatingIncomeRatio": 0.1686426819,
    "totalOtherIncomeExpensesNet": -129000000,
    "incomeBeforeTax": 696000000,
    "incomeBeforeTaxRatio": 0.1422730989,
    "incomeTaxExpense": 164000000,
    "netIncome": 533000000,
    "netIncomeRatio": 0.1089533933,
    "eps": 1.31,
    "epsdiluted": 1.3,
    "weightedAverageShsOut": 407400000,
    "weightedAverageShsOutDil": 409000000,
    "link": "https://www.sec.gov/Archives/edgar/data/823768/000155837023007024/0001558370-23-007024-index.htm",
    "finalLink": "https://www.sec.gov/Archives/edgar/data/823768/000155837023007024/wm-20230331x10q.htm"
  },
  {
    "date": "2022-12-31",
    "symbol": "WM",
    "reportedCurrency": "USD",
    "cik": "0000823768",
    "fillingDate": "2023-02-07",
    "acceptedDate": "2023-02-07 14:39:55",
    "calendarYear": "2022",
    "period": "Q4",
    "revenue": 4935000000,
    "costOfRevenue": 3638000000,
    "grossProfit": 1297000000,
    "grossProfitRatio": 0.262816616,
    "researchAndDevelopmentExpenses": 0,
    "generalAndAdministrativeExpenses": 0,
    "sellingAndMarketingExpenses": 0,
    "sellingGeneralAndAdministrativeExpenses": 487000000,
    "otherExpenses": 0,
    "operatingExpenses": 487000000,
    "costAndExpenses": 4125000000,
    "interestIncome": 0,
    "interestExpense": 109000000,
    "depreciationAndAmortization": 573000000,
    "ebitda": 1325000000,
    "ebitdaratio": 0.2684903749,
    "operatingIncome": 810000000,
    "operatingIncomeRatio": 0.1641337386,
    "totalOtherIncomeExpensesNet": -167000000,
    "incomeBeforeTax": 643000000,
    "incomeBeforeTaxRatio": 0.1302938197,
    "incomeTaxExpense": 143000000,
    "netIncome": 499000000,
    "netIncomeRatio": 0.1011144883,
    "eps": 1.22,
    "epsdiluted": 1.21,
    "weightedAverageShsOut": 409200000,
    "weightedAverageShsOutDil": 411500000,
    "link": "https://www.sec.gov/Archives/edgar/data/823768/000155837023000964/0001558370-23-000964-index.htm",
    "finalLink": "https://www.sec.gov/Archives/edgar/data/823768/000155837023000964/wm-20221231x10k.htm"
  },
  {
    "date": "2022-09-30",
    "symbol": "WM",
    "reportedCurrency": "USD",
    "cik": "0000823768",
    "fillingDate": "2022-10-26",
    "acceptedDate": "2022-10-26 15:46:24",
    "calendarYear": "2022",
    "period": "Q3",
    "revenue": 5075000000,
    "costOfRevenue": 3659000000,
    "grossProfit": 1416000000,
    "grossProfitRatio": 0.2790147783,
    "researchAndDevelopmentExpenses": 0,
    "generalAndAdministrativeExpenses": 0,
    "sellingAndMarketingExpenses": 0,
    "sellingGeneralAndAdministrativeExpenses": 473000000,
    "otherExpenses": 0,
    "operatingExpenses": 473000000,
    "costAndExpenses": 4132000000,
    "interestIncome": 0,
    "interestExpense": 91000000,
    "depreciationAndAmortization": 532000000,
    "ebitda": 1451000000,
    "ebitdaratio": 0.28591133,
    "operatingIncome": 943000000,
    "operatingIncomeRatio": 0.1858128079,
    "totalOtherIncomeExpensesNet": -115000000,
    "incomeBeforeTax": 828000000,
    "incomeBeforeTaxRatio": 0.1631527094,
    "incomeTaxExpense": 189000000,
    "netIncome": 639000000,
    "netIncomeRatio": 0.12591133,
    "eps": 1.55,
    "epsdiluted": 1.54,
    "weightedAverageShsOut": 412000000,
    "weightedAverageShsOutDil": 414300000,
    "link": "https://www.sec.gov/Archives/edgar/data/823768/000155837022015389/0001558370-22-015389-index.htm",
    "finalLink": "https://www.sec.gov/Archives/edgar/data/823768/000155837022015389/wm-20220930x10q.htm"
  },
  {
    "date": "2022-06-30",
    "symbol": "WM",
    "reportedCurrency": "USD",
    "cik": "0000823768",
    "fillingDate": "2022-07-27",
    "acceptedDate": "2022-07-27 12:52:32",
    "calendarYear": "2022",
    "period": "Q2",
    "revenue": 5027000000,
    "costOfRevenue": 3650000000,
    "grossProfit": 1377000000,
    "grossProfitRatio": 0.2739208275,
    "researchAndDevelopmentExpenses": 0,
    "generalAndAdministrativeExpenses": 0,
    "sellingAndMarketingExpenses": 0,
    "sellingGeneralAndAdministrativeExpenses": 487000000,
    "otherExpenses": 0,
    "operatingExpenses": 487000000,
    "costAndExpenses": 4137000000,
    "interestIncome": 0,
    "interestExpense": 93000000,
    "depreciationAndAmortization": 535000000,
    "ebitda": 1404000000,
    "ebitdaratio": 0.2792918241,
    "operatingIncome": 890000000,
    "operatingIncomeRatio": 0.1770439626,
    "totalOtherIncomeExpensesNet": -114000000,
    "incomeBeforeTax": 776000000,
    "incomeBeforeTaxRatio": 0.1543664213,
    "incomeTaxExpense": 189000000,
    "netIncome": 587000000,
    "netIncomeRatio": 0.116769445,
    "eps": 1.42,
    "epsdiluted": 1.41,
    "weightedAverageShsOut": 414400000,
    "weightedAverageShsOutDil": 416400000,
    "link": "https://www.sec.gov/Archives/edgar/data/823768/000155837022011119/0001558370-22-011119-index.htm",
    "finalLink": "https://www.sec.gov/Archives/edgar/data/823768/000155837022011119/wm-20220630x10q.htm"
  },
  {
    "date": "2022-03-31",
    "symbol": "WM",
    "reportedCurrency": "USD",
    "cik": "0000823768",
    "fillingDate": "2022-04-26",
    "acceptedDate": "2022-04-26 16:08:21",
    "calendarYear": "2022",
    "period": "Q1",
    "revenue": 4661000000,
    "costOfRevenue": 3385000000,
    "grossProfit": 1276000000,
    "grossProfitRatio": 0.2737609955,
    "researchAndDevelopmentExpenses": 0,
    "generalAndAdministrativeExpenses": 0,
    "sellingAndMarketingExpenses": 0,
    "sellingGeneralAndAdministrativeExpenses": 491000000,
    "otherExpenses": 0,
    "operatingExpenses": 491000000,
    "costAndExpenses": 3876000000,
    "interestIncome": 0,
    "interestExpense": 85000000,
    "depreciationAndAmortization": 510000000,
    "ebitda": 1266000000,
    "ebitdaratio": 0.2716155331,
    "operatingIncome": 785000000,
    "operatingIncomeRatio": 0.1684187943,
    "totalOtherIncomeExpensesNet": -114000000,
    "incomeBeforeTax": 671000000,
    "incomeBeforeTaxRatio": 0.1439605235,
    "incomeTaxExpense": 157000000,
    "netIncome": 513000000,
    "netIncomeRatio": 0.1100622184,
    "eps": 1.23,
    "epsdiluted": 1.23,
    "weightedAverageShsOut": 415700000,
    "weightedAverageShsOutDil": 417800000,
    "link": "https://www.sec.gov/Archives/edgar/data/823768/000155837022005976/0001558370-22-005976-index.htm",
    "finalLink": "https://www.sec.gov/Archives/edgar/data/823768/000155837022005976/wm-20220331x10q.htm"
  },
  {
    "date": "2021-12-31",
    "symbol": "WM",
    "reportedCurrency": "USD",
    "cik": "0000823768",
    "fillingDate": "2022-02-15",
    "acceptedDate": "2022-02-15 14:22:45",
    "calendarYear": "2021",
    "period": "Q4",
    "revenue": 4678000000,
    "costOfRevenue": 3465000000,
    "grossProfit": 1213000000,
    "grossProfitRatio": 0.2592988457,
    "researchAndDevelopmentExpenses": 0,
    "generalAndAdministrativeExpenses": 0,
    "sellingAndMarketingExpenses": 0,
    "sellingGeneralAndAdministrativeExpenses": 492000000,
    "otherExpenses": 0,
    "operatingExpenses": 492000000,
    "costAndExpenses": 3957000000,
    "interestIncome": 0,
    "interestExpense": 83000000,
    "depreciationAndAmortization": 539000000,
    "ebitda": 1264000000,
    "ebitdaratio": 0.2702009406,
    "operatingIncome": 721000000,
    "operatingIncomeRatio": 0.1541256947,
    "totalOtherIncomeExpensesNet": -79000000,
    "incomeBeforeTax": 642000000,
    "incomeBeforeTaxRatio": 0.137238136,
    "incomeTaxExpense": 136000000,
    "netIncome": 506000000,
    "netIncomeRatio": 0.1081658829,
    "eps": 1.21,
    "epsdiluted": 1.2,
    "weightedAverageShsOut": 417900000,
    "weightedAverageShsOutDil": 420600000,
    "link": "https://www.sec.gov/Archives/edgar/data/823768/000155837022001179/0001558370-22-001179-index.htm",
    "finalLink": "https://www.sec.gov/Archives/edgar/data/823768/000155837022001179/wm-20211231x10k.htm"
  },
  {
    "date": "2021-09-30",
    "symbol": "WM",
    "reportedCurrency": "USD",
    "cik": "0000823768",
    "fillingDate": "2021-10-26",
    "acceptedDate": "2021-10-26 12:34:26",
    "calendarYear": "2021",
    "period": "Q3",
    "revenue": 4665000000,
    "costOfRevenue": 3423000000,
    "grossProfit": 1242000000,
    "grossProfitRatio": 0.2662379421,
    "researchAndDevelopmentExpenses": 0,
    "generalAndAdministrativeExpenses": 0,
    "sellingAndMarketingExpenses": 0,
    "sellingGeneralAndAdministrativeExpenses": 469000000,
    "otherExpenses": 0,
    "operatingExpenses": 469000000,
    "costAndExpenses": 3892000000,
    "interestIncome": 0,
    "interestExpense": 87000000,
    "depreciationAndAmortization": 546000000,
    "ebitda": 1339000000,
    "ebitdaratio": 0.2870310825,
    "operatingIncome": 773000000,
    "operatingIncomeRatio": 0.1657020364,
    "totalOtherIncomeExpensesNet": -67000000,
    "incomeBeforeTax": 706000000,
    "incomeBeforeTaxRatio": 0.1513397642,
    "incomeTaxExpense": 167000000,
    "netIncome": 538000000,
    "netIncomeRatio": 0.1153269025,
    "eps": 1.28,
    "epsdiluted": 1.28,
    "weightedAverageShsOut": 419500000,
    "weightedAverageShsOutDil": 422000000,
    "link": "https://www.sec.gov/Archives/edgar/data/823768/000155837021013486/0001558370-21-013486-index.htm",
    "finalLink": "https://www.sec.gov/Archives/edgar/data/823768/000155837021013486/wm-20210930x10q.htm"
  },
  {
    "date": "2021-06-30",
    "symbol": "WM",
    "reportedCurrency": "USD",
    "cik": "0000823768",
    "fillingDate": "2021-07-27",
    "acceptedDate": "2021-07-27 12:09:16",
    "calendarYear": "2021",
    "period": "Q2",
    "revenue": 4476000000,
    "costOfRevenue": 3236000000,
    "grossProfit": 1240000000,
    "grossProfitRatio": 0.2770330652,
    "researchAndDevelopmentExpenses": 0,
    "generalAndAdministrativeExpenses": 0,
    "sellingAndMarketingExpenses": 0,
    "sellingGeneralAndAdministrativeExpenses": 445000000,
    "otherExpenses": 0,
    "operatingExpenses": 445000000,
    "costAndExpenses": 3681000000,
    "interestIncome": 0,
    "interestExpense": 98000000,
    "depreciationAndAmortization": 527000000,
    "ebitda": 1081000000,
    "ebitdaratio": 0.241510277,
    "operatingIncome": 795000000,
    "operatingIncomeRatio": 0.177613941,
    "totalOtherIncomeExpensesNet": -339000000,
    "incomeBeforeTax": 456000000,
    "incomeBeforeTaxRatio": 0.1018766756,
    "incomeTaxExpense": 105000000,
    "netIncome": 351000000,
    "netIncomeRatio": 0.0784182306,
    "eps": 0.83,
    "epsdiluted": 0.83,
    "weightedAverageShsOut": 421600000,
    "weightedAverageShsOutDil": 423600000,
    "link": "https://www.sec.gov/Archives/edgar/data/823768/000155837021009319/0001558370-21-009319-index.htm",
    "finalLink": "https://www.sec.gov/Archives/edgar/data/823768/000155837021009319/wm-20210630x10q.htm"
  },
  {
    "date": "2021-03-31",
    "symbol": "WM",
    "reportedCurrency": "USD",
    "cik": "0000823768",
    "fillingDate": "2021-04-27",
    "acceptedDate": "2021-04-27 11:01:18",
    "calendarYear": "2021",
    "period": "Q1",
    "revenue": 4112000000,
    "costOfRevenue": 2986000000,
    "grossProfit": 1126000000,
    "grossProfitRatio": 0.2738326848,
    "researchAndDevelopmentExpenses": 0,
    "generalAndAdministrativeExpenses": 0,
    "sellingAndMarketingExpenses": 0,
    "sellingGeneralAndAdministrativeExpenses": 458000000,
    "otherExpenses": 0,
    "operatingExpenses": 458000000,
    "costAndExpenses": 3444000000,
    "interestIncome": 0,
    "interestExpense": 97000000,
    "depreciationAndAmortization": 498000000,
    "ebitda": 1140000000,
    "ebitdaratio": 0.2772373541,
    "operatingIncome": 668000000,
    "operatingIncomeRatio": 0.1624513619,
    "totalOtherIncomeExpensesNet": -123000000,
    "incomeBeforeTax": 545000000,
    "incomeBeforeTaxRatio": 0.1325389105,
    "incomeTaxExpense": 124000000,
    "netIncome": 421000000,
    "netIncomeRatio": 0.1023832685,
    "eps": 1,
    "epsdiluted": 0.99,
    "weightedAverageShsOut": 422900000,
    "weightedAverageShsOutDil": 424300000,
    "link": "https://www.sec.gov/Archives/edgar/data/823768/000155837021004862/0001558370-21-004862-index.htm",
    "finalLink": "https://www.sec.gov/Archives/edgar/data/823768/000155837021004862/wm-20210331x10q.htm"
  },
  {
    "date": "2020-12-31",
    "symbol": "WM",
    "reportedCurrency": "USD",
    "cik": "0000823768",
    "fillingDate": "2021-02-22",
    "acceptedDate": "2021-02-22 12:48:17",
    "calendarYear": "2020",
    "period": "Q4",
    "revenue": 4067000000,
    "costOfRevenue": 2936000000,
    "grossProfit": 1131000000,
    "grossProfitRatio": 0.2780919597,
    "researchAndDevelopmentExpenses": 0,
    "generalAndAdministrativeExpenses": 0,
    "sellingAndMarketingExpenses": 0,
    "sellingGeneralAndAdministrativeExpenses": 510000000,
    "otherExpenses": 0,
    "operatingExpenses": 510000000,
    "costAndExpenses": 3446000000,
    "interestIncome": 0,
    "interestExpense": 97000000,
    "depreciationAndAmortization": 464000000,
    "ebitda": 1108000000,
    "ebitdaratio": 0.2724366855,
    "operatingIncome": 621000000,
    "operatingIncomeRatio": 0.1526924023,
    "totalOtherIncomeExpensesNet": -74000000,
    "incomeBeforeTax": 547000000,
    "incomeBeforeTaxRatio": 0.1344971724,
    "incomeTaxExpense": 109000000,
    "netIncome": 438000000,
    "netIncomeRatio": 0.1076960905,
    "eps": 1.04,
    "epsdiluted": 1.03,
    "weightedAverageShsOut": 422900000,
    "weightedAverageShsOutDil": 425100000,
    "link": "https://www.sec.gov/Archives/edgar/data/823768/000155837021001348/0001558370-21-001348-index.htm",
    "finalLink": "https://www.sec.gov/Archives/edgar/data/823768/000155837021001348/wm-20201231x10k.htm"
  },
  {
    "date": "2020-09-30",
    "symbol": "WM",
    "reportedCurrency": "USD",
    "cik": "0000823768",
    "fillingDate": "2020-11-02",
    "acceptedDate": "2020-11-02 11:41:23",
    "calendarYear": "2020",
    "period": "Q3",
    "revenue": 3861000000,
    "costOfRevenue": 2751000000,
    "grossProfit": 1110000000,
    "grossProfitRatio": 0.2874902875,
    "researchAndDevelopmentExpenses": 0,
    "generalAndAdministrativeExpenses": 0,
    "sellingAndMarketingExpenses": 0,
    "sellingGeneralAndAdministrativeExpenses": 416000000,
    "otherExpenses": 0,
    "operatingExpenses": 416000000,
    "costAndExpenses": 3167000000,
    "interestIncome": 0,
    "interestExpense": 97000000,
    "depreciationAndAmortization": 445000000,
    "ebitda": 1058000000,
    "ebitdaratio": 0.274022274,
    "operatingIncome": 694000000,
    "operatingIncomeRatio": 0.1797461797,
    "totalOtherIncomeExpensesNet": -178000000,
    "incomeBeforeTax": 516000000,
    "incomeBeforeTaxRatio": 0.1336441336,
    "incomeTaxExpense": 126000000,
    "netIncome": 390000000,
    "netIncomeRatio": 0.101010101,
    "eps": 0.92,
    "epsdiluted": 0.92,
    "weightedAverageShsOut": 422700000,
    "weightedAverageShsOutDil": 424600000,
    "link": "https://www.sec.gov/Archives/edgar/data/823768/000155837020012210/0001558370-20-012210-index.htm",
    "finalLink": "https://www.sec.gov/Archives/edgar/data/823768/000155837020012210/wm-20200930x10q.htm"
  },
  {
    "date": "2020-06-30",
    "symbol": "WM",
    "reportedCurrency": "USD",
    "cik": "0000823768",
    "fillingDate": "2020-07-30",
    "acceptedDate": "2020-07-30 18:39:51",
    "calendarYear": "2020",
    "period": "Q2",
    "revenue": 3561000000,
    "costOfRevenue": 2594000000,
    "grossProfit": 967000000,
    "grossProfitRatio": 0.2715529346,
    "researchAndDevelopmentExpenses": 0,
    "generalAndAdministrativeExpenses": 0,
    "sellingAndMarketingExpenses": 0,
    "sellingGeneralAndAdministrativeExpenses": 377000000,
    "otherExpenses": 0,
    "operatingExpenses": 377000000,
    "costAndExpenses": 2971000000,
    "interestIncome": 0,
    "interestExpense": 119000000,
    "depreciationAndAmortization": 439000000,
    "ebitda": 953000000,
    "ebitdaratio": 0.2676214546,
    "operatingIncome": 590000000,
    "operatingIncomeRatio": 0.1656837967,
    "totalOtherIncomeExpensesNet": -195000000,
    "incomeBeforeTax": 395000000,
    "incomeBeforeTaxRatio": 0.1109238978,
    "incomeTaxExpense": 88000000,
    "netIncome": 307000000,
    "netIncomeRatio": 0.0862117383,
    "eps": 0.73,
    "epsdiluted": 0.72,
    "weightedAverageShsOut": 422300000,
    "weightedAverageShsOutDil": 423900000,
    "link": "https://www.sec.gov/Archives/edgar/data/823768/000155837020008751/0001558370-20-008751-index.htm",
    "finalLink": "https://www.sec.gov/Archives/edgar/data/823768/000155837020008751/wm-20200630x10q.htm"
  },
  {
    "date": "2020-03-31",
    "symbol": "WM",
    "reportedCurrency": "USD",
    "cik": "0000823768",
    "fillingDate": "2020-05-06",
    "acceptedDate": "2020-05-06 13:17:24",
    "calendarYear": "2020",
    "period": "Q1",
    "revenue": 3729000000,
    "costOfRevenue": 2731000000,
    "grossProfit": 998000000,
    "grossProfitRatio": 0.2676320729,
    "researchAndDevelopmentExpenses": 0,
    "generalAndAdministrativeExpenses": 0,
    "sellingAndMarketingExpenses": 0,
    "sellingGeneralAndAdministrativeExpenses": 425000000,
    "otherExpenses": 0,
    "operatingExpenses": 425000000,
    "costAndExpenses": 3156000000,
    "interestIncome": 0,
    "interestExpense": 112000000,
    "depreciationAndAmortization": 426000000,
    "ebitda": 973000000,
    "ebitdaratio": 0.2609278627,
    "operatingIncome": 573000000,
    "operatingIncomeRatio": 0.1536604988,
    "totalOtherIncomeExpensesNet": -138000000,
    "incomeBeforeTax": 435000000,
    "incomeBeforeTaxRatio": 0.1166532582,
    "incomeTaxExpense": 74000000,
    "netIncome": 361000000,
    "netIncomeRatio": 0.0968087959,
    "eps": 0.85,
    "epsdiluted": 0.85,
    "weightedAverageShsOut": 424200000,
    "weightedAverageShsOutDil": 426400000,
    "link": "https://www.sec.gov/Archives/edgar/data/823768/000155837020005352/0001558370-20-005352-index.htm",
    "finalLink": "https://www.sec.gov/Archives/edgar/data/823768/000155837020005352/wm-20200506x10q.htm"
  },
  {
    "date": "2019-12-31",
    "symbol": "WM",
    "reportedCurrency": "USD",
    "cik": "0000823768",
    "fillingDate": "2020-02-13",
    "acceptedDate": "2020-02-13 12:26:01",
    "calendarYear": "2019",
    "period": "Q4",
    "revenue": 3846000000,
    "costOfRevenue": 2709000000,
    "grossProfit": 1137000000,
    "grossProfitRatio": 0.2956318253,
    "researchAndDevelopmentExpenses": 0,
    "generalAndAdministrativeExpenses": 0,
    "sellingAndMarketingExpenses": 0,
    "sellingGeneralAndAdministrativeExpenses": 445000000,
    "otherExpenses": 0,
    "operatingExpenses": 445000000,
    "costAndExpenses": 3154000000,
    "interestIncome": 0,
    "interestExpense": 110000000,
    "depreciationAndAmortization": 421000000,
    "ebitda": 1062000000,
    "ebitdaratio": 0.2761310452,
    "operatingIncome": 692000000,
    "operatingIncomeRatio": 0.1799271971,
    "totalOtherIncomeExpensesNet": -161000000,
    "incomeBeforeTax": 531000000,
    "incomeBeforeTaxRatio": 0.1380655226,
    "incomeTaxExpense": 84000000,
    "netIncome": 447000000,
    "netIncomeRatio": 0.116224649,
    "eps": 1.05,
    "epsdiluted": 1.05,
    "weightedAverageShsOut": 424500000,
    "weightedAverageShsOutDil": 427400000,
    "link": "https://www.sec.gov/Archives/edgar/data/823768/000155837020000762/0001558370-20-000762-index.htm",
    "finalLink": "https://www.sec.gov/Archives/edgar/data/823768/000155837020000762/wm-20191231x10kba4080.htm"
  },
  {
    "date": "2019-09-30",
    "symbol": "WM",
    "reportedCurrency": "USD",
    "cik": "0000823768",
    "fillingDate": "2019-10-23",
    "acceptedDate": "2019-10-23 12:44:26",
    "calendarYear": "2019",
    "period": "Q3",
    "revenue": 3967000000,
    "costOfRevenue": 2845000000,
    "grossProfit": 1122000000,
    "grossProfitRatio": 0.2828333753,
    "researchAndDevelopmentExpenses": 0,
    "generalAndAdministrativeExpenses": 0,
    "sellingAndMarketingExpenses": 0,
    "sellingGeneralAndAdministrativeExpenses": 386000000,
    "otherExpenses": 0,
    "operatingExpenses": 386000000,
    "costAndExpenses": 3231000000,
    "interestIncome": 0,
    "interestExpense": 105000000,
    "depreciationAndAmortization": 429000000,
    "ebitda": 1149000000,
    "ebitdaratio": 0.2896395261,
    "operatingIncome": 736000000,
    "operatingIncomeRatio": 0.1855306277,
    "totalOtherIncomeExpensesNet": -121000000,
    "incomeBeforeTax": 615000000,
    "incomeBeforeTaxRatio": 0.1550289892,
    "incomeTaxExpense": 120000000,
    "netIncome": 495000000,
    "netIncomeRatio": 0.1247794303,
    "eps": 1.17,
    "epsdiluted": 1.16,
    "weightedAverageShsOut": 424500000,
    "weightedAverageShsOutDil": 427400000,
    "link": "https://www.sec.gov/Archives/edgar/data/823768/000155837019009032/0001558370-19-009032-index.htm",
    "finalLink": "https://www.sec.gov/Archives/edgar/data/823768/000155837019009032/wm-20190930x10q.htm"
  },
  {
    "date": "2019-06-30",
    "symbol": "WM",
    "reportedCurrency": "USD",
    "cik": "0000823768",
    "fillingDate": "2019-07-25",
    "acceptedDate": "2019-07-25 12:31:51",
    "calendarYear": "2019",
    "period": "Q2",
    "revenue": 3946000000,
    "costOfRevenue": 2852000000,
    "grossProfit": 1094000000,
    "grossProfitRatio": 0.2772427775,
    "researchAndDevelopmentExpenses": 0,
    "generalAndAdministrativeExpenses": 0,
    "sellingAndMarketingExpenses": 0,
    "sellingGeneralAndAdministrativeExpenses": 391000000,
    "otherExpenses": 0,
    "operatingExpenses": 391000000,
    "costAndExpenses": 3243000000,
    "interestIncome": 0,
    "interestExpense": 100000000,
    "depreciationAndAmortization": 433000000,
    "ebitda": 1030000000,
    "ebitdaratio": 0.2610238216,
    "operatingIncome": 703000000,
    "operatingIncomeRatio": 0.1781550938,
    "totalOtherIncomeExpensesNet": -206000000,
    "incomeBeforeTax": 497000000,
    "incomeBeforeTaxRatio": 0.1259503294,
    "incomeTaxExpense": 115000000,
    "netIncome": 381000000,
    "netIncomeRatio": 0.0965534719,
    "eps": 0.9,
    "epsdiluted": 0.89,
    "weightedAverageShsOut": 424800000,
    "weightedAverageShsOutDil": 427500000,
    "link": "https://www.sec.gov/Archives/edgar/data/823768/000155837019006306/0001558370-19-006306-index.htm",
    "finalLink": "https://www.sec.gov/Archives/edgar/data/823768/000155837019006306/wm-20190630x10q.htm"
  },
  {
    "date": "2019-03-31",
    "symbol": "WM",
    "reportedCurrency": "USD",
    "cik": "0000823768",
    "fillingDate": "2019-04-25",
    "acceptedDate": "2019-04-25 13:11:22",
    "calendarYear": "2019",
    "period": "Q1",
    "revenue": 3696000000,
    "costOfRevenue": 2664000000,
    "grossProfit": 1032000000,
    "grossProfitRatio": 0.2792207792,
    "researchAndDevelopmentExpenses": 0,
    "generalAndAdministrativeExpenses": 0,
    "sellingAndMarketingExpenses": 0,
    "sellingGeneralAndAdministrativeExpenses": 409000000,
    "otherExpenses": 0,
    "operatingExpenses": 409000000,
    "costAndExpenses": 3073000000,
    "interestIncome": 0,
    "interestExpense": 96000000,
    "depreciationAndAmortization": 389000000,
    "ebitda": 947000000,
    "ebitdaratio": 0.2562229437,
    "operatingIncome": 623000000,
    "operatingIncomeRatio": 0.1685606061,
    "totalOtherIncomeExpensesNet": -161000000,
    "incomeBeforeTax": 462000000,
    "incomeBeforeTaxRatio": 0.125,
    "incomeTaxExpense": 115000000,
    "netIncome": 347000000,
    "netIncomeRatio": 0.0938852814,
    "eps": 0.82,
    "epsdiluted": 0.81,
    "weightedAverageShsOut": 424500000,
    "weightedAverageShsOutDil": 426900000,
    "link": "https://www.sec.gov/Archives/edgar/data/823768/000155837019003279/0001558370-19-003279-index.htm",
    "finalLink": "https://www.sec.gov/Archives/edgar/data/823768/000155837019003279/wm-20190331x10q.htm"
  },
  {
    "date": "2018-12-31",
    "symbol": "WM",
    "reportedCurrency": "USD",
    "cik": "0000823768",
    "fillingDate": "2019-02-14",
    "acceptedDate": "2019-02-14 11:54:21",
    "calendarYear": "2018",
    "period": "Q4",
    "revenue": 3842000000,
    "costOfRevenue": 2749000000,
    "grossProfit": 1093000000,
    "grossProfitRatio": 0.2844872462,
    "researchAndDevelopmentExpenses": 0,
    "generalAndAdministrativeExpenses": 0,
    "sellingAndMarketingExpenses": 0,
    "sellingGeneralAndAdministrativeExpenses": 370000000,
    "otherExpenses": 0,
    "operatingExpenses": 370000000,
    "costAndExpenses": 3119000000,
    "interestIncome": 0,
    "interestExpense": 97000000,
    "depreciationAndAmortization": 394000000,
    "ebitda": 1150000000,
    "ebitdaratio": 0.2993232691,
    "operatingIncome": 723000000,
    "operatingIncomeRatio": 0.1881832379,
    "totalOtherIncomeExpensesNet": -64000000,
    "incomeBeforeTax": 659000000,
    "incomeBeforeTaxRatio": 0.1715252473,
    "incomeTaxExpense": 128000000,
    "netIncome": 531000000,
    "netIncomeRatio": 0.138209266,
    "eps": 1.25,
    "epsdiluted": 1.24,
    "weightedAverageShsOut": 425300000,
    "weightedAverageShsOutDil": 428500000,
    "link": "https://www.sec.gov/Archives/edgar/data/823768/000155837019000662/0001558370-19-000662-index.htm",
    "finalLink": "https://www.sec.gov/Archives/edgar/data/823768/000155837019000662/wm-20181231x10k.htm"
  },
  {
    "date": "2018-09-30",
    "symbol": "WM",
    "reportedCurrency": "USD",
    "cik": "0000823768",
    "fillingDate": "2018-10-25",
    "acceptedDate": "2018-10-25 11:30:08",
    "calendarYear": "2018",
    "period": "Q3",
    "revenue": 3822000000,
    "costOfRevenue": 2749000000,
    "grossProfit": 1073000000,
    "grossProfitRatio": 0.2807430665,
    "researchAndDevelopmentExpenses": 0,
    "generalAndAdministrativeExpenses": 0,
    "sellingAndMarketingExpenses": 0,
    "sellingGeneralAndAdministrativeExpenses": 345000000,
    "otherExpenses": 0,
    "operatingExpenses": 345000000,
    "costAndExpenses": 3094000000,
    "interestIncome": 0,
    "interestExpense": 93000000,
    "depreciationAndAmortization": 400000000,
    "ebitda": 1090000000,
    "ebitdaratio": 0.2851909995,
    "operatingIncome": 728000000,
    "operatingIncomeRatio": 0.1904761905,
    "totalOtherIncomeExpensesNet": -131000000,
    "incomeBeforeTax": 597000000,
    "incomeBeforeTaxRatio": 0.1562009419,
    "incomeTaxExpense": 99000000,
    "netIncome": 499000000,
    "netIncomeRatio": 0.1305599163,
    "eps": 1.16,
    "epsdiluted": 1.16,
    "weightedAverageShsOut": 427900000,
    "weightedAverageShsOutDil": 430800000,
    "link": "https://www.sec.gov/Archives/edgar/data/823768/000155837018007858/0001558370-18-007858-index.htm",
    "finalLink": "https://www.sec.gov/Archives/edgar/data/823768/000155837018007858/wm-20180930x10q.htm"
  },
  {
    "date": "2018-06-30",
    "symbol": "WM",
    "reportedCurrency": "USD",
    "cik": "0000823768",
    "fillingDate": "2018-07-25",
    "acceptedDate": "2018-07-25 11:58:01",
    "calendarYear": "2018",
    "period": "Q2",
    "revenue": 3739000000,
    "costOfRevenue": 2697000000,
    "grossProfit": 1042000000,
    "grossProfitRatio": 0.2786841401,
    "researchAndDevelopmentExpenses": 0,
    "generalAndAdministrativeExpenses": 0,
    "sellingAndMarketingExpenses": 0,
    "sellingGeneralAndAdministrativeExpenses": 365000000,
    "otherExpenses": 0,
    "operatingExpenses": 365000000,
    "costAndExpenses": 3062000000,
    "interestIncome": 0,
    "interestExpense": 93000000,
    "depreciationAndAmortization": 408000000,
    "ebitda": 1110000000,
    "ebitdaratio": 0.2968708211,
    "operatingIncome": 677000000,
    "operatingIncomeRatio": 0.1810644557,
    "totalOtherIncomeExpensesNet": -68000000,
    "incomeBeforeTax": 609000000,
    "incomeBeforeTaxRatio": 0.1628777748,
    "incomeTaxExpense": 110000000,
    "netIncome": 499000000,
    "netIncomeRatio": 0.1334581439,
    "eps": 1.16,
    "epsdiluted": 1.15,
    "weightedAverageShsOut": 429900000,
    "weightedAverageShsOutDil": 432300000,
    "link": "https://www.sec.gov/Archives/edgar/data/823768/000155837018005703/0001558370-18-005703-index.htm",
    "finalLink": "https://www.sec.gov/Archives/edgar/data/823768/000155837018005703/wm-20180630x10q.htm"
  },
  {
    "date": "2018-03-31",
    "symbol": "WM",
    "reportedCurrency": "USD",
    "cik": "0000823768",
    "fillingDate": "2018-04-23",
    "acceptedDate": "2018-04-23 10:06:15",
    "calendarYear": "2018",
    "period": "Q1",
    "revenue": 3511000000,
    "costOfRevenue": 2531000000,
    "grossProfit": 980000000,
    "grossProfitRatio": 0.279122757,
    "researchAndDevelopmentExpenses": 0,
    "generalAndAdministrativeExpenses": 0,
    "sellingAndMarketingExpenses": 0,
    "sellingGeneralAndAdministrativeExpenses": 373000000,
    "otherExpenses": 0,
    "operatingExpenses": 373000000,
    "costAndExpenses": 2904000000,
    "interestIncome": 0,
    "interestExpense": 91000000,
    "depreciationAndAmortization": 370000000,
    "ebitda": 972000000,
    "ebitdaratio": 0.2768442039,
    "operatingIncome": 607000000,
    "operatingIncomeRatio": 0.1728852179,
    "totalOtherIncomeExpensesNet": -96000000,
    "incomeBeforeTax": 511000000,
    "incomeBeforeTaxRatio": 0.1455425805,
    "incomeTaxExpense": 116000000,
    "netIncome": 396000000,
    "netIncomeRatio": 0.1127883794,
    "eps": 0.91,
    "epsdiluted": 0.91,
    "weightedAverageShsOut": 433300000,
    "weightedAverageShsOutDil": 435800000,
    "link": "https://www.sec.gov/Archives/edgar/data/823768/000155837018003147/0001558370-18-003147-index.htm",
    "finalLink": "https://www.sec.gov/Archives/edgar/data/823768/000155837018003147/wm-20180331x10q.htm"
  },
  {
    "date": "2017-12-31",
    "symbol": "WM",
    "reportedCurrency": "USD",
    "cik": "0000823768",
    "fillingDate": "2018-02-15",
    "acceptedDate": "2018-02-15 12:17:48",
    "calendarYear": "2017",
    "period": "Q4",
    "revenue": 3652000000,
    "costOfRevenue": 2986000000,
    "grossProfit": 666000000,
    "grossProfitRatio": 0.1823658269,
    "researchAndDevelopmentExpenses": 0,
    "generalAndAdministrativeExpenses": 0,
    "sellingAndMarketingExpenses": 0,
    "sellingGeneralAndAdministrativeExpenses": 369000000,
    "otherExpenses": 0,
    "operatingExpenses": 369000000,
    "costAndExpenses": 3355000000,
    "interestIncome": 0,
    "interestExpense": 91000000,
    "depreciationAndAmortization": 748000000,
    "ebitda": 1042000000,
    "ebitdaratio": 0.2853231106,
    "operatingIncome": 297000000,
    "operatingIncomeRatio": 0.0813253012,
    "totalOtherIncomeExpensesNet": 287000000,
    "incomeBeforeTax": 584000000,
    "incomeBeforeTaxRatio": 0.1599123768,
    "incomeTaxExpense": -319000000,
    "netIncome": 903000000,
    "netIncomeRatio": 0.2472617744,
    "eps": 2.08,
    "epsdiluted": 2.06,
    "weightedAverageShsOut": 434400000,
    "weightedAverageShsOutDil": 437700000,
    "link": "https://www.sec.gov/Archives/edgar/data/823768/000155837018000716/0001558370-18-000716-index.htm",
    "finalLink": "https://www.sec.gov/Archives/edgar/data/823768/000155837018000716/wm-20171231x10k.htm"
  },
  {
    "date": "2017-09-30",
    "symbol": "WM",
    "reportedCurrency": "USD",
    "cik": "0000823768",
    "fillingDate": "2017-10-26",
    "acceptedDate": "2017-10-26 12:01:06",
    "calendarYear": "2017",
    "period": "Q3",
    "revenue": 3716000000,
    "costOfRevenue": 2652000000,
    "grossProfit": 1064000000,
    "grossProfitRatio": 0.2863293864,
    "researchAndDevelopmentExpenses": 0,
    "generalAndAdministrativeExpenses": 0,
    "sellingAndMarketingExpenses": 0,
    "sellingGeneralAndAdministrativeExpenses": 356000000,
    "otherExpenses": 0,
    "operatingExpenses": 356000000,
    "costAndExpenses": 3008000000,
    "interestIncome": 0,
    "interestExpense": 89000000,
    "depreciationAndAmortization": 374000000,
    "ebitda": 1066000000,
    "ebitdaratio": 0.2868675996,
    "operatingIncome": 708000000,
    "operatingIncomeRatio": 0.1905274489,
    "totalOtherIncomeExpensesNet": -105000000,
    "incomeBeforeTax": 603000000,
    "incomeBeforeTaxRatio": 0.1622712594,
    "incomeTaxExpense": 215000000,
    "netIncome": 386000000,
    "netIncomeRatio": 0.1038751346,
    "eps": 0.88,
    "epsdiluted": 0.87,
    "weightedAverageShsOut": 437800000,
    "weightedAverageShsOutDil": 440800000,
    "link": "https://www.sec.gov/Archives/edgar/data/823768/000155837017007569/0001558370-17-007569-index.htm",
    "finalLink": "https://www.sec.gov/Archives/edgar/data/823768/000155837017007569/wm-20170930x10q.htm"
  },
  {
    "date": "2017-06-30",
    "symbol": "WM",
    "reportedCurrency": "USD",
    "cik": "0000823768",
    "fillingDate": "2017-07-26",
    "acceptedDate": "2017-07-26 11:44:42",
    "calendarYear": "2017",
    "period": "Q2",
    "revenue": 3677000000,
    "costOfRevenue": 2646000000,
    "grossProfit": 1031000000,
    "grossProfitRatio": 0.2803916236,
    "researchAndDevelopmentExpenses": 0,
    "generalAndAdministrativeExpenses": 0,
    "sellingAndMarketingExpenses": 0,
    "sellingGeneralAndAdministrativeExpenses": 353000000,
    "otherExpenses": 0,
    "operatingExpenses": 353000000,
    "costAndExpenses": 2999000000,
    "interestIncome": 0,
    "interestExpense": 90000000,
    "depreciationAndAmortization": 380000000,
    "ebitda": 1040000000,
    "ebitdaratio": 0.2828392711,
    "operatingIncome": 678000000,
    "operatingIncomeRatio": 0.1843894479,
    "totalOtherIncomeExpensesNet": -108000000,
    "incomeBeforeTax": 570000000,
    "incomeBeforeTaxRatio": 0.1550176775,
    "incomeTaxExpense": 209000000,
    "netIncome": 362000000,
    "netIncomeRatio": 0.0984498232,
    "eps": 0.82,
    "epsdiluted": 0.81,
    "weightedAverageShsOut": 441900000,
    "weightedAverageShsOutDil": 444400000,
    "link": "https://www.sec.gov/Archives/edgar/data/823768/000119312517236070/0001193125-17-236070-index.htm",
    "finalLink": "https://www.sec.gov/Archives/edgar/data/823768/000119312517236070/d393171d10q.htm"
  },
  {
    "date": "2017-03-31",
    "symbol": "WM",
    "reportedCurrency": "USD",
    "cik": "0000823768",
    "fillingDate": "2017-04-26",
    "acceptedDate": "2017-04-26 11:28:09",
    "calendarYear": "2017",
    "period": "Q1",
    "revenue": 3440000000,
    "costOfRevenue": 2494000000,
    "grossProfit": 946000000,
    "grossProfitRatio": 0.275,
    "researchAndDevelopmentExpenses": 0,
    "generalAndAdministrativeExpenses": 0,
    "sellingAndMarketingExpenses": 0,
    "sellingGeneralAndAdministrativeExpenses": 390000000,
    "otherExpenses": 0,
    "operatingExpenses": 390000000,
    "costAndExpenses": 2884000000,
    "interestIncome": 0,
    "interestExpense": 89000000,
    "depreciationAndAmortization": 351000000,
    "ebitda": 874000000,
    "ebitdaratio": 0.2540697674,
    "operatingIncome": 556000000,
    "operatingIncomeRatio": 0.161627907,
    "totalOtherIncomeExpensesNet": -122000000,
    "incomeBeforeTax": 434000000,
    "incomeBeforeTaxRatio": 0.1261627907,
    "incomeTaxExpense": 137000000,
    "netIncome": 298000000,
    "netIncomeRatio": 0.086627907,
    "eps": 0.68,
    "epsdiluted": 0.67,
    "weightedAverageShsOut": 441300000,
    "weightedAverageShsOutDil": 444100000,
    "link": "https://www.sec.gov/Archives/edgar/data/823768/000119312517138491/0001193125-17-138491-index.htm",
    "finalLink": "https://www.sec.gov/Archives/edgar/data/823768/000119312517138491/d355982d10q.htm"
  },
  {
    "date": "2016-12-31",
    "symbol": "WM",
    "reportedCurrency": "USD",
    "cik": "0000823768",
    "fillingDate": "2017-02-16",
    "acceptedDate": "2017-02-16 14:12:46",
    "calendarYear": "2016",
    "period": "Q4",
    "revenue": 3460000000,
    "costOfRevenue": 2460000000,
    "grossProfit": 1000000000,
    "grossProfitRatio": 0.289017341,
    "researchAndDevelopmentExpenses": 0,
    "generalAndAdministrativeExpenses": 0,
    "sellingAndMarketingExpenses": 0,
    "sellingGeneralAndAdministrativeExpenses": 378000000,
    "otherExpenses": 0,
    "operatingExpenses": 378000000,
    "costAndExpenses": 2838000000,
    "interestIncome": 0,
    "interestExpense": 94000000,
    "depreciationAndAmortization": 329000000,
    "ebitda": 933000000,
    "ebitdaratio": 0.2696531792,
    "operatingIncome": 622000000,
    "operatingIncomeRatio": 0.1797687861,
    "totalOtherIncomeExpensesNet": -112000000,
    "incomeBeforeTax": 510000000,
    "incomeBeforeTaxRatio": 0.1473988439,
    "incomeTaxExpense": 176000000,
    "netIncome": 335000000,
    "netIncomeRatio": 0.0968208092,
    "eps": 0.76,
    "epsdiluted": 0.75,
    "weightedAverageShsOut": 441100000,
    "weightedAverageShsOutDil": 444200000,
    "link": "https://www.sec.gov/Archives/edgar/data/823768/000119312517046480/0001193125-17-046480-index.htm",
    "finalLink": "https://www.sec.gov/Archives/edgar/data/823768/000119312517046480/d252547d10k.htm"
  },
  {
    "date": "2016-09-30",
    "symbol": "WM",
    "reportedCurrency": "USD",
    "cik": "0000823768",
    "fillingDate": "2016-10-26",
    "acceptedDate": "2016-10-26 11:28:18",
    "calendarYear": "2016",
    "period": "Q3",
    "revenue": 3548000000,
    "costOfRevenue": 2552000000,
    "grossProfit": 996000000,
    "grossProfitRatio": 0.2807215333,
    "researchAndDevelopmentExpenses": 0,
    "generalAndAdministrativeExpenses": 0,
    "sellingAndMarketingExpenses": 0,
    "sellingGeneralAndAdministrativeExpenses": 330000000,
    "otherExpenses": 0,
    "operatingExpenses": 330000000,
    "costAndExpenses": 2882000000,
    "interestIncome": 0,
    "interestExpense": 91000000,
    "depreciationAndAmortization": 359000000,
    "ebitda": 907000000,
    "ebitdaratio": 0.2556369786,
    "operatingIncome": 666000000,
    "operatingIncomeRatio": 0.1877113867,
    "totalOtherIncomeExpensesNet": -209000000,
    "incomeBeforeTax": 457000000,
    "incomeBeforeTaxRatio": 0.1288049605,
    "incomeTaxExpense": 153000000,
    "netIncome": 302000000,
    "netIncomeRatio": 0.0851183766,
    "eps": 0.68,
    "epsdiluted": 0.68,
    "weightedAverageShsOut": 442900000,
    "weightedAverageShsOutDil": 445700000,
    "link": "https://www.sec.gov/Archives/edgar/data/823768/000119312516747491/0001193125-16-747491-index.htm",
    "finalLink": "https://www.sec.gov/Archives/edgar/data/823768/000119312516747491/d230847d10q.htm"
  },
  {
    "date": "2016-06-30",
    "symbol": "WM",
    "reportedCurrency": "USD",
    "cik": "0000823768",
    "fillingDate": "2016-07-27",
    "acceptedDate": "2016-07-27 11:25:17",
    "calendarYear": "2016",
    "period": "Q2",
    "revenue": 3425000000,
    "costOfRevenue": 2130000000,
    "grossProfit": 1295000000,
    "grossProfitRatio": 0.3781021898,
    "researchAndDevelopmentExpenses": 0,
    "generalAndAdministrativeExpenses": 333000000,
    "sellingAndMarketingExpenses": 0,
    "sellingGeneralAndAdministrativeExpenses": 333000000,
    "otherExpenses": -40000000,
    "operatingExpenses": 680000000,
    "costAndExpenses": 2810000000,
    "interestIncome": 0,
    "interestExpense": 93000000,
    "depreciationAndAmortization": 340000000,
    "ebitda": 955000000,
    "ebitdaratio": 0.2788321168,
    "operatingIncome": 611000000,
    "operatingIncomeRatio": 0.1783941606,
    "totalOtherIncomeExpensesNet": -152000000,
    "incomeBeforeTax": 459000000,
    "incomeBeforeTaxRatio": 0.1340145985,
    "incomeTaxExpense": 173000000,
    "netIncome": 287000000,
    "netIncomeRatio": 0.0837956204,
    "eps": 0.65,
    "epsdiluted": 0.64,
    "weightedAverageShsOut": 444000000,
    "weightedAverageShsOutDil": 446700000,
    "link": "https://www.sec.gov/Archives/edgar/data/823768/000119312516659444/0001193125-16-659444-index.htm",
    "finalLink": "https://www.sec.gov/Archives/edgar/data/823768/000119312516659444/d189485d10q.htm"
  },
  {
    "date": "2016-03-31",
    "symbol": "WM",
    "reportedCurrency": "USD",
    "cik": "0000823768",
    "fillingDate": "2016-04-28",
    "acceptedDate": "2016-04-28 11:48:52",
    "calendarYear": "2016",
    "period": "Q1",
    "revenue": 3176000000,
    "costOfRevenue": 1993000000,
    "grossProfit": 1183000000,
    "grossProfitRatio": 0.3724811083,
    "researchAndDevelopmentExpenses": 0,
    "generalAndAdministrativeExpenses": 351000000,
    "sellingAndMarketingExpenses": 0,
    "sellingGeneralAndAdministrativeExpenses": 351000000,
    "otherExpenses": -9000000,
    "operatingExpenses": 674000000,
    "costAndExpenses": 2667000000,
    "interestIncome": 0,
    "interestExpense": 95000000,
    "depreciationAndAmortization": 312000000,
    "ebitda": 821000000,
    "ebitdaratio": 0.2585012594,
    "operatingIncome": 508000000,
    "operatingIncomeRatio": 0.1599496222,
    "totalOtherIncomeExpensesNet": -112000000,
    "incomeBeforeTax": 396000000,
    "incomeBeforeTaxRatio": 0.1246851385,
    "incomeTaxExpense": 140000000,
    "netIncome": 258000000,
    "netIncomeRatio": 0.0812342569,
    "eps": 0.58,
    "epsdiluted": 0.58,
    "weightedAverageShsOut": 446100000,
    "weightedAverageShsOutDil": 448600000,
    "link": "https://www.sec.gov/Archives/edgar/data/823768/000119312516561968/0001193125-16-561968-index.htm",
    "finalLink": "https://www.sec.gov/Archives/edgar/data/823768/000119312516561968/d162702d10q.htm"
  },
  {
    "date": "2015-12-31",
    "symbol": "WM",
    "reportedCurrency": "USD",
    "cik": "0000823768",
    "fillingDate": "2016-02-18",
    "acceptedDate": "2016-02-18 11:45:02",
    "calendarYear": "2015",
    "period": "Q4",
    "revenue": 3246000000,
    "costOfRevenue": 2027000000,
    "grossProfit": 1219000000,
    "grossProfitRatio": 0.3755391251,
    "researchAndDevelopmentExpenses": 0,
    "generalAndAdministrativeExpenses": 333000000,
    "sellingAndMarketingExpenses": 10000000,
    "sellingGeneralAndAdministrativeExpenses": 343000000,
    "otherExpenses": -5000000,
    "operatingExpenses": 644000000,
    "costAndExpenses": 2671000000,
    "interestIncome": 0,
    "interestExpense": 91000000,
    "depreciationAndAmortization": 301000000,
    "ebitda": 789000000,
    "ebitdaratio": 0.2430683919,
    "operatingIncome": 502000000,
    "operatingIncomeRatio": 0.1546518792,
    "totalOtherIncomeExpensesNet": -105000000,
    "incomeBeforeTax": 397000000,
    "incomeBeforeTaxRatio": 0.1223043746,
    "incomeTaxExpense": 124000000,
    "netIncome": 273000000,
    "netIncomeRatio": 0.084103512,
    "eps": 0.61,
    "epsdiluted": 0.61,
    "weightedAverageShsOut": 447300000,
    "weightedAverageShsOutDil": 450600000,
    "link": "https://www.sec.gov/Archives/edgar/data/823768/000119312516467957/0001193125-16-467957-index.htm",
    "finalLink": "https://www.sec.gov/Archives/edgar/data/823768/000119312516467957/d83265d10k.htm"
  },
  {
    "date": "2015-09-30",
    "symbol": "WM",
    "reportedCurrency": "USD",
    "cik": "0000823768",
    "fillingDate": "2015-10-27",
    "acceptedDate": "2015-10-27 11:35:29",
    "calendarYear": "2015",
    "period": "Q3",
    "revenue": 3360000000,
    "costOfRevenue": 2095000000,
    "grossProfit": 1265000000,
    "grossProfitRatio": 0.3764880952,
    "researchAndDevelopmentExpenses": 0,
    "generalAndAdministrativeExpenses": 322000000,
    "sellingAndMarketingExpenses": 0,
    "sellingGeneralAndAdministrativeExpenses": 322000000,
    "otherExpenses": -1000000,
    "operatingExpenses": 660000000,
    "costAndExpenses": 2755000000,
    "interestIncome": 0,
    "interestExpense": 95000000,
    "depreciationAndAmortization": 330000000,
    "ebitda": 935000000,
    "ebitdaratio": 0.2782738095,
    "operatingIncome": 601000000,
    "operatingIncomeRatio": 0.1788690476,
    "totalOtherIncomeExpensesNet": -105000000,
    "incomeBeforeTax": 496000000,
    "incomeBeforeTaxRatio": 0.1476190476,
    "incomeTaxExpense": 159000000,
    "netIncome": 335000000,
    "netIncomeRatio": 0.099702381,
    "eps": 0.75,
    "epsdiluted": 0.74,
    "weightedAverageShsOut": 449600000,
    "weightedAverageShsOutDil": 452700000,
    "link": "https://www.sec.gov/Archives/edgar/data/823768/000119312515354299/0001193125-15-354299-index.htm",
    "finalLink": "https://www.sec.gov/Archives/edgar/data/823768/000119312515354299/d69914d10q.htm"
  },
  {
    "date": "2015-06-30",
    "symbol": "WM",
    "reportedCurrency": "USD",
    "cik": "0000823768",
    "fillingDate": "2015-07-23",
    "acceptedDate": "2015-07-23 11:28:37",
    "calendarYear": "2015",
    "period": "Q2",
    "revenue": 3315000000,
    "costOfRevenue": 2163000000,
    "grossProfit": 1152000000,
    "grossProfitRatio": 0.3475113122,
    "researchAndDevelopmentExpenses": 0,
    "generalAndAdministrativeExpenses": 316000000,
    "sellingAndMarketingExpenses": 0,
    "sellingGeneralAndAdministrativeExpenses": 316000000,
    "otherExpenses": -1000000,
    "operatingExpenses": 644000000,
    "costAndExpenses": 2807000000,
    "interestIncome": 0,
    "interestExpense": 95000000,
    "depreciationAndAmortization": 322000000,
    "ebitda": 830000000,
    "ebitdaratio": 0.2503770739,
    "operatingIncome": 502000000,
    "operatingIncomeRatio": 0.1514328808,
    "totalOtherIncomeExpensesNet": -113000000,
    "incomeBeforeTax": 389000000,
    "incomeBeforeTaxRatio": 0.1173453997,
    "incomeTaxExpense": 116000000,
    "netIncome": 274000000,
    "netIncomeRatio": 0.0826546003,
    "eps": 0.6,
    "epsdiluted": 0.6,
    "weightedAverageShsOut": 455500000,
    "weightedAverageShsOutDil": 458000000,
    "link": "https://www.sec.gov/Archives/edgar/data/823768/000119312515260805/0001193125-15-260805-index.htm",
    "finalLink": "https://www.sec.gov/Archives/edgar/data/823768/000119312515260805/d925197d10q.htm"
  },
  {
    "date": "2015-03-31",
    "symbol": "WM",
    "reportedCurrency": "USD",
    "cik": "0000823768",
    "fillingDate": "2015-04-29",
    "acceptedDate": "2015-04-29 11:42:43",
    "calendarYear": "2015",
    "period": "Q1",
    "revenue": 3040000000,
    "costOfRevenue": 1946000000,
    "grossProfit": 1094000000,
    "grossProfitRatio": 0.3598684211,
    "researchAndDevelopmentExpenses": 0,
    "generalAndAdministrativeExpenses": 336000000,
    "sellingAndMarketingExpenses": 0,
    "sellingGeneralAndAdministrativeExpenses": 336000000,
    "otherExpenses": 304000000,
    "operatingExpenses": 640000000,
    "costAndExpenses": 2586000000,
    "interestIncome": 0,
    "interestExpense": 104000000,
    "depreciationAndAmortization": 292000000,
    "ebitda": -32000000,
    "ebitdaratio": -0.0105263158,
    "operatingIncome": 440000000,
    "operatingIncomeRatio": 0.1447368421,
    "totalOtherIncomeExpensesNet": -662000000,
    "incomeBeforeTax": -222000000,
    "incomeBeforeTaxRatio": -0.0730263158,
    "incomeTaxExpense": -91000000,
    "netIncome": -129000000,
    "netIncomeRatio": -0.0424342105,
    "eps": -0.28,
    "epsdiluted": -0.28,
    "weightedAverageShsOut": 458500000,
    "weightedAverageShsOutDil": 458500000,
    "link": "https://www.sec.gov/Archives/edgar/data/823768/000119312515155291/0001193125-15-155291-index.htm",
    "finalLink": "https://www.sec.gov/Archives/edgar/data/823768/000119312515155291/d886749d10q.htm"
  },
  {
    "date": "2014-12-31",
    "symbol": "WM",
    "reportedCurrency": "USD",
    "cik": "0000823768",
    "fillingDate": "2015-02-17",
    "acceptedDate": "2015-02-17 12:21:00",
    "calendarYear": "2014",
    "period": "Q4",
    "revenue": 3437000000,
    "costOfRevenue": 2170000000,
    "grossProfit": 1267000000,
    "grossProfitRatio": 0.3686354379,
    "researchAndDevelopmentExpenses": 0,
    "generalAndAdministrativeExpenses": 366000000,
    "sellingAndMarketingExpenses": 10000000,
    "sellingGeneralAndAdministrativeExpenses": 376000000,
    "otherExpenses": -22000000,
    "operatingExpenses": 683000000,
    "costAndExpenses": 2853000000,
    "interestIncome": 1000000,
    "interestExpense": 115000000,
    "depreciationAndAmortization": 307000000,
    "ebitda": 1020000000,
    "ebitdaratio": 0.2967704393,
    "operatingIncome": 752000000,
    "operatingIncomeRatio": 0.2187954612,
    "totalOtherIncomeExpensesNet": -153000000,
    "incomeBeforeTax": 599000000,
    "incomeBeforeTaxRatio": 0.1742798953,
    "incomeTaxExpense": 1000000,
    "netIncome": 590000000,
    "netIncomeRatio": 0.1716613326,
    "eps": 1.29,
    "epsdiluted": 1.28,
    "weightedAverageShsOut": 458500000,
    "weightedAverageShsOutDil": 461900000,
    "link": "https://www.sec.gov/Archives/edgar/data/823768/000095012315002550/0000950123-15-002550-index.htm",
    "finalLink": "https://www.sec.gov/Archives/edgar/data/823768/000095012315002550/d793975d10k.htm"
  },
  {
    "date": "2014-09-30",
    "symbol": "WM",
    "reportedCurrency": "USD",
    "cik": "0000823768",
    "fillingDate": "2014-10-29",
    "acceptedDate": "2014-10-29 11:41:51",
    "calendarYear": "2014",
    "period": "Q3",
    "revenue": 3602000000,
    "costOfRevenue": 2299000000,
    "grossProfit": 1303000000,
    "grossProfitRatio": 0.3617434758,
    "researchAndDevelopmentExpenses": 0,
    "generalAndAdministrativeExpenses": 365000000,
    "sellingAndMarketingExpenses": 0,
    "sellingGeneralAndAdministrativeExpenses": 365000000,
    "otherExpenses": -2000000,
    "operatingExpenses": 706000000,
    "costAndExpenses": 3005000000,
    "interestIncome": 0,
    "interestExpense": 116000000,
    "depreciationAndAmortization": 329000000,
    "ebitda": 926000000,
    "ebitdaratio": 0.2570794003,
    "operatingIncome": 546000000,
    "operatingIncomeRatio": 0.1515824542,
    "totalOtherIncomeExpensesNet": -132000000,
    "incomeBeforeTax": 414000000,
    "incomeBeforeTaxRatio": 0.1149361466,
    "incomeTaxExpense": 133000000,
    "netIncome": 270000000,
    "netIncomeRatio": 0.0749583565,
    "eps": 0.59,
    "epsdiluted": 0.58,
    "weightedAverageShsOut": 460800000,
    "weightedAverageShsOutDil": 463600000,
    "link": "https://www.sec.gov/Archives/edgar/data/823768/000119312514386541/0001193125-14-386541-index.htm",
    "finalLink": "https://www.sec.gov/Archives/edgar/data/823768/000119312514386541/d775526d10q.htm"
  },
  {
    "date": "2014-06-30",
    "symbol": "WM",
    "reportedCurrency": "USD",
    "cik": "0000823768",
    "fillingDate": "2014-07-29",
    "acceptedDate": "2014-07-29 11:23:11",
    "calendarYear": "2014",
    "period": "Q2",
    "revenue": 3561000000,
    "costOfRevenue": 2301000000,
    "grossProfit": 1260000000,
    "grossProfitRatio": 0.3538331929,
    "researchAndDevelopmentExpenses": 0,
    "generalAndAdministrativeExpenses": 347000000,
    "sellingAndMarketingExpenses": 0,
    "sellingGeneralAndAdministrativeExpenses": 347000000,
    "otherExpenses": -2000000,
    "operatingExpenses": 692000000,
    "costAndExpenses": 2993000000,
    "interestIncome": 0,
    "interestExpense": 115000000,
    "depreciationAndAmortization": 339000000,
    "ebitda": 907000000,
    "ebitdaratio": 0.2547037349,
    "operatingIncome": 532000000,
    "operatingIncomeRatio": 0.149396237,
    "totalOtherIncomeExpensesNet": -130000000,
    "incomeBeforeTax": 402000000,
    "incomeBeforeTaxRatio": 0.1128896377,
    "incomeTaxExpense": 180000000,
    "netIncome": 210000000,
    "netIncomeRatio": 0.0589721988,
    "eps": 0.45,
    "epsdiluted": 0.45,
    "weightedAverageShsOut": 465900000,
    "weightedAverageShsOutDil": 468000000,
    "link": "https://www.sec.gov/Archives/edgar/data/823768/000119312514283972/0001193125-14-283972-index.htm",
    "finalLink": "https://www.sec.gov/Archives/edgar/data/823768/000119312514283972/d740524d10q.htm"
  },
  {
    "date": "2014-03-31",
    "symbol": "WM",
    "reportedCurrency": "USD",
    "cik": "0000823768",
    "fillingDate": "2014-04-24",
    "acceptedDate": "2014-04-24 12:17:05",
    "calendarYear": "2014",
    "period": "Q1",
    "revenue": 3396000000,
    "costOfRevenue": 2232000000,
    "grossProfit": 1164000000,
    "grossProfitRatio": 0.3427561837,
    "researchAndDevelopmentExpenses": 0,
    "generalAndAdministrativeExpenses": 362000000,
    "sellingAndMarketingExpenses": 13000000,
    "sellingGeneralAndAdministrativeExpenses": 375000000,
    "otherExpenses": -3000000,
    "operatingExpenses": 692000000,
    "costAndExpenses": 2924000000,
    "interestIncome": 1000000,
    "interestExpense": 122000000,
    "depreciationAndAmortization": 317000000,
    "ebitda": 789000000,
    "ebitdaratio": 0.2323321555,
    "operatingIncome": 469000000,
    "operatingIncomeRatio": 0.1381036514,
    "totalOtherIncomeExpensesNet": -133000000,
    "incomeBeforeTax": 336000000,
    "incomeBeforeTaxRatio": 0.0989399293,
    "incomeTaxExpense": 99000000,
    "netIncome": 228000000,
    "netIncomeRatio": 0.0671378092,
    "eps": 0.49,
    "epsdiluted": 0.49,
    "weightedAverageShsOut": 465200000,
    "weightedAverageShsOutDil": 466900000,
    "link": "https://www.sec.gov/Archives/edgar/data/823768/000119312514156430/0001193125-14-156430-index.htm",
    "finalLink": "https://www.sec.gov/Archives/edgar/data/823768/000119312514156430/d690567d10q.htm"
  },
  {
    "date": "2013-12-31",
    "symbol": "WM",
    "reportedCurrency": "USD",
    "cik": "0000823768",
    "fillingDate": "2014-02-18",
    "acceptedDate": "2014-02-18 11:38:53",
    "calendarYear": "2013",
    "period": "Q4",
    "revenue": 3500000000,
    "costOfRevenue": 2267000000,
    "grossProfit": 1233000000,
    "grossProfitRatio": 0.3522857143,
    "researchAndDevelopmentExpenses": 0,
    "generalAndAdministrativeExpenses": 363000000,
    "sellingAndMarketingExpenses": 0,
    "sellingGeneralAndAdministrativeExpenses": 363000000,
    "otherExpenses": -62000000,
    "operatingExpenses": 703000000,
    "costAndExpenses": 2970000000,
    "interestIncome": 2000000,
    "interestExpense": 118000000,
    "depreciationAndAmortization": 327000000,
    "ebitda": -158000000,
    "ebitdaratio": -0.0451428571,
    "operatingIncome": -410000000,
    "operatingIncomeRatio": -0.1171428571,
    "totalOtherIncomeExpensesNet": -193000000,
    "incomeBeforeTax": -603000000,
    "incomeBeforeTaxRatio": -0.1722857143,
    "incomeTaxExpense": -4000000,
    "netIncome": -605000000,
    "netIncomeRatio": -0.1728571429,
    "eps": -1.3,
    "epsdiluted": -1.3,
    "weightedAverageShsOut": 465200000,
    "weightedAverageShsOutDil": 466900000,
    "link": "https://www.sec.gov/Archives/edgar/data/823768/000119312514056656/0001193125-14-056656-index.htm",
    "finalLink": "https://www.sec.gov/Archives/edgar/data/823768/000119312514056656/d581129d10k.htm"
  },
  {
    "date": "2013-09-30",
    "symbol": "WM",
    "reportedCurrency": "USD",
    "cik": "0000823768",
    "fillingDate": "2013-10-29",
    "acceptedDate": "2013-10-29 12:48:31",
    "calendarYear": "2013",
    "period": "Q3",
    "revenue": 3621000000,
    "costOfRevenue": 2325000000,
    "grossProfit": 1296000000,
    "grossProfitRatio": 0.357912179,
    "researchAndDevelopmentExpenses": 0,
    "generalAndAdministrativeExpenses": 347000000,
    "sellingAndMarketingExpenses": 0,
    "sellingGeneralAndAdministrativeExpenses": 347000000,
    "otherExpenses": -3000000,
    "operatingExpenses": 693000000,
    "costAndExpenses": 3018000000,
    "interestIncome": 0,
    "interestExpense": 119000000,
    "depreciationAndAmortization": 344000000,
    "ebitda": 947000000,
    "ebitdaratio": 0.2615299641,
    "operatingIncome": 577000000,
    "operatingIncomeRatio": 0.1593482463,
    "totalOtherIncomeExpensesNet": -125000000,
    "incomeBeforeTax": 452000000,
    "incomeBeforeTaxRatio": 0.1248273957,
    "incomeTaxExpense": 155000000,
    "netIncome": 291000000,
    "netIncomeRatio": 0.0803645402,
    "eps": 0.62,
    "epsdiluted": 0.62,
    "weightedAverageShsOut": 469300000,
    "weightedAverageShsOutDil": 471200000,
    "link": "https://www.sec.gov/Archives/edgar/data/823768/000119312513415362/0001193125-13-415362-index.htm",
    "finalLink": "https://www.sec.gov/Archives/edgar/data/823768/000119312513415362/d581127d10q.htm"
  },
  {
    "date": "2013-06-30",
    "symbol": "WM",
    "reportedCurrency": "USD",
    "cik": "0000823768",
    "fillingDate": "2013-07-30",
    "acceptedDate": "2013-07-30 11:41:04",
    "calendarYear": "2013",
    "period": "Q2",
    "revenue": 3526000000,
    "costOfRevenue": 2311000000,
    "grossProfit": 1215000000,
    "grossProfitRatio": 0.344583097,
    "researchAndDevelopmentExpenses": 0,
    "generalAndAdministrativeExpenses": 347000000,
    "sellingAndMarketingExpenses": 0,
    "sellingGeneralAndAdministrativeExpenses": 347000000,
    "otherExpenses": 2000000,
    "operatingExpenses": 692000000,
    "costAndExpenses": 3003000000,
    "interestIncome": 1000000,
    "interestExpense": 122000000,
    "depreciationAndAmortization": 339000000,
    "ebitda": 857000000,
    "ebitdaratio": 0.2430516166,
    "operatingIncome": 510000000,
    "operatingIncomeRatio": 0.1446398185,
    "totalOtherIncomeExpensesNet": -127000000,
    "incomeBeforeTax": 383000000,
    "incomeBeforeTaxRatio": 0.1086216676,
    "incomeTaxExpense": 127000000,
    "netIncome": 244000000,
    "netIncomeRatio": 0.0692002269,
    "eps": 0.52,
    "epsdiluted": 0.52,
    "weightedAverageShsOut": 467900000,
    "weightedAverageShsOutDil": 469400000,
    "link": "https://www.sec.gov/Archives/edgar/data/823768/000119312513309193/0001193125-13-309193-index.htm",
    "finalLink": "https://www.sec.gov/Archives/edgar/data/823768/000119312513309193/d542079d10q.htm"
  },
  {
    "date": "2013-03-31",
    "symbol": "WM",
    "reportedCurrency": "USD",
    "cik": "0000823768",
    "fillingDate": "2013-04-24",
    "acceptedDate": "2013-04-24 12:13:09",
    "calendarYear": "2013",
    "period": "Q1",
    "revenue": 3336000000,
    "costOfRevenue": 2209000000,
    "grossProfit": 1127000000,
    "grossProfitRatio": 0.3378297362,
    "researchAndDevelopmentExpenses": 0,
    "generalAndAdministrativeExpenses": 370000000,
    "sellingAndMarketingExpenses": 20000000,
    "sellingGeneralAndAdministrativeExpenses": 390000000,
    "otherExpenses": -11000000,
    "operatingExpenses": 713000000,
    "costAndExpenses": 2922000000,
    "interestIncome": 1000000,
    "interestExpense": 122000000,
    "depreciationAndAmortization": 323000000,
    "ebitda": 706000000,
    "ebitdaratio": 0.2116306954,
    "operatingIncome": 402000000,
    "operatingIncomeRatio": 0.1205035971,
    "totalOtherIncomeExpensesNet": -140000000,
    "incomeBeforeTax": 262000000,
    "incomeBeforeTaxRatio": 0.0785371703,
    "incomeTaxExpense": 86000000,
    "netIncome": 168000000,
    "netIncomeRatio": 0.0503597122,
    "eps": 0.36,
    "epsdiluted": 0.36,
    "weightedAverageShsOut": 465700000,
    "weightedAverageShsOutDil": 466500000,
    "link": "https://www.sec.gov/Archives/edgar/data/823768/000119312513169501/0001193125-13-169501-index.htm",
    "finalLink": "https://www.sec.gov/Archives/edgar/data/823768/000119312513169501/d499184d10q.htm"
  },
  {
    "date": "2012-12-31",
    "symbol": "WM",
    "reportedCurrency": "USD",
    "cik": "0000823768",
    "fillingDate": "2013-02-14",
    "acceptedDate": "2013-02-14 12:42:53",
    "calendarYear": "2012",
    "period": "Q4",
    "revenue": 3434000000,
    "costOfRevenue": 2224000000,
    "grossProfit": 1210000000,
    "grossProfitRatio": 0.3523587653,
    "researchAndDevelopmentExpenses": 0,
    "generalAndAdministrativeExpenses": 0,
    "sellingAndMarketingExpenses": 0,
    "sellingGeneralAndAdministrativeExpenses": 356000000,
    "otherExpenses": 326000000,
    "operatingExpenses": 682000000,
    "costAndExpenses": 2906000000,
    "interestIncome": 0,
    "interestExpense": 122000000,
    "depreciationAndAmortization": 326000000,
    "ebitda": 825000000,
    "ebitdaratio": 0.2402446127,
    "operatingIncome": 484000000,
    "operatingIncomeRatio": 0.1409435061,
    "totalOtherIncomeExpensesNet": -135000000,
    "incomeBeforeTax": 349000000,
    "incomeBeforeTaxRatio": 0.1016307513,
    "incomeTaxExpense": 114000000,
    "netIncome": 224000000,
    "netIncomeRatio": 0.0652300524,
    "eps": 0.48,
    "epsdiluted": 0.48,
    "weightedAverageShsOut": 465700000,
    "weightedAverageShsOutDil": 466500000,
    "link": "https://www.sec.gov/Archives/edgar/data/823768/000119312513058892/0001193125-13-058892-index.htm",
    "finalLink": "https://www.sec.gov/Archives/edgar/data/823768/000119312513058892/d413187d10k.htm"
  },
  {
    "date": "2012-09-30",
    "symbol": "WM",
    "reportedCurrency": "USD",
    "cik": "0000823768",
    "fillingDate": "2012-10-31",
    "acceptedDate": "2012-10-31 11:27:28",
    "calendarYear": "2012",
    "period": "Q3",
    "revenue": 3461000000,
    "costOfRevenue": 2229000000,
    "grossProfit": 1232000000,
    "grossProfitRatio": 0.3559664837,
    "researchAndDevelopmentExpenses": 0,
    "generalAndAdministrativeExpenses": 322000000,
    "sellingAndMarketingExpenses": 13000000,
    "sellingGeneralAndAdministrativeExpenses": 335000000,
    "otherExpenses": 331000000,
    "operatingExpenses": 666000000,
    "costAndExpenses": 2895000000,
    "interestIncome": 2000000,
    "interestExpense": 123000000,
    "depreciationAndAmortization": 331000000,
    "ebitda": 882000000,
    "ebitdaratio": 0.2548396417,
    "operatingIncome": 500000000,
    "operatingIncomeRatio": 0.1444669171,
    "totalOtherIncomeExpensesNet": -152000000,
    "incomeBeforeTax": 348000000,
    "incomeBeforeTaxRatio": 0.1005489743,
    "incomeTaxExpense": 125000000,
    "netIncome": 214000000,
    "netIncomeRatio": 0.0618318405,
    "eps": 0.46,
    "epsdiluted": 0.46,
    "weightedAverageShsOut": 464100000,
    "weightedAverageShsOutDil": 464900000,
    "link": "https://www.sec.gov/Archives/edgar/data/823768/000119312512442885/0001193125-12-442885-index.htm",
    "finalLink": "https://www.sec.gov/Archives/edgar/data/823768/000119312512442885/d402722d10q.htm"
  },
  {
    "date": "2012-06-30",
    "symbol": "WM",
    "reportedCurrency": "USD",
    "cik": "0000823768",
    "fillingDate": "2012-07-26",
    "acceptedDate": "2012-07-26 15:09:04",
    "calendarYear": "2012",
    "period": "Q2",
    "revenue": 3459000000,
    "costOfRevenue": 2260000000,
    "grossProfit": 1199000000,
    "grossProfitRatio": 0.3466319746,
    "researchAndDevelopmentExpenses": 0,
    "generalAndAdministrativeExpenses": 360000000,
    "sellingAndMarketingExpenses": 47000000,
    "sellingGeneralAndAdministrativeExpenses": 407000000,
    "otherExpenses": 323000000,
    "operatingExpenses": 730000000,
    "costAndExpenses": 2990000000,
    "interestIncome": 1000000,
    "interestExpense": 121000000,
    "depreciationAndAmortization": 323000000,
    "ebitda": 778000000,
    "ebitdaratio": 0.2249204973,
    "operatingIncome": 466000000,
    "operatingIncomeRatio": 0.1347210176,
    "totalOtherIncomeExpensesNet": -132000000,
    "incomeBeforeTax": 334000000,
    "incomeBeforeTaxRatio": 0.0965596993,
    "incomeTaxExpense": 115000000,
    "netIncome": 208000000,
    "netIncomeRatio": 0.0601329864,
    "eps": 0.45,
    "epsdiluted": 0.45,
    "weightedAverageShsOut": 463400000,
    "weightedAverageShsOutDil": 464000000,
    "link": "https://www.sec.gov/Archives/edgar/data/823768/000119312512316664/0001193125-12-316664-index.htm",
    "finalLink": "https://www.sec.gov/Archives/edgar/data/823768/000119312512316664/d352342d10q.htm"
  },
  {
    "date": "2012-03-31",
    "symbol": "WM",
    "reportedCurrency": "USD",
    "cik": "0000823768",
    "fillingDate": "2012-04-26",
    "acceptedDate": "2012-04-26 12:38:12",
    "calendarYear": "2012",
    "period": "Q1",
    "revenue": 3295000000,
    "costOfRevenue": 2166000000,
    "grossProfit": 1129000000,
    "grossProfitRatio": 0.3426403642,
    "researchAndDevelopmentExpenses": 0,
    "generalAndAdministrativeExpenses": 392000000,
    "sellingAndMarketingExpenses": 15000000,
    "sellingGeneralAndAdministrativeExpenses": 407000000,
    "otherExpenses": 317000000,
    "operatingExpenses": 724000000,
    "costAndExpenses": 2890000000,
    "interestIncome": 1000000,
    "interestExpense": 122000000,
    "depreciationAndAmortization": 317000000,
    "ebitda": 711000000,
    "ebitdaratio": 0.2157814871,
    "operatingIncome": 401000000,
    "operatingIncomeRatio": 0.1216995448,
    "totalOtherIncomeExpensesNet": -129000000,
    "incomeBeforeTax": 272000000,
    "incomeBeforeTaxRatio": 0.0825493171,
    "incomeTaxExpense": 89000000,
    "netIncome": 171000000,
    "netIncomeRatio": 0.0518968134,
    "eps": 0.37,
    "epsdiluted": 0.37,
    "weightedAverageShsOut": 462100000,
    "weightedAverageShsOutDil": 463400000,
    "link": "https://www.sec.gov/Archives/edgar/data/823768/000119312512184911/0001193125-12-184911-index.htm",
    "finalLink": "https://www.sec.gov/Archives/edgar/data/823768/000119312512184911/d311079d10q.htm"
  },
  {
    "date": "2011-12-31",
    "symbol": "WM",
    "reportedCurrency": "USD",
    "cik": "0000823768",
    "fillingDate": "2012-02-16",
    "acceptedDate": "2012-02-16 16:20:58",
    "calendarYear": "2011",
    "period": "Q4",
    "revenue": 3406000000,
    "costOfRevenue": 2145000000,
    "grossProfit": 1261000000,
    "grossProfitRatio": 0.3702290076,
    "researchAndDevelopmentExpenses": 0,
    "generalAndAdministrativeExpenses": 0,
    "sellingAndMarketingExpenses": 0,
    "sellingGeneralAndAdministrativeExpenses": 407000000,
    "otherExpenses": 294000000,
    "operatingExpenses": 701000000,
    "costAndExpenses": 2846000000,
    "interestIncome": 2000000,
    "interestExpense": 123000000,
    "depreciationAndAmortization": 294000000,
    "ebitda": 829000000,
    "ebitdaratio": 0.2433940106,
    "operatingIncome": 552000000,
    "operatingIncomeRatio": 0.1620669407,
    "totalOtherIncomeExpensesNet": -140000000,
    "incomeBeforeTax": 412000000,
    "incomeBeforeTaxRatio": 0.1209630065,
    "incomeTaxExpense": 134000000,
    "netIncome": 266000000,
    "netIncomeRatio": 0.078097475,
    "eps": 0.58,
    "epsdiluted": 0.57,
    "weightedAverageShsOut": 462100000,
    "weightedAverageShsOutDil": 463400000,
    "link": "https://www.sec.gov/Archives/edgar/data/823768/000119312512065370/0001193125-12-065370-index.htm",
    "finalLink": "https://www.sec.gov/Archives/edgar/data/823768/000119312512065370/d260235d10k.htm"
  },
  {
    "date": "2011-09-30",
    "symbol": "WM",
    "reportedCurrency": "USD",
    "cik": "0000823768",
    "fillingDate": "2011-10-27",
    "acceptedDate": "2011-10-27 14:08:49",
    "calendarYear": "2011",
    "period": "Q3",
    "revenue": 3522000000,
    "costOfRevenue": 2261000000,
    "grossProfit": 1261000000,
    "grossProfitRatio": 0.3580352073,
    "researchAndDevelopmentExpenses": 0,
    "generalAndAdministrativeExpenses": 0,
    "sellingAndMarketingExpenses": 0,
    "sellingGeneralAndAdministrativeExpenses": 380000000,
    "otherExpenses": 317000000,
    "operatingExpenses": 697000000,
    "costAndExpenses": 2958000000,
    "interestIncome": 1000000,
    "interestExpense": 118000000,
    "depreciationAndAmortization": 317000000,
    "ebitda": 856000000,
    "ebitdaratio": 0.2430437252,
    "operatingIncome": 543000000,
    "operatingIncomeRatio": 0.1541737649,
    "totalOtherIncomeExpensesNet": -122000000,
    "incomeBeforeTax": 421000000,
    "incomeBeforeTaxRatio": 0.1195343555,
    "incomeTaxExpense": 136000000,
    "netIncome": 272000000,
    "netIncomeRatio": 0.0772288472,
    "eps": 0.58,
    "epsdiluted": 0.58,
    "weightedAverageShsOut": 468300000,
    "weightedAverageShsOutDil": 469700000,
    "link": "https://www.sec.gov/Archives/edgar/data/823768/000095012311092385/0000950123-11-092385-index.htm",
    "finalLink": "https://www.sec.gov/Archives/edgar/data/823768/000095012311092385/h84353e10vq.htm"
  },
  {
    "date": "2011-06-30",
    "symbol": "WM",
    "reportedCurrency": "USD",
    "cik": "0000823768",
    "fillingDate": "2011-07-28",
    "acceptedDate": "2011-07-28 15:45:44",
    "calendarYear": "2011",
    "period": "Q2",
    "revenue": 3347000000,
    "costOfRevenue": 2140000000,
    "grossProfit": 1207000000,
    "grossProfitRatio": 0.360621452,
    "researchAndDevelopmentExpenses": 0,
    "generalAndAdministrativeExpenses": 0,
    "sellingAndMarketingExpenses": 0,
    "sellingGeneralAndAdministrativeExpenses": 382000000,
    "otherExpenses": 319000000,
    "operatingExpenses": 701000000,
    "costAndExpenses": 2841000000,
    "interestIncome": 2000000,
    "interestExpense": 119000000,
    "depreciationAndAmortization": 319000000,
    "ebitda": 819000000,
    "ebitdaratio": 0.2446967434,
    "operatingIncome": 506000000,
    "operatingIncomeRatio": 0.1511801613,
    "totalOtherIncomeExpensesNet": -125000000,
    "incomeBeforeTax": 381000000,
    "incomeBeforeTaxRatio": 0.1138332835,
    "incomeTaxExpense": 131000000,
    "netIncome": 237000000,
    "netIncomeRatio": 0.0708096803,
    "eps": 0.5,
    "epsdiluted": 0.5,
    "weightedAverageShsOut": 474200000,
    "weightedAverageShsOutDil": 476000000,
    "link": "https://www.sec.gov/Archives/edgar/data/823768/000095012311069563/0000950123-11-069563-index.htm",
    "finalLink": "https://www.sec.gov/Archives/edgar/data/823768/000095012311069563/h82416e10vq.htm"
  },
  {
    "date": "2011-03-31",
    "symbol": "WM",
    "reportedCurrency": "USD",
    "cik": "0000823768",
    "fillingDate": "2011-04-28",
    "acceptedDate": "2011-04-28 11:49:59",
    "calendarYear": "2011",
    "period": "Q1",
    "revenue": 3103000000,
    "costOfRevenue": 1995000000,
    "grossProfit": 1108000000,
    "grossProfitRatio": 0.3570737995,
    "researchAndDevelopmentExpenses": 0,
    "generalAndAdministrativeExpenses": 0,
    "sellingAndMarketingExpenses": 0,
    "sellingGeneralAndAdministrativeExpenses": 382000000,
    "otherExpenses": 299000000,
    "operatingExpenses": 681000000,
    "costAndExpenses": 2676000000,
    "interestIncome": 3000000,
    "interestExpense": 121000000,
    "depreciationAndAmortization": 299000000,
    "ebitda": 726000000,
    "ebitdaratio": 0.2339671286,
    "operatingIncome": 427000000,
    "operatingIncomeRatio": 0.1376087657,
    "totalOtherIncomeExpensesNet": -121000000,
    "incomeBeforeTax": 306000000,
    "incomeBeforeTaxRatio": 0.0986142443,
    "incomeTaxExpense": 110000000,
    "netIncome": 186000000,
    "netIncomeRatio": 0.0599419916,
    "eps": 0.39,
    "epsdiluted": 0.39,
    "weightedAverageShsOut": 475700000,
    "weightedAverageShsOutDil": 477600000,
    "link": "https://www.sec.gov/Archives/edgar/data/823768/000095012311040715/0000950123-11-040715-index.htm",
    "finalLink": "https://www.sec.gov/Archives/edgar/data/823768/000095012311040715/h80290e10vq.htm"
  },
  {
    "date": "2010-12-31",
    "symbol": "WM",
    "reportedCurrency": "USD",
    "cik": "0000823768",
    "fillingDate": "2011-02-17",
    "acceptedDate": "2011-02-17 17:21:55",
    "calendarYear": "2010",
    "period": "Q4",
    "revenue": 3187000000,
    "costOfRevenue": 1941000000,
    "grossProfit": 1246000000,
    "grossProfitRatio": 0.3909632884,
    "researchAndDevelopmentExpenses": 0,
    "generalAndAdministrativeExpenses": 0,
    "sellingAndMarketingExpenses": 0,
    "sellingGeneralAndAdministrativeExpenses": 396000000,
    "otherExpenses": 277000000,
    "operatingExpenses": 673000000,
    "costAndExpenses": 2614000000,
    "interestIncome": 1000000,
    "interestExpense": 119000000,
    "depreciationAndAmortization": 277000000,
    "ebitda": 850000000,
    "ebitdaratio": 0.2667085033,
    "operatingIncome": 574000000,
    "operatingIncomeRatio": 0.1801066834,
    "totalOtherIncomeExpensesNet": -120000000,
    "incomeBeforeTax": 454000000,
    "incomeBeforeTaxRatio": 0.1424537182,
    "incomeTaxExpense": 160000000,
    "netIncome": 281000000,
    "netIncomeRatio": 0.0881706934,
    "eps": 0.59,
    "epsdiluted": 0.59,
    "weightedAverageShsOut": 475700000,
    "weightedAverageShsOutDil": 477600000,
    "link": "https://www.sec.gov/Archives/edgar/data/823768/000095012311015242/0000950123-11-015242-index.htm",
    "finalLink": "https://www.sec.gov/Archives/edgar/data/823768/000095012311015242/h76657e10vk.htm"
  },
  {
    "date": "2010-09-30",
    "symbol": "WM",
    "reportedCurrency": "USD",
    "cik": "0000823768",
    "fillingDate": "2010-10-28",
    "acceptedDate": "2010-10-28 13:56:28",
    "calendarYear": "2010",
    "period": "Q3",
    "revenue": 3235000000,
    "costOfRevenue": 2006000000,
    "grossProfit": 1229000000,
    "grossProfitRatio": 0.3799072643,
    "researchAndDevelopmentExpenses": 0,
    "generalAndAdministrativeExpenses": 0,
    "sellingAndMarketingExpenses": 0,
    "sellingGeneralAndAdministrativeExpenses": 369000000,
    "otherExpenses": 317000000,
    "operatingExpenses": 686000000,
    "costAndExpenses": 2692000000,
    "interestIncome": 1000000,
    "interestExpense": 126000000,
    "depreciationAndAmortization": 317000000,
    "ebitda": 854000000,
    "ebitdaratio": 0.2639876352,
    "operatingIncome": 544000000,
    "operatingIncomeRatio": 0.1681607419,
    "totalOtherIncomeExpensesNet": -133000000,
    "incomeBeforeTax": 411000000,
    "incomeBeforeTaxRatio": 0.1270479134,
    "incomeTaxExpense": 153000000,
    "netIncome": 244000000,
    "netIncomeRatio": 0.0754250386,
    "eps": 0.51,
    "epsdiluted": 0.51,
    "weightedAverageShsOut": 477300000,
    "weightedAverageShsOutDil": 481000000,
    "link": "https://www.sec.gov/Archives/edgar/data/823768/000095012310097313/0000950123-10-097313-index.htm",
    "finalLink": "https://www.sec.gov/Archives/edgar/data/823768/000095012310097313/h75991e10vq.htm"
  },
  {
    "date": "2010-06-30",
    "symbol": "WM",
    "reportedCurrency": "USD",
    "cik": "0000823768",
    "fillingDate": "2010-08-02",
    "acceptedDate": "2010-08-02 12:05:53",
    "calendarYear": "2010",
    "period": "Q2",
    "revenue": 3158000000,
    "costOfRevenue": 1996000000,
    "grossProfit": 1162000000,
    "grossProfitRatio": 0.3679544015,
    "researchAndDevelopmentExpenses": 0,
    "generalAndAdministrativeExpenses": 0,
    "sellingAndMarketingExpenses": 0,
    "sellingGeneralAndAdministrativeExpenses": 345000000,
    "otherExpenses": 309000000,
    "operatingExpenses": 654000000,
    "costAndExpenses": 2650000000,
    "interestIncome": 2000000,
    "interestExpense": 116000000,
    "depreciationAndAmortization": 309000000,
    "ebitda": 889000000,
    "ebitdaratio": 0.2815072831,
    "operatingIncome": 586000000,
    "operatingIncomeRatio": 0.1855604813,
    "totalOtherIncomeExpensesNet": -122000000,
    "incomeBeforeTax": 464000000,
    "incomeBeforeTaxRatio": 0.1469284357,
    "incomeTaxExpense": 206000000,
    "netIncome": 246000000,
    "netIncomeRatio": 0.0778974034,
    "eps": 0.51,
    "epsdiluted": 0.51,
    "weightedAverageShsOut": 482100000,
    "weightedAverageShsOutDil": 485800000,
    "link": "https://www.sec.gov/Archives/edgar/data/823768/000095012310070947/0000950123-10-070947-index.htm",
    "finalLink": "https://www.sec.gov/Archives/edgar/data/823768/000095012310070947/h74168e10vq.htm"
  },
  {
    "date": "2010-03-31",
    "symbol": "WM",
    "reportedCurrency": "USD",
    "cik": "0000823768",
    "fillingDate": "2010-04-29",
    "acceptedDate": "2010-04-29 11:36:25",
    "calendarYear": "2010",
    "period": "Q1",
    "revenue": 2935000000,
    "costOfRevenue": 1881000000,
    "grossProfit": 1054000000,
    "grossProfitRatio": 0.3591141397,
    "researchAndDevelopmentExpenses": 0,
    "generalAndAdministrativeExpenses": 0,
    "sellingAndMarketingExpenses": 0,
    "sellingGeneralAndAdministrativeExpenses": 351000000,
    "otherExpenses": 291000000,
    "operatingExpenses": 642000000,
    "costAndExpenses": 2523000000,
    "interestIncome": 0,
    "interestExpense": 112000000,
    "depreciationAndAmortization": 291000000,
    "ebitda": 705000000,
    "ebitdaratio": 0.2402044293,
    "operatingIncome": 412000000,
    "operatingIncomeRatio": 0.1403747871,
    "totalOtherIncomeExpensesNet": -110000000,
    "incomeBeforeTax": 302000000,
    "incomeBeforeTaxRatio": 0.1028960818,
    "incomeTaxExpense": 110000000,
    "netIncome": 182000000,
    "netIncomeRatio": 0.0620102215,
    "eps": 0.37,
    "epsdiluted": 0.37,
    "weightedAverageShsOut": 485600000,
    "weightedAverageShsOutDil": 488100000,
    "link": "https://www.sec.gov/Archives/edgar/data/823768/000095012310040250/0000950123-10-040250-index.htm",
    "finalLink": "https://www.sec.gov/Archives/edgar/data/823768/000095012310040250/h70200e10vq.htm"
  },
  {
    "date": "2009-12-31",
    "symbol": "WM",
    "reportedCurrency": "USD",
    "cik": "0000823768",
    "fillingDate": "2010-02-16",
    "acceptedDate": "2010-02-16 13:22:01",
    "calendarYear": "2009",
    "period": "Q4",
    "revenue": 3006000000,
    "costOfRevenue": 1874000000,
    "grossProfit": 1132000000,
    "grossProfitRatio": 0.376580173,
    "researchAndDevelopmentExpenses": 0,
    "generalAndAdministrativeExpenses": 0,
    "sellingAndMarketingExpenses": 0,
    "sellingGeneralAndAdministrativeExpenses": 365000000,
    "otherExpenses": 274000000,
    "operatingExpenses": 639000000,
    "costAndExpenses": 2513000000,
    "interestIncome": 3000000,
    "interestExpense": 110000000,
    "depreciationAndAmortization": 274000000,
    "ebitda": 731000000,
    "ebitdaratio": 0.2431803061,
    "operatingIncome": 456000000,
    "operatingIncomeRatio": 0.1516966068,
    "totalOtherIncomeExpensesNet": -109000000,
    "incomeBeforeTax": 347000000,
    "incomeBeforeTaxRatio": 0.1154357951,
    "incomeTaxExpense": 16000000,
    "netIncome": 315000000,
    "netIncomeRatio": 0.1047904192,
    "eps": 0.65,
    "epsdiluted": 0.65,
    "weightedAverageShsOut": 485600000,
    "weightedAverageShsOutDil": 488100000,
    "link": "https://www.sec.gov/Archives/edgar/data/823768/000095012310013022/0000950123-10-013022-index.htm",
    "finalLink": "https://www.sec.gov/Archives/edgar/data/823768/000095012310013022/h69024e10vk.htm"
  },
  {
    "date": "2009-09-30",
    "symbol": "WM",
    "reportedCurrency": "USD",
    "cik": "0000823768",
    "fillingDate": "2009-10-29",
    "acceptedDate": "2009-10-29 12:21:59",
    "calendarYear": "2009",
    "period": "Q3",
    "revenue": 3023000000,
    "costOfRevenue": 1856000000,
    "grossProfit": 1167000000,
    "grossProfitRatio": 0.3860403573,
    "researchAndDevelopmentExpenses": 0,
    "generalAndAdministrativeExpenses": 0,
    "sellingAndMarketingExpenses": 0,
    "sellingGeneralAndAdministrativeExpenses": 339000000,
    "otherExpenses": 301000000,
    "operatingExpenses": 640000000,
    "costAndExpenses": 2496000000,
    "interestIncome": 3000000,
    "interestExpense": 104000000,
    "depreciationAndAmortization": 301000000,
    "ebitda": 830000000,
    "ebitdaratio": 0.2745616937,
    "operatingIncome": 525000000,
    "operatingIncomeRatio": 0.1736685412,
    "totalOtherIncomeExpensesNet": -100000000,
    "incomeBeforeTax": 425000000,
    "incomeBeforeTaxRatio": 0.1405888191,
    "incomeTaxExpense": 133000000,
    "netIncome": 277000000,
    "netIncomeRatio": 0.0916308303,
    "eps": 0.56,
    "epsdiluted": 0.56,
    "weightedAverageShsOut": 492200000,
    "weightedAverageShsOutDil": 494600000,
    "link": "https://www.sec.gov/Archives/edgar/data/823768/000095012309054673/0000950123-09-054673-index.htm",
    "finalLink": "https://www.sec.gov/Archives/edgar/data/823768/000095012309054673/h67781e10vq.htm"
  },
  {
    "date": "2009-06-30",
    "symbol": "WM",
    "reportedCurrency": "USD",
    "cik": "0000823768",
    "fillingDate": "2009-07-30",
    "acceptedDate": "2009-07-30 12:00:27",
    "calendarYear": "2009",
    "period": "Q2",
    "revenue": 2952000000,
    "costOfRevenue": 1786000000,
    "grossProfit": 1166000000,
    "grossProfitRatio": 0.3949864499,
    "researchAndDevelopmentExpenses": 0,
    "generalAndAdministrativeExpenses": 0,
    "sellingAndMarketingExpenses": 0,
    "sellingGeneralAndAdministrativeExpenses": 323000000,
    "otherExpenses": 302000000,
    "operatingExpenses": 625000000,
    "costAndExpenses": 2411000000,
    "interestIncome": 3000000,
    "interestExpense": 107000000,
    "depreciationAndAmortization": 302000000,
    "ebitda": 839000000,
    "ebitdaratio": 0.2842140921,
    "operatingIncome": 534000000,
    "operatingIncomeRatio": 0.1808943089,
    "totalOtherIncomeExpensesNet": -104000000,
    "incomeBeforeTax": 430000000,
    "incomeBeforeTaxRatio": 0.1456639566,
    "incomeTaxExpense": 163000000,
    "netIncome": 247000000,
    "netIncomeRatio": 0.0836720867,
    "eps": 0.5,
    "epsdiluted": 0.5,
    "weightedAverageShsOut": 492400000,
    "weightedAverageShsOutDil": 493700000,
    "link": "https://www.sec.gov/Archives/edgar/data/823768/000095012309027482/0000950123-09-027482-index.htm",
    "finalLink": "https://www.sec.gov/Archives/edgar/data/823768/000095012309027482/h67490e10vq.htm"
  },
  {
    "date": "2009-03-31",
    "symbol": "WM",
    "reportedCurrency": "USD",
    "cik": "0000823768",
    "fillingDate": "2009-04-29",
    "acceptedDate": "2009-04-29 12:05:06",
    "calendarYear": "2009",
    "period": "Q1",
    "revenue": 2810000000,
    "costOfRevenue": 1725000000,
    "grossProfit": 1085000000,
    "grossProfitRatio": 0.3861209964,
    "researchAndDevelopmentExpenses": 0,
    "generalAndAdministrativeExpenses": 0,
    "sellingAndMarketingExpenses": 0,
    "sellingGeneralAndAdministrativeExpenses": 337000000,
    "otherExpenses": 289000000,
    "operatingExpenses": 626000000,
    "costAndExpenses": 2351000000,
    "interestIncome": 4000000,
    "interestExpense": 105000000,
    "depreciationAndAmortization": 289000000,
    "ebitda": 665000000,
    "ebitdaratio": 0.2366548043,
    "operatingIncome": 372000000,
    "operatingIncomeRatio": 0.1323843416,
    "totalOtherIncomeExpensesNet": -101000000,
    "incomeBeforeTax": 271000000,
    "incomeBeforeTaxRatio": 0.0964412811,
    "incomeTaxExpense": 101000000,
    "netIncome": 155000000,
    "netIncomeRatio": 0.0551601423,
    "eps": 0.31,
    "epsdiluted": 0.31,
    "weightedAverageShsOut": 491800000,
    "weightedAverageShsOutDil": 493000000,
    "link": "https://www.sec.gov/Archives/edgar/data/823768/000095012909001381/0000950129-09-001381-index.htm",
    "finalLink": "https://www.sec.gov/Archives/edgar/data/823768/000095012909001381/h66565e10vq.htm"
  },
  {
    "date": "2008-12-31",
    "symbol": "WM",
    "reportedCurrency": "USD",
    "cik": "0000823768",
    "fillingDate": "2009-02-17",
    "acceptedDate": "2009-02-17 11:25:23",
    "calendarYear": "2008",
    "period": "Q4",
    "revenue": 3108000000,
    "costOfRevenue": 1972000000,
    "grossProfit": 1136000000,
    "grossProfitRatio": 0.3655083655,
    "researchAndDevelopmentExpenses": 0,
    "generalAndAdministrativeExpenses": 0,
    "sellingAndMarketingExpenses": 0,
    "sellingGeneralAndAdministrativeExpenses": 382000000,
    "otherExpenses": 322000000,
    "operatingExpenses": 704000000,
    "costAndExpenses": 2676000000,
    "interestIncome": 0,
    "interestExpense": 0,
    "depreciationAndAmortization": 297000000,
    "ebitda": 733000000,
    "ebitdaratio": 0.2358429858,
    "operatingIncome": 459000000,
    "operatingIncomeRatio": 0.1476833977,
    "totalOtherIncomeExpensesNet": -116000000,
    "incomeBeforeTax": 343000000,
    "incomeBeforeTaxRatio": 0.1103603604,
    "incomeTaxExpense": 125000000,
    "netIncome": 218000000,
    "netIncomeRatio": 0.0701415701,
    "eps": 0.44,
    "epsdiluted": 0.44,
    "weightedAverageShsOut": 491800000,
    "weightedAverageShsOutDil": 493000000,
    "link": "https://www.sec.gov/Archives/edgar/data/823768/000095012909000426/0000950129-09-000426-index.htm",
    "finalLink": "https://www.sec.gov/Archives/edgar/data/823768/000095012909000426/h65751e10vk.htm"
  },
  {
    "date": "2008-09-30",
    "symbol": "WM",
    "reportedCurrency": "USD",
    "cik": "0000823768",
    "fillingDate": "2008-10-30",
    "acceptedDate": "2008-10-30 11:19:34",
    "calendarYear": "2008",
    "period": "Q3",
    "revenue": 3525000000,
    "costOfRevenue": 2221000000,
    "grossProfit": 1304000000,
    "grossProfitRatio": 0.369929078,
    "researchAndDevelopmentExpenses": 0,
    "generalAndAdministrativeExpenses": 0,
    "sellingAndMarketingExpenses": 0,
    "sellingGeneralAndAdministrativeExpenses": 369000000,
    "otherExpenses": 303000000,
    "operatingExpenses": 672000000,
    "costAndExpenses": 2893000000,
    "interestIncome": 0,
    "interestExpense": 0,
    "depreciationAndAmortization": 326000000,
    "ebitda": 958000000,
    "ebitdaratio": 0.2717730496,
    "operatingIncome": 632000000,
    "operatingIncomeRatio": 0.1792907801,
    "totalOtherIncomeExpensesNet": -121000000,
    "incomeBeforeTax": 511000000,
    "incomeBeforeTaxRatio": 0.144964539,
    "incomeTaxExpense": 201000000,
    "netIncome": 310000000,
    "netIncomeRatio": 0.0879432624,
    "eps": 0.63,
    "epsdiluted": 0.63,
    "weightedAverageShsOut": 490800000,
    "weightedAverageShsOutDil": 494100000,
    "link": "https://www.sec.gov/Archives/edgar/data/823768/000095012908005366/0000950129-08-005366-index.htm",
    "finalLink": "https://www.sec.gov/Archives/edgar/data/823768/000095012908005366/h64654e10vq.htm"
  },
  {
    "date": "2008-06-30",
    "symbol": "WM",
    "reportedCurrency": "USD",
    "cik": "0000823768",
    "fillingDate": "2008-07-29",
    "acceptedDate": "2008-07-29 11:13:21",
    "calendarYear": "2008",
    "period": "Q2",
    "revenue": 3489000000,
    "costOfRevenue": 2181000000,
    "grossProfit": 1308000000,
    "grossProfitRatio": 0.3748925193,
    "researchAndDevelopmentExpenses": 0,
    "generalAndAdministrativeExpenses": 0,
    "sellingAndMarketingExpenses": 0,
    "sellingGeneralAndAdministrativeExpenses": 358000000,
    "otherExpenses": 318000000,
    "operatingExpenses": 676000000,
    "costAndExpenses": 2857000000,
    "interestIncome": 4000000,
    "interestExpense": 105000000,
    "depreciationAndAmortization": 318000000,
    "ebitda": 949000000,
    "ebitdaratio": 0.2719977071,
    "operatingIncome": 632000000,
    "operatingIncomeRatio": 0.181140728,
    "totalOtherIncomeExpensesNet": -102000000,
    "incomeBeforeTax": 517000000,
    "incomeBeforeTaxRatio": 0.1481799943,
    "incomeTaxExpense": 199000000,
    "netIncome": 318000000,
    "netIncomeRatio": 0.0911435942,
    "eps": 0.65,
    "epsdiluted": 0.64,
    "weightedAverageShsOut": 490700000,
    "weightedAverageShsOutDil": 494600000,
    "link": "https://www.sec.gov/Archives/edgar/data/823768/000095012908004117/0000950129-08-004117-index.htm",
    "finalLink": "https://www.sec.gov/Archives/edgar/data/823768/000095012908004117/h58781e10vq.htm"
  },
  {
    "date": "2008-03-31",
    "symbol": "WM",
    "reportedCurrency": "USD",
    "cik": "0000823768",
    "fillingDate": "2008-04-29",
    "acceptedDate": "2008-04-29 11:21:57",
    "calendarYear": "2008",
    "period": "Q1",
    "revenue": 3266000000,
    "costOfRevenue": 2092000000,
    "grossProfit": 1174000000,
    "grossProfitRatio": 0.3594611145,
    "researchAndDevelopmentExpenses": 0,
    "generalAndAdministrativeExpenses": 0,
    "sellingAndMarketingExpenses": 0,
    "sellingGeneralAndAdministrativeExpenses": 368000000,
    "otherExpenses": 295000000,
    "operatingExpenses": 663000000,
    "costAndExpenses": 2755000000,
    "interestIncome": 0,
    "interestExpense": 0,
    "depreciationAndAmortization": 297000000,
    "ebitda": 808000000,
    "ebitdaratio": 0.247397428,
    "operatingIncome": 511000000,
    "operatingIncomeRatio": 0.1564605021,
    "totalOtherIncomeExpensesNet": -126000000,
    "incomeBeforeTax": 385000000,
    "incomeBeforeTaxRatio": 0.1178812002,
    "incomeTaxExpense": 144000000,
    "netIncome": 241000000,
    "netIncomeRatio": 0.0737905695,
    "eps": 0.49,
    "epsdiluted": 0.48,
    "weightedAverageShsOut": 496000000,
    "weightedAverageShsOutDil": 498300000,
    "link": "https://www.sec.gov/Archives/edgar/data/823768/000095012908002482/0000950129-08-002482-index.htm",
    "finalLink": "https://www.sec.gov/Archives/edgar/data/823768/000095012908002482/h56154e10vq.htm"
  },
  {
    "date": "2007-12-31",
    "symbol": "WM",
    "reportedCurrency": "USD",
    "cik": "0000823768",
    "fillingDate": "2008-02-19",
    "acceptedDate": "2008-02-19 06:05:18",
    "calendarYear": "2007",
    "period": "Q4",
    "revenue": 3361000000,
    "costOfRevenue": 2133000000,
    "grossProfit": 1228000000,
    "grossProfitRatio": 0.3653674502,
    "researchAndDevelopmentExpenses": 0,
    "generalAndAdministrativeExpenses": 0,
    "sellingAndMarketingExpenses": 0,
    "sellingGeneralAndAdministrativeExpenses": 371000000,
    "otherExpenses": 341000000,
    "operatingExpenses": 712000000,
    "costAndExpenses": 2845000000,
    "interestIncome": 0,
    "interestExpense": 0,
    "depreciationAndAmortization": 296000000,
    "ebitda": 812000000,
    "ebitdaratio": 0.2415947635,
    "operatingIncome": 575000000,
    "operatingIncomeRatio": 0.1710800357,
    "totalOtherIncomeExpensesNet": -119000000,
    "incomeBeforeTax": 456000000,
    "incomeBeforeTaxRatio": 0.1356739066,
    "incomeTaxExpense": 147000000,
    "netIncome": 309000000,
    "netIncomeRatio": 0.0919369235,
    "eps": 0.62,
    "epsdiluted": 0.62,
    "weightedAverageShsOut": 496000000,
    "weightedAverageShsOutDil": 498300000,
    "link": "https://www.sec.gov/Archives/edgar/data/823768/000095013408002947/0000950134-08-002947-index.htm",
    "finalLink": "https://www.sec.gov/Archives/edgar/data/823768/000095013408002947/h53869e10vk.htm"
  },
  {
    "date": "2007-09-30",
    "symbol": "WM",
    "reportedCurrency": "USD",
    "cik": "0000823768",
    "fillingDate": "2007-10-26",
    "acceptedDate": "2007-10-26 11:06:19",
    "calendarYear": "2007",
    "period": "Q3",
    "revenue": 3403000000,
    "costOfRevenue": 2143000000,
    "grossProfit": 1260000000,
    "grossProfitRatio": 0.3702615339,
    "researchAndDevelopmentExpenses": 0,
    "generalAndAdministrativeExpenses": 0,
    "sellingAndMarketingExpenses": 0,
    "sellingGeneralAndAdministrativeExpenses": 365000000,
    "otherExpenses": 330000000,
    "operatingExpenses": 695000000,
    "costAndExpenses": 2838000000,
    "interestIncome": 0,
    "interestExpense": 0,
    "depreciationAndAmortization": 331000000,
    "ebitda": 896000000,
    "ebitdaratio": 0.2632970908,
    "operatingIncome": 565000000,
    "operatingIncomeRatio": 0.1660299736,
    "totalOtherIncomeExpensesNet": -129000000,
    "incomeBeforeTax": 436000000,
    "incomeBeforeTaxRatio": 0.1281222451,
    "incomeTaxExpense": 158000000,
    "netIncome": 278000000,
    "netIncomeRatio": 0.0816926242,
    "eps": 0.54,
    "epsdiluted": 0.54,
    "weightedAverageShsOut": 515900000,
    "weightedAverageShsOutDil": 520100000,
    "link": "https://www.sec.gov/Archives/edgar/data/823768/000095012907005082/0000950129-07-005082-index.htm",
    "finalLink": "https://www.sec.gov/Archives/edgar/data/823768/000095012907005082/h50757e10vq.htm"
  },
  {
    "date": "2007-06-30",
    "symbol": "WM",
    "reportedCurrency": "USD",
    "cik": "0000823768",
    "fillingDate": "2007-07-31",
    "acceptedDate": "2007-07-31 11:15:14",
    "calendarYear": "2007",
    "period": "Q2",
    "revenue": 3358000000,
    "costOfRevenue": 2092000000,
    "grossProfit": 1266000000,
    "grossProfitRatio": 0.3770101251,
    "researchAndDevelopmentExpenses": 0,
    "generalAndAdministrativeExpenses": 0,
    "sellingAndMarketingExpenses": 0,
    "sellingGeneralAndAdministrativeExpenses": 343000000,
    "otherExpenses": 289000000,
    "operatingExpenses": 632000000,
    "costAndExpenses": 2724000000,
    "interestIncome": 0,
    "interestExpense": 0,
    "depreciationAndAmortization": 322000000,
    "ebitda": 956000000,
    "ebitdaratio": 0.2846932698,
    "operatingIncome": 633000000,
    "operatingIncomeRatio": 0.1885050625,
    "totalOtherIncomeExpensesNet": -153000000,
    "incomeBeforeTax": 480000000,
    "incomeBeforeTaxRatio": 0.1429422275,
    "incomeTaxExpense": 142000000,
    "netIncome": 338000000,
    "netIncomeRatio": 0.1006551519,
    "eps": 0.65,
    "epsdiluted": 0.64,
    "weightedAverageShsOut": 520000000,
    "weightedAverageShsOutDil": 528125000,
    "link": "https://www.sec.gov/Archives/edgar/data/823768/000095012907003626/0000950129-07-003626-index.htm",
    "finalLink": "https://www.sec.gov/Archives/edgar/data/823768/000095012907003626/h48531e10vq.htm"
  },
  {
    "date": "2007-03-31",
    "symbol": "WM",
    "reportedCurrency": "USD",
    "cik": "0000823768",
    "fillingDate": "2007-04-27",
    "acceptedDate": "2007-04-27 10:03:22",
    "calendarYear": "2007",
    "period": "Q1",
    "revenue": 3188000000,
    "costOfRevenue": 2034000000,
    "grossProfit": 1154000000,
    "grossProfitRatio": 0.3619824341,
    "researchAndDevelopmentExpenses": 0,
    "generalAndAdministrativeExpenses": 0,
    "sellingAndMarketingExpenses": 0,
    "sellingGeneralAndAdministrativeExpenses": 353000000,
    "otherExpenses": 311000000,
    "operatingExpenses": 664000000,
    "costAndExpenses": 2698000000,
    "interestIncome": 0,
    "interestExpense": 0,
    "depreciationAndAmortization": 310000000,
    "ebitda": 800000000,
    "ebitdaratio": 0.2509410289,
    "operatingIncome": 481000000,
    "operatingIncomeRatio": 0.1508782936,
    "totalOtherIncomeExpensesNet": -150000000,
    "incomeBeforeTax": 331000000,
    "incomeBeforeTaxRatio": 0.1038268507,
    "incomeTaxExpense": 109000000,
    "netIncome": 222000000,
    "netIncomeRatio": 0.0696361355,
    "eps": 0.42,
    "epsdiluted": 0.42,
    "weightedAverageShsOut": 528571429,
    "weightedAverageShsOutDil": 528571429,
    "link": "https://www.sec.gov/Archives/edgar/data/823768/000095012907002179/0000950129-07-002179-index.htm",
    "finalLink": "https://www.sec.gov/Archives/edgar/data/823768/000095012907002179/h45612e10vq.htm"
  },
  {
    "date": "2006-12-31",
    "symbol": "WM",
    "reportedCurrency": "USD",
    "cik": "0000823768",
    "fillingDate": "2007-02-15",
    "acceptedDate": "2007-02-15 16:50:33",
    "calendarYear": "2006",
    "period": "Q4",
    "revenue": 3283000000,
    "costOfRevenue": 2107000000,
    "grossProfit": 1176000000,
    "grossProfitRatio": 0.3582089552,
    "researchAndDevelopmentExpenses": 0,
    "generalAndAdministrativeExpenses": 0,
    "sellingAndMarketingExpenses": 0,
    "sellingGeneralAndAdministrativeExpenses": 348000000,
    "otherExpenses": 292000000,
    "operatingExpenses": 640000000,
    "costAndExpenses": 2747000000,
    "interestIncome": 0,
    "interestExpense": 0,
    "depreciationAndAmortization": 321000000,
    "ebitda": 857000000,
    "ebitdaratio": 0.2610417301,
    "operatingIncome": 472000000,
    "operatingIncomeRatio": 0.1437709412,
    "totalOtherIncomeExpensesNet": -147000000,
    "incomeBeforeTax": 325000000,
    "incomeBeforeTaxRatio": 0.0989948218,
    "incomeTaxExpense": 79000000,
    "netIncome": 246000000,
    "netIncomeRatio": 0.0749314651,
    "eps": 0.47,
    "epsdiluted": 0.47,
    "weightedAverageShsOut": 525818768,
    "weightedAverageShsOutDil": 528571429,
    "link": "https://www.sec.gov/Archives/edgar/data/823768/000095013407003484/0000950134-07-003484-index.htm",
    "finalLink": "https://www.sec.gov/Archives/edgar/data/823768/000095013407003484/h43426e10vk.htm"
  },
  {
    "date": "2006-09-30",
    "symbol": "WM",
    "reportedCurrency": "USD",
    "cik": "0000823768",
    "fillingDate": "2006-10-25",
    "acceptedDate": "2006-10-24 21:29:21",
    "calendarYear": "2006",
    "period": "Q3",
    "revenue": 3441000000,
    "costOfRevenue": 2181000000,
    "grossProfit": 1260000000,
    "grossProfitRatio": 0.3661726242,
    "researchAndDevelopmentExpenses": 0,
    "generalAndAdministrativeExpenses": 0,
    "sellingAndMarketingExpenses": 0,
    "sellingGeneralAndAdministrativeExpenses": 344000000,
    "otherExpenses": 356000000,
    "operatingExpenses": 700000000,
    "costAndExpenses": 2881000000,
    "interestIncome": 0,
    "interestExpense": 0,
    "depreciationAndAmortization": 340000000,
    "ebitda": 897000000,
    "ebitdaratio": 0.2606800349,
    "operatingIncome": 557000000,
    "operatingIncomeRatio": 0.161871549,
    "totalOtherIncomeExpensesNet": -144000000,
    "incomeBeforeTax": 413000000,
    "incomeBeforeTaxRatio": 0.1200232491,
    "incomeTaxExpense": 113000000,
    "netIncome": 300000000,
    "netIncomeRatio": 0.0871839582,
    "eps": 0.56,
    "epsdiluted": 0.55,
    "weightedAverageShsOut": 535714286,
    "weightedAverageShsOutDil": 545454545,
    "link": "https://www.sec.gov/Archives/edgar/data/823768/000095012906009127/0000950129-06-009127-index.htm",
    "finalLink": "https://www.sec.gov/Archives/edgar/data/823768/000095012906009127/h40540e10vq.htm"
  },
  {
    "date": "2006-06-30",
    "symbol": "WM",
    "reportedCurrency": "USD",
    "cik": "0000823768",
    "fillingDate": "2006-07-28",
    "acceptedDate": "2006-07-28 10:39:19",
    "calendarYear": "2006",
    "period": "Q2",
    "revenue": 3410000000,
    "costOfRevenue": 2199000000,
    "grossProfit": 1211000000,
    "grossProfitRatio": 0.3551319648,
    "researchAndDevelopmentExpenses": 0,
    "generalAndAdministrativeExpenses": 0,
    "sellingAndMarketingExpenses": 0,
    "sellingGeneralAndAdministrativeExpenses": 328000000,
    "otherExpenses": 318000000,
    "operatingExpenses": 646000000,
    "costAndExpenses": 2845000000,
    "interestIncome": 0,
    "interestExpense": 0,
    "depreciationAndAmortization": 345000000,
    "ebitda": 910000000,
    "ebitdaratio": 0.2668621701,
    "operatingIncome": 565000000,
    "operatingIncomeRatio": 0.1656891496,
    "totalOtherIncomeExpensesNet": -118000000,
    "incomeBeforeTax": 447000000,
    "incomeBeforeTaxRatio": 0.131085044,
    "incomeTaxExpense": 30000000,
    "netIncome": 417000000,
    "netIncomeRatio": 0.12228739,
    "eps": 0.77,
    "epsdiluted": 0.76,
    "weightedAverageShsOut": 541558442,
    "weightedAverageShsOutDil": 548684211,
    "link": "https://www.sec.gov/Archives/edgar/data/823768/000095012906007339/0000950129-06-007339-index.htm",
    "finalLink": "https://www.sec.gov/Archives/edgar/data/823768/000095012906007339/h38147e10vq.htm"
  },
  {
    "date": "2006-03-31",
    "symbol": "WM",
    "reportedCurrency": "USD",
    "cik": "0000823768",
    "fillingDate": "2006-04-27",
    "acceptedDate": "2006-04-27 11:25:06",
    "calendarYear": "2006",
    "period": "Q1",
    "revenue": 3229000000,
    "costOfRevenue": 2100000000,
    "grossProfit": 1129000000,
    "grossProfitRatio": 0.3496438526,
    "researchAndDevelopmentExpenses": 0,
    "generalAndAdministrativeExpenses": 0,
    "sellingAndMarketingExpenses": 0,
    "sellingGeneralAndAdministrativeExpenses": 368000000,
    "otherExpenses": 326000000,
    "operatingExpenses": 694000000,
    "costAndExpenses": 2794000000,
    "interestIncome": 0,
    "interestExpense": 0,
    "depreciationAndAmortization": 328000000,
    "ebitda": 763000000,
    "ebitdaratio": 0.2362960669,
    "operatingIncome": 435000000,
    "operatingIncomeRatio": 0.1347166305,
    "totalOtherIncomeExpensesNet": -146000000,
    "incomeBeforeTax": 289000000,
    "incomeBeforeTaxRatio": 0.0895013936,
    "incomeTaxExpense": 103000000,
    "netIncome": 186000000,
    "netIncomeRatio": 0.0576029731,
    "eps": 0.34,
    "epsdiluted": 0.34,
    "weightedAverageShsOut": 547058824,
    "weightedAverageShsOutDil": 547058824,
    "link": "https://www.sec.gov/Archives/edgar/data/823768/000095012906004425/0000950129-06-004425-index.htm",
    "finalLink": "https://www.sec.gov/Archives/edgar/data/823768/000095012906004425/h35386e10vq.htm"
  },
  {
    "date": "2005-12-31",
    "symbol": "WM",
    "reportedCurrency": "USD",
    "cik": "0000823768",
    "fillingDate": "2006-02-21",
    "acceptedDate": "2006-02-21 16:07:38",
    "calendarYear": "2005",
    "period": "Q4",
    "revenue": 3372000000,
    "costOfRevenue": 2212000000,
    "grossProfit": 1160000000,
    "grossProfitRatio": 0.3440094899,
    "researchAndDevelopmentExpenses": 0,
    "generalAndAdministrativeExpenses": 0,
    "sellingAndMarketingExpenses": 0,
    "sellingGeneralAndAdministrativeExpenses": 324000000,
    "otherExpenses": 336000000,
    "operatingExpenses": 660000000,
    "costAndExpenses": 2872000000,
    "interestIncome": 0,
    "interestExpense": 0,
    "depreciationAndAmortization": 325000000,
    "ebitda": 825000000,
    "ebitdaratio": 0.2446619217,
    "operatingIncome": 499000000,
    "operatingIncomeRatio": 0.1479833926,
    "totalOtherIncomeExpensesNet": -158000000,
    "incomeBeforeTax": 341000000,
    "incomeBeforeTaxRatio": 0.1011269276,
    "incomeTaxExpense": 51000000,
    "netIncome": 290000000,
    "netIncomeRatio": 0.0860023725,
    "eps": 0.53,
    "epsdiluted": 0.53,
    "weightedAverageShsOut": 547058824,
    "weightedAverageShsOutDil": 547058824,
    "link": "https://www.sec.gov/Archives/edgar/data/823768/000095012906001649/0000950129-06-001649-index.htm",
    "finalLink": "https://www.sec.gov/Archives/edgar/data/823768/000095012906001649/h32785e10vk.htm"
  },
  {
    "date": "2005-09-30",
    "symbol": "WM",
    "reportedCurrency": "USD",
    "cik": "0000823768",
    "fillingDate": "2005-10-27",
    "acceptedDate": "2005-10-27 15:24:49",
    "calendarYear": "2005",
    "period": "Q3",
    "revenue": 3375000000,
    "costOfRevenue": 2202000000,
    "grossProfit": 1173000000,
    "grossProfitRatio": 0.3475555556,
    "researchAndDevelopmentExpenses": 0,
    "generalAndAdministrativeExpenses": 0,
    "sellingAndMarketingExpenses": 0,
    "sellingGeneralAndAdministrativeExpenses": 309000000,
    "otherExpenses": 455000000,
    "operatingExpenses": 764000000,
    "costAndExpenses": 2966000000,
    "interestIncome": 0,
    "interestExpense": 0,
    "depreciationAndAmortization": 369000000,
    "ebitda": 778000000,
    "ebitdaratio": 0.2305185185,
    "operatingIncome": 382000000,
    "operatingIncomeRatio": 0.1131851852,
    "totalOtherIncomeExpensesNet": -156000000,
    "incomeBeforeTax": 226000000,
    "incomeBeforeTaxRatio": 0.066962963,
    "incomeTaxExpense": 11000000,
    "netIncome": 215000000,
    "netIncomeRatio": 0.0637037037,
    "eps": 0.39,
    "epsdiluted": 0.38,
    "weightedAverageShsOut": 551282051,
    "weightedAverageShsOutDil": 565789474,
    "link": "https://www.sec.gov/Archives/edgar/data/823768/000095012905010166/0000950129-05-010166-index.htm",
    "finalLink": "https://www.sec.gov/Archives/edgar/data/823768/000095012905010166/h29648e10vq.htm"
  },
  {
    "date": "2005-06-30",
    "symbol": "WM",
    "reportedCurrency": "USD",
    "cik": "0000823768",
    "fillingDate": "2005-07-28",
    "acceptedDate": "2005-07-28 16:38:19",
    "calendarYear": "2005",
    "period": "Q2",
    "revenue": 3289000000,
    "costOfRevenue": 2173000000,
    "grossProfit": 1116000000,
    "grossProfitRatio": 0.3393128611,
    "researchAndDevelopmentExpenses": 0,
    "generalAndAdministrativeExpenses": 0,
    "sellingAndMarketingExpenses": 0,
    "sellingGeneralAndAdministrativeExpenses": 313000000,
    "otherExpenses": 340000000,
    "operatingExpenses": 653000000,
    "costAndExpenses": 2826000000,
    "interestIncome": 0,
    "interestExpense": 0,
    "depreciationAndAmortization": 346000000,
    "ebitda": 809000000,
    "ebitdaratio": 0.2459714199,
    "operatingIncome": 463000000,
    "operatingIncomeRatio": 0.1407722712,
    "totalOtherIncomeExpensesNet": -158000000,
    "incomeBeforeTax": 305000000,
    "incomeBeforeTaxRatio": 0.0927333536,
    "incomeTaxExpense": -222000000,
    "netIncome": 527000000,
    "netIncomeRatio": 0.1602310733,
    "eps": 0.93,
    "epsdiluted": 0.92,
    "weightedAverageShsOut": 566666667,
    "weightedAverageShsOutDil": 572826087,
    "link": "https://www.sec.gov/Archives/edgar/data/823768/000095012905007394/0000950129-05-007394-index.htm",
    "finalLink": "https://www.sec.gov/Archives/edgar/data/823768/000095012905007394/h27311e10vq.htm"
  },
  {
    "date": "2005-03-31",
    "symbol": "WM",
    "reportedCurrency": "USD",
    "cik": "0000823768",
    "fillingDate": "2005-04-28",
    "acceptedDate": "2005-04-28 15:33:15",
    "calendarYear": "2005",
    "period": "Q1",
    "revenue": 3038000000,
    "costOfRevenue": 2044000000,
    "grossProfit": 994000000,
    "grossProfitRatio": 0.3271889401,
    "researchAndDevelopmentExpenses": 0,
    "generalAndAdministrativeExpenses": 0,
    "sellingAndMarketingExpenses": 0,
    "sellingGeneralAndAdministrativeExpenses": 330000000,
    "otherExpenses": 298000000,
    "operatingExpenses": 628000000,
    "costAndExpenses": 2672000000,
    "interestIncome": 0,
    "interestExpense": 0,
    "depreciationAndAmortization": 321000000,
    "ebitda": 687000000,
    "ebitdaratio": 0.2261356155,
    "operatingIncome": 366000000,
    "operatingIncomeRatio": 0.1204739961,
    "totalOtherIncomeExpensesNet": -146000000,
    "incomeBeforeTax": 220000000,
    "incomeBeforeTaxRatio": 0.0724160632,
    "incomeTaxExpense": 70000000,
    "netIncome": 150000000,
    "netIncomeRatio": 0.0493745885,
    "eps": 0.26,
    "epsdiluted": 0.26,
    "weightedAverageShsOut": 576923077,
    "weightedAverageShsOutDil": 576923077,
    "link": "https://www.sec.gov/Archives/edgar/data/823768/000095012905004248/0000950129-05-004248-index.htm",
    "finalLink": "https://www.sec.gov/Archives/edgar/data/823768/000095012905004248/h24708e10vq.htm"
  },
  {
    "date": "2004-12-31",
    "symbol": "WM",
    "reportedCurrency": "USD",
    "cik": "0000823768",
    "fillingDate": "2005-02-17",
    "acceptedDate": "2005-02-17 16:35:32",
    "calendarYear": "2004",
    "period": "Q4",
    "revenue": 3208000000,
    "costOfRevenue": 2117000000,
    "grossProfit": 1091000000,
    "grossProfitRatio": 0.3400872818,
    "researchAndDevelopmentExpenses": 0,
    "generalAndAdministrativeExpenses": 0,
    "sellingAndMarketingExpenses": 0,
    "sellingGeneralAndAdministrativeExpenses": 318000000,
    "otherExpenses": 325000000,
    "operatingExpenses": 643000000,
    "costAndExpenses": 2760000000,
    "interestIncome": 0,
    "interestExpense": 0,
    "depreciationAndAmortization": 318000000,
    "ebitda": 766000000,
    "ebitdaratio": 0.2387780549,
    "operatingIncome": 448000000,
    "operatingIncomeRatio": 0.1396508728,
    "totalOtherIncomeExpensesNet": -110000000,
    "incomeBeforeTax": 338000000,
    "incomeBeforeTaxRatio": 0.105361596,
    "incomeTaxExpense": 69000000,
    "netIncome": 269000000,
    "netIncomeRatio": 0.0838528678,
    "eps": 0.47,
    "epsdiluted": 0.47,
    "weightedAverageShsOut": 571535858,
    "weightedAverageShsOutDil": 576923077,
    "link": "https://www.sec.gov/Archives/edgar/data/823768/000095012905001427/0000950129-05-001427-index.htm",
    "finalLink": "https://www.sec.gov/Archives/edgar/data/823768/000095012905001427/h22314e10vk.htm"
  },
  {
    "date": "2004-09-30",
    "symbol": "WM",
    "reportedCurrency": "USD",
    "cik": "0000823768",
    "fillingDate": "2004-10-28",
    "acceptedDate": "2004-10-28 16:34:58",
    "calendarYear": "2004",
    "period": "Q3",
    "revenue": 3274000000,
    "costOfRevenue": 2151000000,
    "grossProfit": 1123000000,
    "grossProfitRatio": 0.3430054979,
    "researchAndDevelopmentExpenses": 0,
    "generalAndAdministrativeExpenses": 0,
    "sellingAndMarketingExpenses": 0,
    "sellingGeneralAndAdministrativeExpenses": 316000000,
    "otherExpenses": 343000000,
    "operatingExpenses": 659000000,
    "costAndExpenses": 2810000000,
    "interestIncome": 0,
    "interestExpense": 0,
    "depreciationAndAmortization": 345000000,
    "ebitda": 809000000,
    "ebitdaratio": 0.2470983506,
    "operatingIncome": 465000000,
    "operatingIncomeRatio": 0.1420281002,
    "totalOtherIncomeExpensesNet": -128000000,
    "incomeBeforeTax": 337000000,
    "incomeBeforeTaxRatio": 0.102932193,
    "incomeTaxExpense": 35000000,
    "netIncome": 302000000,
    "netIncomeRatio": 0.0922419059,
    "eps": 0.52,
    "epsdiluted": 0.52,
    "weightedAverageShsOut": 580769231,
    "weightedAverageShsOutDil": 580769231,
    "link": "https://www.sec.gov/Archives/edgar/data/823768/000095012904008190/0000950129-04-008190-index.htm",
    "finalLink": "https://www.sec.gov/Archives/edgar/data/823768/000095012904008190/h19350e10vq.htm"
  },
  {
    "date": "2004-06-30",
    "symbol": "WM",
    "reportedCurrency": "USD",
    "cik": "0000823768",
    "fillingDate": "2004-07-29",
    "acceptedDate": "2004-07-29 16:41:09",
    "calendarYear": "2004",
    "period": "Q2",
    "revenue": 3138000000,
    "costOfRevenue": 2040000000,
    "grossProfit": 1098000000,
    "grossProfitRatio": 0.3499043977,
    "researchAndDevelopmentExpenses": 0,
    "generalAndAdministrativeExpenses": 0,
    "sellingAndMarketingExpenses": 0,
    "sellingGeneralAndAdministrativeExpenses": 317000000,
    "otherExpenses": 339000000,
    "operatingExpenses": 656000000,
    "costAndExpenses": 2696000000,
    "interestIncome": 0,
    "interestExpense": 0,
    "depreciationAndAmortization": 348000000,
    "ebitda": 790000000,
    "ebitdaratio": 0.2517527087,
    "operatingIncome": 442000000,
    "operatingIncomeRatio": 0.1408540472,
    "totalOtherIncomeExpensesNet": -145000000,
    "incomeBeforeTax": 297000000,
    "incomeBeforeTaxRatio": 0.0946462715,
    "incomeTaxExpense": 81000000,
    "netIncome": 216000000,
    "netIncomeRatio": 0.068833652,
    "eps": 0.37,
    "epsdiluted": 0.37,
    "weightedAverageShsOut": 583783784,
    "weightedAverageShsOutDil": 583783784,
    "link": "https://www.sec.gov/Archives/edgar/data/823768/000095012904005294/0000950129-04-005294-index.htm",
    "finalLink": "https://www.sec.gov/Archives/edgar/data/823768/000095012904005294/h16976e10vq.htm"
  },
  {
    "date": "2004-03-31",
    "symbol": "WM",
    "reportedCurrency": "USD",
    "cik": "0000823768",
    "fillingDate": "2004-04-30",
    "acceptedDate": "2004-04-30 15:49:16",
    "calendarYear": "2004",
    "period": "Q1",
    "revenue": 2896000000,
    "costOfRevenue": 1920000000,
    "grossProfit": 976000000,
    "grossProfitRatio": 0.3370165746,
    "researchAndDevelopmentExpenses": 0,
    "generalAndAdministrativeExpenses": 0,
    "sellingAndMarketingExpenses": 0,
    "sellingGeneralAndAdministrativeExpenses": 316000000,
    "otherExpenses": 316000000,
    "operatingExpenses": 632000000,
    "costAndExpenses": 2552000000,
    "interestIncome": 0,
    "interestExpense": 0,
    "depreciationAndAmortization": 325000000,
    "ebitda": 669000000,
    "ebitdaratio": 0.2310082873,
    "operatingIncome": 344000000,
    "operatingIncomeRatio": 0.1187845304,
    "totalOtherIncomeExpensesNet": -138000000,
    "incomeBeforeTax": 206000000,
    "incomeBeforeTaxRatio": 0.0711325967,
    "incomeTaxExpense": 62000000,
    "netIncome": 152000000,
    "netIncomeRatio": 0.0524861878,
    "eps": 0.26,
    "epsdiluted": 0.26,
    "weightedAverageShsOut": 584615385,
    "weightedAverageShsOutDil": 584615385,
    "link": "https://www.sec.gov/Archives/edgar/data/823768/000095012904002641/0000950129-04-002641-index.htm",
    "finalLink": "https://www.sec.gov/Archives/edgar/data/823768/000095012904002641/h14686e10vq.htm"
  },
  {
    "date": "2003-12-31",
    "symbol": "WM",
    "reportedCurrency": "USD",
    "cik": "0000823768",
    "fillingDate": "2004-02-20",
    "acceptedDate": "2004-02-20 10:23:26",
    "calendarYear": "2003",
    "period": "Q4",
    "revenue": 2968000000,
    "costOfRevenue": 1917000000,
    "grossProfit": 1051000000,
    "grossProfitRatio": 0.3541105121,
    "researchAndDevelopmentExpenses": 0,
    "generalAndAdministrativeExpenses": 0,
    "sellingAndMarketingExpenses": 0,
    "sellingGeneralAndAdministrativeExpenses": 295000000,
    "otherExpenses": 314000000,
    "operatingExpenses": 609000000,
    "costAndExpenses": 2526000000,
    "interestIncome": 0,
    "interestExpense": 0,
    "depreciationAndAmortization": 313000000,
    "ebitda": 753000000,
    "ebitdaratio": 0.2537061995,
    "operatingIncome": 441000000,
    "operatingIncomeRatio": 0.1485849057,
    "totalOtherIncomeExpensesNet": -104000000,
    "incomeBeforeTax": 337000000,
    "incomeBeforeTaxRatio": 0.1135444744,
    "incomeTaxExpense": 111000000,
    "netIncome": 183000000,
    "netIncomeRatio": 0.0616576819,
    "eps": 0.31,
    "epsdiluted": 0.31,
    "weightedAverageShsOut": 584615385,
    "weightedAverageShsOutDil": 584615385,
    "link": "https://www.sec.gov/Archives/edgar/data/823768/000095012904000722/0000950129-04-000722-index.htm",
    "finalLink": "https://www.sec.gov/Archives/edgar/data/823768/000095012904000722/h12380e10vk.htm"
  },
  {
    "date": "2003-09-30",
    "symbol": "WM",
    "reportedCurrency": "USD",
    "cik": "0000823768",
    "fillingDate": "2003-10-31",
    "acceptedDate": "2003-10-31 12:13:53",
    "calendarYear": "2003",
    "period": "Q3",
    "revenue": 2975000000,
    "costOfRevenue": 1920000000,
    "grossProfit": 1055000000,
    "grossProfitRatio": 0.3546218487,
    "researchAndDevelopmentExpenses": 0,
    "generalAndAdministrativeExpenses": 0,
    "sellingAndMarketingExpenses": 0,
    "sellingGeneralAndAdministrativeExpenses": 297000000,
    "otherExpenses": 323000000,
    "operatingExpenses": 620000000,
    "costAndExpenses": 2540000000,
    "interestIncome": 0,
    "interestExpense": 0,
    "depreciationAndAmortization": 325000000,
    "ebitda": 760000000,
    "ebitdaratio": 0.2554621849,
    "operatingIncome": 435000000,
    "operatingIncomeRatio": 0.1462184874,
    "totalOtherIncomeExpensesNet": -106000000,
    "incomeBeforeTax": 329000000,
    "incomeBeforeTaxRatio": 0.1105882353,
    "incomeTaxExpense": 119000000,
    "netIncome": 210000000,
    "netIncomeRatio": 0.0705882353,
    "eps": 0.36,
    "epsdiluted": 0.35,
    "weightedAverageShsOut": 583333333,
    "weightedAverageShsOutDil": 600000000,
    "link": "https://www.sec.gov/Archives/edgar/data/823768/000095012903005273/0000950129-03-005273-index.htm",
    "finalLink": "https://www.sec.gov/Archives/edgar/data/823768/000095012903005273/h10002e10vq.htm"
  },
  {
    "date": "2003-06-30",
    "symbol": "WM",
    "reportedCurrency": "USD",
    "cik": "0000823768",
    "fillingDate": "2003-08-05",
    "acceptedDate": "2003-08-05 12:24:50",
    "calendarYear": "2003",
    "period": "Q2",
    "revenue": 2915000000,
    "costOfRevenue": 1887000000,
    "grossProfit": 1028000000,
    "grossProfitRatio": 0.3526586621,
    "researchAndDevelopmentExpenses": 0,
    "generalAndAdministrativeExpenses": 0,
    "sellingAndMarketingExpenses": 0,
    "sellingGeneralAndAdministrativeExpenses": 301000000,
    "otherExpenses": 319000000,
    "operatingExpenses": 620000000,
    "costAndExpenses": 2507000000,
    "interestIncome": 0,
    "interestExpense": 0,
    "depreciationAndAmortization": 325000000,
    "ebitda": 733000000,
    "ebitdaratio": 0.251457976,
    "operatingIncome": 385000000,
    "operatingIncomeRatio": 0.1320754717,
    "totalOtherIncomeExpensesNet": -103000000,
    "incomeBeforeTax": 282000000,
    "incomeBeforeTaxRatio": 0.0967409949,
    "incomeTaxExpense": 106000000,
    "netIncome": 176000000,
    "netIncomeRatio": 0.0603773585,
    "eps": 0.3,
    "epsdiluted": 0.3,
    "weightedAverageShsOut": 586666667,
    "weightedAverageShsOutDil": 586666667,
    "link": "https://www.sec.gov/Archives/edgar/data/823768/000095012903003914/0000950129-03-003914-index.htm",
    "finalLink": "https://www.sec.gov/Archives/edgar/data/823768/000095012903003914/h07899e10vq.htm"
  },
  {
    "date": "2003-03-31",
    "symbol": "WM",
    "reportedCurrency": "USD",
    "cik": "0000823768",
    "fillingDate": "2003-04-30",
    "acceptedDate": "2003-04-30 12:28:39",
    "calendarYear": "2003",
    "period": "Q1",
    "revenue": 2716000000,
    "costOfRevenue": 1793000000,
    "grossProfit": 923000000,
    "grossProfitRatio": 0.3398379971,
    "researchAndDevelopmentExpenses": 0,
    "generalAndAdministrativeExpenses": 0,
    "sellingAndMarketingExpenses": 0,
    "sellingGeneralAndAdministrativeExpenses": 323000000,
    "otherExpenses": 301000000,
    "operatingExpenses": 624000000,
    "costAndExpenses": 2417000000,
    "interestIncome": 0,
    "interestExpense": 0,
    "depreciationAndAmortization": 302000000,
    "ebitda": 601000000,
    "ebitdaratio": 0.221281296,
    "operatingIncome": 279000000,
    "operatingIncomeRatio": 0.102724595,
    "totalOtherIncomeExpensesNet": -104000000,
    "incomeBeforeTax": 175000000,
    "incomeBeforeTaxRatio": 0.0644329897,
    "incomeTaxExpense": 68000000,
    "netIncome": 61000000,
    "netIncomeRatio": 0.0224594993,
    "eps": 0.1,
    "epsdiluted": 0.1,
    "weightedAverageShsOut": 610000000,
    "weightedAverageShsOutDil": 610000000,
    "link": "https://www.sec.gov/Archives/edgar/data/823768/000095012903002331/0000950129-03-002331-index.htm",
    "finalLink": "https://www.sec.gov/Archives/edgar/data/823768/000095012903002331/h05223e10vq.htm"
  },
  {
    "date": "2002-12-31",
    "symbol": "WM",
    "reportedCurrency": "USD",
    "cik": "0000823768",
    "fillingDate": "2003-02-24",
    "acceptedDate": "2003-02-24 16:51:17",
    "calendarYear": "2002",
    "period": "Q4",
    "revenue": 2812000000,
    "costOfRevenue": 1743000000,
    "grossProfit": 1069000000,
    "grossProfitRatio": 0.3801564723,
    "researchAndDevelopmentExpenses": 0,
    "generalAndAdministrativeExpenses": 0,
    "sellingAndMarketingExpenses": 0,
    "sellingGeneralAndAdministrativeExpenses": 407000000,
    "otherExpenses": 279000000,
    "operatingExpenses": 686000000,
    "costAndExpenses": 2429000000,
    "interestIncome": 0,
    "interestExpense": 0,
    "depreciationAndAmortization": 304000000,
    "ebitda": 687000000,
    "ebitdaratio": 0.2443100996,
    "operatingIncome": 383000000,
    "operatingIncomeRatio": 0.1362019915,
    "totalOtherIncomeExpensesNet": -61000000,
    "incomeBeforeTax": 322000000,
    "incomeBeforeTaxRatio": 0.1145092461,
    "incomeTaxExpense": 84000000,
    "netIncome": 236000000,
    "netIncomeRatio": 0.0839260313,
    "eps": 0.39,
    "epsdiluted": 0.39,
    "weightedAverageShsOut": 603205027,
    "weightedAverageShsOutDil": 610000000,
    "link": "https://www.sec.gov/Archives/edgar/data/823768/000095012903000958/0000950129-03-000958-index.htm",
    "finalLink": "https://www.sec.gov/Archives/edgar/data/823768/000095012903000958/h02934e10vk.txt"
  },
  {
    "date": "2002-09-30",
    "symbol": "WM",
    "reportedCurrency": "USD",
    "cik": "0000823768",
    "fillingDate": "2002-11-01",
    "acceptedDate": "2002-11-01 11:35:24",
    "calendarYear": "2002",
    "period": "Q3",
    "revenue": 2896000000,
    "costOfRevenue": 1746000000,
    "grossProfit": 1150000000,
    "grossProfitRatio": 0.3970994475,
    "researchAndDevelopmentExpenses": 0,
    "generalAndAdministrativeExpenses": 376000000,
    "sellingAndMarketingExpenses": 0,
    "sellingGeneralAndAdministrativeExpenses": 376000000,
    "otherExpenses": 308000000,
    "operatingExpenses": 684000000,
    "costAndExpenses": 2430000000,
    "interestIncome": 0,
    "interestExpense": 0,
    "depreciationAndAmortization": 311000000,
    "ebitda": 774000000,
    "ebitdaratio": 0.2672651934,
    "operatingIncome": 465000000,
    "operatingIncomeRatio": 0.1605662983,
    "totalOtherIncomeExpensesNet": -113000000,
    "incomeBeforeTax": 352000000,
    "incomeBeforeTaxRatio": 0.1215469613,
    "incomeTaxExpense": 121000000,
    "netIncome": 231000000,
    "netIncomeRatio": 0.0797651934,
    "eps": 0.38,
    "epsdiluted": 0.38,
    "weightedAverageShsOut": 607894737,
    "weightedAverageShsOutDil": 607894737,
    "link": "https://www.sec.gov/Archives/edgar/data/823768/000095012902005332/0000950129-02-005332-index.htm",
    "finalLink": "https://www.sec.gov/Archives/edgar/data/823768/000095012902005332/h00764e10vq.txt"
  },
  {
    "date": "2002-06-30",
    "symbol": "WM",
    "reportedCurrency": "USD",
    "cik": "0000823768",
    "fillingDate": "2002-08-02",
    "acceptedDate": "2002-08-02 12:16:38",
    "calendarYear": "2002",
    "period": "Q2",
    "revenue": 2825000000,
    "costOfRevenue": 1689000000,
    "grossProfit": 1136000000,
    "grossProfitRatio": 0.4021238938,
    "researchAndDevelopmentExpenses": 0,
    "generalAndAdministrativeExpenses": 359000000,
    "sellingAndMarketingExpenses": 0,
    "sellingGeneralAndAdministrativeExpenses": 359000000,
    "otherExpenses": 313000000,
    "operatingExpenses": 672000000,
    "costAndExpenses": 2361000000,
    "interestIncome": 0,
    "interestExpense": 0,
    "depreciationAndAmortization": 313000000,
    "ebitda": 777000000,
    "ebitdaratio": 0.2750442478,
    "operatingIncome": 464000000,
    "operatingIncomeRatio": 0.1642477876,
    "totalOtherIncomeExpensesNet": -112000000,
    "incomeBeforeTax": 352000000,
    "incomeBeforeTaxRatio": 0.1246017699,
    "incomeTaxExpense": 135000000,
    "netIncome": 217000000,
    "netIncomeRatio": 0.0768141593,
    "eps": 0.35,
    "epsdiluted": 0.35,
    "weightedAverageShsOut": 620000000,
    "weightedAverageShsOutDil": 620000000,
    "link": "https://www.sec.gov/Archives/edgar/data/823768/000095012902003824/0000950129-02-003824-index.htm",
    "finalLink": "https://www.sec.gov/Archives/edgar/data/823768/000095012902003824/h98566e10vq.txt"
  },
  {
    "date": "2002-03-31",
    "symbol": "WM",
    "reportedCurrency": "USD",
    "cik": "0000823768",
    "fillingDate": "2002-05-08",
    "acceptedDate": "2002-05-08 17:07:11",
    "calendarYear": "2002",
    "period": "Q1",
    "revenue": 2609000000,
    "costOfRevenue": 1565000000,
    "grossProfit": 1044000000,
    "grossProfitRatio": 0.4001533154,
    "researchAndDevelopmentExpenses": 0,
    "generalAndAdministrativeExpenses": 387000000,
    "sellingAndMarketingExpenses": 0,
    "sellingGeneralAndAdministrativeExpenses": 387000000,
    "otherExpenses": 288000000,
    "operatingExpenses": 675000000,
    "costAndExpenses": 2240000000,
    "interestIncome": 0,
    "interestExpense": 0,
    "depreciationAndAmortization": 294000000,
    "ebitda": 663000000,
    "ebitdaratio": 0.2541203526,
    "operatingIncome": 332000000,
    "operatingIncomeRatio": 0.1272518206,
    "totalOtherIncomeExpensesNet": -111000000,
    "incomeBeforeTax": 221000000,
    "incomeBeforeTaxRatio": 0.0847067842,
    "incomeTaxExpense": 84000000,
    "netIncome": 138000000,
    "netIncomeRatio": 0.0528938291,
    "eps": 0.22,
    "epsdiluted": 0.22,
    "weightedAverageShsOut": 627272727,
    "weightedAverageShsOutDil": 627272727,
    "link": "https://www.sec.gov/Archives/edgar/data/823768/000095012902002335/0000950129-02-002335-index.htm",
    "finalLink": "https://www.sec.gov/Archives/edgar/data/823768/000095012902002335/h96558e10-q.txt"
  },
  {
    "date": "2001-12-31",
    "symbol": "WM",
    "reportedCurrency": "USD",
    "cik": "0000823768",
    "fillingDate": "2002-03-12",
    "acceptedDate": "2002-03-12 00:00:00",
    "calendarYear": "2001",
    "period": "Q4",
    "revenue": 2791000000,
    "costOfRevenue": 1595000000,
    "grossProfit": 1196000000,
    "grossProfitRatio": 0.4285202436,
    "researchAndDevelopmentExpenses": 0,
    "generalAndAdministrativeExpenses": 452000000,
    "sellingAndMarketingExpenses": 0,
    "sellingGeneralAndAdministrativeExpenses": 452000000,
    "otherExpenses": 361000000,
    "operatingExpenses": 813000000,
    "costAndExpenses": 2408000000,
    "interestIncome": 0,
    "interestExpense": 0,
    "depreciationAndAmortization": 343000000,
    "ebitda": 726000000,
    "ebitdaratio": 0.2601218201,
    "operatingIncome": 383000000,
    "operatingIncomeRatio": 0.1372268004,
    "totalOtherIncomeExpensesNet": -111000000,
    "incomeBeforeTax": 272000000,
    "incomeBeforeTaxRatio": 0.0974561089,
    "incomeTaxExpense": 114000000,
    "netIncome": 158000000,
    "netIncomeRatio": 0.0566105339,
    "eps": 0.25,
    "epsdiluted": 0.25,
    "weightedAverageShsOut": 627272727,
    "weightedAverageShsOutDil": 627272727,
    "link": "https://www.sec.gov/Archives/edgar/data/823768/000095012902001250/0000950129-02-001250-index.htm",
    "finalLink": "https://www.sec.gov/Archives/edgar/data/823768/000095012902001250/h93477e10-k.txt"
  },
  {
    "date": "2001-09-30",
    "symbol": "WM",
    "reportedCurrency": "USD",
    "cik": "0000823768",
    "fillingDate": "2001-11-13",
    "acceptedDate": "2001-11-13 00:00:00",
    "calendarYear": "2001",
    "period": "Q3",
    "revenue": 2897000000,
    "costOfRevenue": 1693000000,
    "grossProfit": 1204000000,
    "grossProfitRatio": 0.4156023473,
    "researchAndDevelopmentExpenses": 0,
    "generalAndAdministrativeExpenses": 383000000,
    "sellingAndMarketingExpenses": 0,
    "sellingGeneralAndAdministrativeExpenses": 383000000,
    "otherExpenses": 706000000,
    "operatingExpenses": 1089000000,
    "costAndExpenses": 2782000000,
    "interestIncome": 0,
    "interestExpense": 0,
    "depreciationAndAmortization": 352000000,
    "ebitda": 467000000,
    "ebitdaratio": 0.1612012427,
    "operatingIncome": 115000000,
    "operatingIncomeRatio": 0.0396962375,
    "totalOtherIncomeExpensesNet": -116000000,
    "incomeBeforeTax": -1000000,
    "incomeBeforeTaxRatio": -0.0003451847,
    "incomeTaxExpense": -32000000,
    "netIncome": 30000000,
    "netIncomeRatio": 0.0103555402,
    "eps": 0.05,
    "epsdiluted": 0.05,
    "weightedAverageShsOut": 600000000,
    "weightedAverageShsOutDil": 600000000,
    "link": "https://www.sec.gov/Archives/edgar/data/823768/000095012901503991/0000950129-01-503991-index.htm",
    "finalLink": "https://www.sec.gov/Archives/edgar/data/823768/000095012901503991/h91961e10-q.txt"
  },
  {
    "date": "2001-06-30",
    "symbol": "WM",
    "reportedCurrency": "USD",
    "cik": "0000823768",
    "fillingDate": "2001-08-09",
    "acceptedDate": "2001-08-09 00:00:00",
    "calendarYear": "2001",
    "period": "Q2",
    "revenue": 2915000000,
    "costOfRevenue": 1732000000,
    "grossProfit": 1183000000,
    "grossProfitRatio": 0.4058319039,
    "researchAndDevelopmentExpenses": 0,
    "generalAndAdministrativeExpenses": 398000000,
    "sellingAndMarketingExpenses": 0,
    "sellingGeneralAndAdministrativeExpenses": 398000000,
    "otherExpenses": 344000000,
    "operatingExpenses": 742000000,
    "costAndExpenses": 2474000000,
    "interestIncome": 0,
    "interestExpense": 0,
    "depreciationAndAmortization": 341000000,
    "ebitda": 782000000,
    "ebitdaratio": 0.2682675815,
    "operatingIncome": 441000000,
    "operatingIncomeRatio": 0.1512864494,
    "totalOtherIncomeExpensesNet": -137000000,
    "incomeBeforeTax": 304000000,
    "incomeBeforeTaxRatio": 0.1042881647,
    "incomeTaxExpense": 113000000,
    "netIncome": 191000000,
    "netIncomeRatio": 0.0655231561,
    "eps": 0.31,
    "epsdiluted": 0.3,
    "weightedAverageShsOut": 616129032,
    "weightedAverageShsOutDil": 636666667,
    "link": "https://www.sec.gov/Archives/edgar/data/823768/000095012901502418/0000950129-01-502418-index.htm",
    "finalLink": "https://www.sec.gov/Archives/edgar/data/823768/000095012901502418/h89499e10-q.txt"
  },
  {
    "date": "2001-03-31",
    "symbol": "WM",
    "reportedCurrency": "USD",
    "cik": "0000823768",
    "fillingDate": "2001-05-10",
    "acceptedDate": "2001-05-10 00:00:00",
    "calendarYear": "2001",
    "period": "Q1",
    "revenue": 2719000000,
    "costOfRevenue": 1646000000,
    "grossProfit": 1073000000,
    "grossProfitRatio": 0.3946303788,
    "researchAndDevelopmentExpenses": 0,
    "generalAndAdministrativeExpenses": 389000000,
    "sellingAndMarketingExpenses": 0,
    "sellingGeneralAndAdministrativeExpenses": 389000000,
    "otherExpenses": 340000000,
    "operatingExpenses": 729000000,
    "costAndExpenses": 2375000000,
    "interestIncome": 0,
    "interestExpense": 0,
    "depreciationAndAmortization": 335000000,
    "ebitda": 679000000,
    "ebitdaratio": 0.2497241633,
    "operatingIncome": 344000000,
    "operatingIncomeRatio": 0.1265171019,
    "totalOtherIncomeExpensesNet": -132000000,
    "incomeBeforeTax": 212000000,
    "incomeBeforeTaxRatio": 0.0779698419,
    "incomeTaxExpense": 89000000,
    "netIncome": 124000000,
    "netIncomeRatio": 0.0456050018,
    "eps": 0.2,
    "epsdiluted": 0.2,
    "weightedAverageShsOut": 620000000,
    "weightedAverageShsOutDil": 620000000,
    "link": "https://www.sec.gov/Archives/edgar/data/823768/000095012901500527/0000950129-01-500527-index.htm",
    "finalLink": "https://www.sec.gov/Archives/edgar/data/823768/000095012901500527/h86623e10-q.txt"
  },
  {
    "date": "2000-12-31",
    "symbol": "WM",
    "reportedCurrency": "USD",
    "cik": "0000823768",
    "fillingDate": "2001-03-13",
    "acceptedDate": "2001-03-13 00:00:00",
    "calendarYear": "2000",
    "period": "Q4",
    "revenue": 2884331000,
    "costOfRevenue": 1762093000,
    "grossProfit": 1122238000,
    "grossProfitRatio": 0.3890808649,
    "researchAndDevelopmentExpenses": 0,
    "generalAndAdministrativeExpenses": 387974000,
    "sellingAndMarketingExpenses": 0,
    "sellingGeneralAndAdministrativeExpenses": 387974000,
    "otherExpenses": 349668000,
    "operatingExpenses": 737642000,
    "costAndExpenses": 2499735000,
    "interestIncome": 0,
    "interestExpense": 0,
    "depreciationAndAmortization": 349668000,
    "ebitda": 734264000,
    "ebitdaratio": 0.2545699505,
    "operatingIncome": 384596000,
    "operatingIncomeRatio": 0.1333397589,
    "totalOtherIncomeExpensesNet": -228835000,
    "incomeBeforeTax": 155761000,
    "incomeBeforeTaxRatio": 0.0540024706,
    "incomeTaxExpense": 117237000,
    "netIncome": 38524000,
    "netIncomeRatio": 0.0133563034,
    "eps": 0.062,
    "epsdiluted": 0.062,
    "weightedAverageShsOut": 620000000,
    "weightedAverageShsOutDil": 620000000,
    "link": "https://www.sec.gov/Archives/edgar/data/823768/000095012901001398/0000950129-01-001398-index.htm",
    "finalLink": "https://www.sec.gov/Archives/edgar/data/823768/000095012901001398/h84376e10-k.txt"
  },
  {
    "date": "2000-09-30",
    "symbol": "WM",
    "reportedCurrency": "USD",
    "cik": "0000823768",
    "fillingDate": "2000-11-08",
    "acceptedDate": "2000-11-08 00:00:00",
    "calendarYear": "2000",
    "period": "Q3",
    "revenue": 3124649000,
    "costOfRevenue": 1871048000,
    "grossProfit": 1253601000,
    "grossProfitRatio": 0.4011973825,
    "researchAndDevelopmentExpenses": 0,
    "generalAndAdministrativeExpenses": 411185000,
    "sellingAndMarketingExpenses": 0,
    "sellingGeneralAndAdministrativeExpenses": 411185000,
    "otherExpenses": 366615000,
    "operatingExpenses": 777800000,
    "costAndExpenses": 2648848000,
    "interestIncome": 0,
    "interestExpense": 0,
    "depreciationAndAmortization": 366615000,
    "ebitda": 842416000,
    "ebitdaratio": 0.2696034019,
    "operatingIncome": 475801000,
    "operatingIncomeRatio": 0.1522734234,
    "totalOtherIncomeExpensesNet": -535559000,
    "incomeBeforeTax": -59758000,
    "incomeBeforeTaxRatio": -0.0191247081,
    "incomeTaxExpense": 131084000,
    "netIncome": -190842000,
    "netIncomeRatio": -0.0610763001,
    "eps": -0.31,
    "epsdiluted": -0.31,
    "weightedAverageShsOut": 621505000,
    "weightedAverageShsOutDil": 621505000,
    "link": "https://www.sec.gov/Archives/edgar/data/823768/000095012900005344/0000950129-00-005344-index.htm",
    "finalLink": "https://www.sec.gov/Archives/edgar/data/823768/000095012900005344/h81320e10-q.txt"
  },
  {
    "date": "2000-06-30",
    "symbol": "WM",
    "reportedCurrency": "USD",
    "cik": "0000823768",
    "fillingDate": "2000-08-11",
    "acceptedDate": "2000-08-11 00:00:00",
    "calendarYear": "2000",
    "period": "Q2",
    "revenue": 3265711000,
    "costOfRevenue": 1949143000,
    "grossProfit": 1316568000,
    "grossProfitRatio": 0.403148962,
    "researchAndDevelopmentExpenses": 0,
    "generalAndAdministrativeExpenses": 444830000,
    "sellingAndMarketingExpenses": 0,
    "sellingGeneralAndAdministrativeExpenses": 444830000,
    "otherExpenses": 362308000,
    "operatingExpenses": 807138000,
    "costAndExpenses": 2756281000,
    "interestIncome": 0,
    "interestExpense": 0,
    "depreciationAndAmortization": 362308000,
    "ebitda": 871738000,
    "ebitdaratio": 0.266936664,
    "operatingIncome": 509430000,
    "operatingIncomeRatio": 0.1559935953,
    "totalOtherIncomeExpensesNet": -404286000,
    "incomeBeforeTax": 105144000,
    "incomeBeforeTaxRatio": 0.0321963579,
    "incomeTaxExpense": 104829000,
    "netIncome": 315000,
    "netIncomeRatio": 0.0000964568,
    "eps": 0.0005,
    "epsdiluted": 0.0005,
    "weightedAverageShsOut": 621065000,
    "weightedAverageShsOutDil": 622860000,
    "link": "https://www.sec.gov/Archives/edgar/data/823768/000095012900004097/0000950129-00-004097-index.htm",
    "finalLink": "https://www.sec.gov/Archives/edgar/data/823768/000095012900004097/e10-q.txt"
  },
  {
    "date": "2000-03-31",
    "symbol": "WM",
    "reportedCurrency": "USD",
    "cik": "0000823768",
    "fillingDate": "2000-05-12",
    "acceptedDate": "2000-05-12 00:00:00",
    "calendarYear": "2000",
    "period": "Q1",
    "revenue": 3217309000,
    "costOfRevenue": 1955716000,
    "grossProfit": 1261593000,
    "grossProfitRatio": 0.3921267743,
    "researchAndDevelopmentExpenses": 0,
    "generalAndAdministrativeExpenses": 494011000,
    "sellingAndMarketingExpenses": 0,
    "sellingGeneralAndAdministrativeExpenses": 494011000,
    "otherExpenses": 350409000,
    "operatingExpenses": 844420000,
    "costAndExpenses": 2800136000,
    "interestIncome": 0,
    "interestExpense": 0,
    "depreciationAndAmortization": 350409000,
    "ebitda": 767582000,
    "ebitdaratio": 0.2385788869,
    "operatingIncome": 417173000,
    "operatingIncomeRatio": 0.1296651954,
    "totalOtherIncomeExpensesNet": -297320000,
    "incomeBeforeTax": 119853000,
    "incomeBeforeTaxRatio": 0.0372525611,
    "incomeTaxExpense": 64850000,
    "netIncome": 55003000,
    "netIncomeRatio": 0.0170959644,
    "eps": 0.09,
    "epsdiluted": 0.09,
    "weightedAverageShsOut": 620633000,
    "weightedAverageShsOutDil": 621542000,
    "link": "https://www.sec.gov/Archives/edgar/data/823768/000095012900002389/0000950129-00-002389-index.html",
    "finalLink": "https://www.sec.gov/Archives/edgar/data/823768/000095012900002389/"
  },
  {
    "date": "1999-12-31",
    "symbol": "WM",
    "reportedCurrency": "USD",
    "cik": "0000823768",
    "fillingDate": "2000-03-30",
    "acceptedDate": "2000-03-30 00:00:00",
    "calendarYear": "1999",
    "period": "Q4",
    "revenue": 3336400000,
    "costOfRevenue": 2158700000,
    "grossProfit": 1177700000,
    "grossProfitRatio": 0.3529852536,
    "researchAndDevelopmentExpenses": 0,
    "generalAndAdministrativeExpenses": 610500000,
    "sellingAndMarketingExpenses": 0,
    "sellingGeneralAndAdministrativeExpenses": 610500000,
    "otherExpenses": 411500000,
    "operatingExpenses": 1022000000,
    "costAndExpenses": 3180700000,
    "interestIncome": 0,
    "interestExpense": 0,
    "depreciationAndAmortization": 411500000,
    "ebitda": 567200000,
    "ebitdaratio": 0.1700035967,
    "operatingIncome": 155700000,
    "operatingIncomeRatio": 0.0466670663,
    "totalOtherIncomeExpensesNet": -175500000,
    "incomeBeforeTax": -19800000,
    "incomeBeforeTaxRatio": -0.0059345402,
    "incomeTaxExpense": 92500000,
    "netIncome": -114800000,
    "netIncomeRatio": -0.0344083443,
    "eps": -0.18,
    "epsdiluted": -0.18,
    "weightedAverageShsOut": 620633000,
    "weightedAverageShsOutDil": 621542000,
    "link": "https://www.sec.gov/Archives/edgar/data/823768/000095012900001540/0000950129-00-001540-index.html",
    "finalLink": "https://www.sec.gov/Archives/edgar/data/823768/000095012900001540/"
  },
  {
    "date": "1999-09-30",
    "symbol": "WM",
    "reportedCurrency": "USD",
    "cik": "0000823768",
    "fillingDate": "1999-11-15",
    "acceptedDate": "1999-11-15 00:00:00",
    "calendarYear": "1999",
    "period": "Q3",
    "revenue": 3395100000,
    "costOfRevenue": 2584300000,
    "grossProfit": 810800000,
    "grossProfitRatio": 0.2388147625,
    "researchAndDevelopmentExpenses": 0,
    "generalAndAdministrativeExpenses": 765200000,
    "sellingAndMarketingExpenses": 0,
    "sellingGeneralAndAdministrativeExpenses": 765200000,
    "otherExpenses": 453000000,
    "operatingExpenses": 1218200000,
    "costAndExpenses": 3802500000,
    "interestIncome": 0,
    "interestExpense": 0,
    "depreciationAndAmortization": 462000000,
    "ebitda": 45600000,
    "ebitdaratio": 0.0134311213,
    "operatingIncome": -407400000,
    "operatingIncomeRatio": -0.1199964655,
    "totalOtherIncomeExpensesNet": -876200000,
    "incomeBeforeTax": -1283600000,
    "incomeBeforeTaxRatio": -0.3780742835,
    "incomeTaxExpense": -335800000,
    "netIncome": -947800000,
    "netIncomeRatio": -0.2791670348,
    "eps": -1.53,
    "epsdiluted": -1.53,
    "weightedAverageShsOut": 619477124,
    "weightedAverageShsOutDil": 619477124,
    "link": "https://www.sec.gov/Archives/edgar/data/823768/000095012999005071/0000950129-99-005071-index.html",
    "finalLink": "https://www.sec.gov/Archives/edgar/data/823768/000095012999005071/"
  },
  {
    "date": "1999-06-30",
    "symbol": "WM",
    "reportedCurrency": "USD",
    "cik": "0000823768",
    "fillingDate": "1999-08-16",
    "acceptedDate": "1999-08-16 00:00:00",
    "calendarYear": "1999",
    "period": "Q2",
    "revenue": 3334600000,
    "costOfRevenue": 1868100000,
    "grossProfit": 1466500000,
    "grossProfitRatio": 0.4397828825,
    "researchAndDevelopmentExpenses": 0,
    "generalAndAdministrativeExpenses": 284300000,
    "sellingAndMarketingExpenses": 0,
    "sellingGeneralAndAdministrativeExpenses": 284300000,
    "otherExpenses": 384300000,
    "operatingExpenses": 668600000,
    "costAndExpenses": 2536700000,
    "interestIncome": 0,
    "interestExpense": 0,
    "depreciationAndAmortization": 390400000,
    "ebitda": 1197000000,
    "ebitdaratio": 0.3589635938,
    "operatingIncome": 797900000,
    "operatingIncomeRatio": 0.239279074,
    "totalOtherIncomeExpensesNet": -251600000,
    "incomeBeforeTax": 545900000,
    "incomeBeforeTaxRatio": 0.163707791,
    "incomeTaxExpense": 227600000,
    "netIncome": 318300000,
    "netIncomeRatio": 0.0954537276,
    "eps": 0.52,
    "epsdiluted": 0.5,
    "weightedAverageShsOut": 612115385,
    "weightedAverageShsOutDil": 636600000,
    "link": "https://www.sec.gov/Archives/edgar/data/823768/000095012999003706/0000950129-99-003706-index.html",
    "finalLink": "https://www.sec.gov/Archives/edgar/data/823768/000095012999003706/"
  },
  {
    "date": "1999-03-31",
    "symbol": "WM",
    "reportedCurrency": "USD",
    "cik": "0000823768",
    "fillingDate": "1999-05-14",
    "acceptedDate": "1999-05-14 00:00:00",
    "calendarYear": "1999",
    "period": "Q1",
    "revenue": 3070600000,
    "costOfRevenue": 1674400000,
    "grossProfit": 1396200000,
    "grossProfitRatio": 0.4546994073,
    "researchAndDevelopmentExpenses": 0,
    "generalAndAdministrativeExpenses": 258200000,
    "sellingAndMarketingExpenses": 0,
    "sellingGeneralAndAdministrativeExpenses": 258200000,
    "otherExpenses": 350300000,
    "operatingExpenses": 608500000,
    "costAndExpenses": 2282900000,
    "interestIncome": 0,
    "interestExpense": 0,
    "depreciationAndAmortization": 350300000,
    "ebitda": 1138035000,
    "ebitdaratio": 0.3706230053,
    "operatingIncome": 787700000,
    "operatingIncomeRatio": 0.2565296685,
    "totalOtherIncomeExpensesNet": -162835000,
    "incomeBeforeTax": 624900000,
    "incomeBeforeTaxRatio": 0.2035107145,
    "incomeTaxExpense": 260600000,
    "netIncome": 364300000,
    "netIncomeRatio": 0.1186413079,
    "eps": 0.6,
    "epsdiluted": 0.58,
    "weightedAverageShsOut": 607166667,
    "weightedAverageShsOutDil": 628103448,
    "link": "https://www.sec.gov/Archives/edgar/data/823768/000095012999002209/0000950129-99-002209-index.html",
    "finalLink": "https://www.sec.gov/Archives/edgar/data/823768/"
  },
  {
    "date": "1998-12-31",
    "symbol": "WM",
    "reportedCurrency": "USD",
    "cik": "0000823768",
    "fillingDate": "1999-03-31",
    "acceptedDate": "1999-03-31 00:00:00",
    "calendarYear": "1998",
    "period": "Q4",
    "revenue": 3467000000,
    "costOfRevenue": 1938600000,
    "grossProfit": 1528400000,
    "grossProfitRatio": 0.4408422267,
    "researchAndDevelopmentExpenses": 0,
    "generalAndAdministrativeExpenses": 305400000,
    "sellingAndMarketingExpenses": 0,
    "sellingGeneralAndAdministrativeExpenses": 305400000,
    "otherExpenses": 391600000,
    "operatingExpenses": 697000000,
    "costAndExpenses": 2635600000,
    "interestIncome": 0,
    "interestExpense": 0,
    "depreciationAndAmortization": 391600000,
    "ebitda": 1223000000,
    "ebitdaratio": 0.3527545428,
    "operatingIncome": 831400000,
    "operatingIncomeRatio": 0.239803865,
    "totalOtherIncomeExpensesNet": -600000000,
    "incomeBeforeTax": 231400000,
    "incomeBeforeTaxRatio": 0.0667435823,
    "incomeTaxExpense": 150400000,
    "netIncome": 81000000,
    "netIncomeRatio": 0.0233631382,
    "eps": 0.13,
    "epsdiluted": 0.13,
    "weightedAverageShsOut": 607166667,
    "weightedAverageShsOutDil": 628103448,
    "link": "https://www.sec.gov/Archives/edgar/data/823768/000095012999001268/0000950129-99-001268-index.html",
    "finalLink": "https://www.sec.gov/Archives/edgar/data/823768/"
  },
  {
    "date": "1998-09-30",
    "symbol": "WM",
    "reportedCurrency": "USD",
    "cik": "0000823768",
    "fillingDate": "1998-11-16",
    "acceptedDate": "1998-11-16 00:00:00",
    "calendarYear": "1998",
    "period": "Q3",
    "revenue": 3160300000,
    "costOfRevenue": 1821900000,
    "grossProfit": 1338400000,
    "grossProfitRatio": 0.4235040977,
    "researchAndDevelopmentExpenses": 0,
    "generalAndAdministrativeExpenses": 294700000,
    "sellingAndMarketingExpenses": 0,
    "sellingGeneralAndAdministrativeExpenses": 294700000,
    "otherExpenses": 374000000,
    "operatingExpenses": 668700000,
    "costAndExpenses": 2490600000,
    "interestIncome": 0,
    "interestExpense": 0,
    "depreciationAndAmortization": 921400000,
    "ebitda": 1069500000,
    "ebitdaratio": 0.3384172389,
    "operatingIncome": 669700000,
    "operatingIncomeRatio": 0.2119102617,
    "totalOtherIncomeExpensesNet": -2346100000,
    "incomeBeforeTax": -1692200000,
    "incomeBeforeTaxRatio": -0.5354554947,
    "incomeTaxExpense": -424700000,
    "netIncome": -1267500000,
    "netIncomeRatio": -0.4010695187,
    "eps": -2.13,
    "epsdiluted": -2.13,
    "weightedAverageShsOut": 596445498,
    "weightedAverageShsOutDil": 596445498,
    "link": "https://www.sec.gov/Archives/edgar/data/823768/000095012998004758/0000950129-98-004758-index.html",
    "finalLink": "https://www.sec.gov/Archives/edgar/data/823768/"
  },
  {
    "date": "1998-06-30",
    "symbol": "WM",
    "reportedCurrency": "USD",
    "cik": "0000823768",
    "fillingDate": "1998-08-14",
    "acceptedDate": "1998-08-14 00:00:00",
    "calendarYear": "1998",
    "period": "Q2",
    "revenue": 882000000,
    "costOfRevenue": 437800000,
    "grossProfit": 444200000,
    "grossProfitRatio": 0.5036281179,
    "researchAndDevelopmentExpenses": 0,
    "generalAndAdministrativeExpenses": 83700000,
    "sellingAndMarketingExpenses": 0,
    "sellingGeneralAndAdministrativeExpenses": 83700000,
    "otherExpenses": 99600000,
    "operatingExpenses": 183300000,
    "costAndExpenses": 621100000,
    "interestIncome": 0,
    "interestExpense": 0,
    "depreciationAndAmortization": 99600000,
    "ebitda": 958900000,
    "ebitdaratio": 1.0871882086,
    "operatingIncome": 260900000,
    "operatingIncomeRatio": 0.2958049887,
    "totalOtherIncomeExpensesNet": 170300000,
    "incomeBeforeTax": 211800000,
    "incomeBeforeTaxRatio": 0.2401360544,
    "incomeTaxExpense": 84700000,
    "netIncome": 123200000,
    "netIncomeRatio": 0.1396825397,
    "eps": 0.56,
    "epsdiluted": 0.53,
    "weightedAverageShsOut": 220000000,
    "weightedAverageShsOutDil": 232692308,
    "link": "https://www.sec.gov/Archives/edgar/data/823768/000104746998031928/0001047469-98-031928-index.html",
    "finalLink": "https://www.sec.gov/Archives/edgar/data/823768/"
  },
  {
    "date": "1998-03-31",
    "symbol": "WM",
    "reportedCurrency": "USD",
    "cik": "0000823768",
    "fillingDate": "1998-05-15",
    "acceptedDate": "1998-05-15 00:00:00",
    "calendarYear": "1998",
    "period": "Q1",
    "revenue": 769400000,
    "costOfRevenue": 397500000,
    "grossProfit": 371900000,
    "grossProfitRatio": 0.48336366,
    "researchAndDevelopmentExpenses": 0,
    "generalAndAdministrativeExpenses": 81900000,
    "sellingAndMarketingExpenses": 0,
    "sellingGeneralAndAdministrativeExpenses": 81900000,
    "otherExpenses": 86100000,
    "operatingExpenses": 168000000,
    "costAndExpenses": 565500000,
    "interestIncome": 0,
    "interestExpense": 0,
    "depreciationAndAmortization": 86100000,
    "ebitda": 810900000,
    "ebitdaratio": 1.0539381336,
    "operatingIncome": 203900000,
    "operatingIncomeRatio": 0.2650116974,
    "totalOtherIncomeExpensesNet": 144100000,
    "incomeBeforeTax": 201600000,
    "incomeBeforeTaxRatio": 0.2620223551,
    "incomeTaxExpense": 80600000,
    "netIncome": 121000000,
    "netIncomeRatio": 0.1572654016,
    "eps": 0.55,
    "epsdiluted": 0.55,
    "weightedAverageShsOut": 219788000,
    "weightedAverageShsOutDil": 219788000,
    "link": "https://www.sec.gov/Archives/edgar/data/823768/000095012998002163/0000950129-98-002163-index.html",
    "finalLink": "https://www.sec.gov/Archives/edgar/data/823768/"
  },
  {
    "date": "1997-12-31",
    "symbol": "WM",
    "reportedCurrency": "USD",
    "cik": "0000823768",
    "fillingDate": "1998-03-31",
    "acceptedDate": "1998-03-31 00:00:00",
    "calendarYear": "1997",
    "period": "Q4",
    "revenue": 735300000,
    "costOfRevenue": 375400000,
    "grossProfit": 359900000,
    "grossProfitRatio": 0.4894600843,
    "researchAndDevelopmentExpenses": 0,
    "generalAndAdministrativeExpenses": 77500000,
    "sellingAndMarketingExpenses": 0,
    "sellingGeneralAndAdministrativeExpenses": 77500000,
    "otherExpenses": 83900000,
    "operatingExpenses": 161400000,
    "costAndExpenses": 536800000,
    "interestIncome": 0,
    "interestExpense": 0,
    "depreciationAndAmortization": 83900000,
    "ebitda": 282400000,
    "ebitdaratio": 0.3840609275,
    "operatingIncome": 198500000,
    "operatingIncomeRatio": 0.2699578403,
    "totalOtherIncomeExpensesNet": -27200000,
    "incomeBeforeTax": 171300000,
    "incomeBeforeTaxRatio": 0.2329661363,
    "incomeTaxExpense": 68500000,
    "netIncome": 102800000,
    "netIncomeRatio": 0.1398068815,
    "eps": 0.47,
    "epsdiluted": 0.44,
    "weightedAverageShsOut": 220000000,
    "weightedAverageShsOutDil": 232692308,
    "link": "https://www.sec.gov/Archives/edgar/data/823768/000095012998001354/0000950129-98-001354-index.html",
    "finalLink": "https://www.sec.gov/Archives/edgar/data/823768/"
  },
  {
    "date": "1997-09-30",
    "symbol": "WM",
    "reportedCurrency": "USD",
    "cik": "0000823768",
    "fillingDate": "1997-11-14",
    "acceptedDate": "1997-11-14 00:00:00",
    "calendarYear": "1997",
    "period": "Q3",
    "revenue": 761800000,
    "costOfRevenue": 388900000,
    "grossProfit": 372900000,
    "grossProfitRatio": 0.4894985561,
    "researchAndDevelopmentExpenses": 0,
    "generalAndAdministrativeExpenses": 81900000,
    "sellingAndMarketingExpenses": 0,
    "sellingGeneralAndAdministrativeExpenses": 81900000,
    "otherExpenses": 87700000,
    "operatingExpenses": 169600000,
    "costAndExpenses": 558500000,
    "interestIncome": 0,
    "interestExpense": 0,
    "depreciationAndAmortization": 111100000,
    "ebitda": 1288300000,
    "ebitdaratio": 1.6911262799,
    "operatingIncome": 203300000,
    "operatingIncomeRatio": 0.2668679443,
    "totalOtherIncomeExpensesNet": -303300000,
    "incomeBeforeTax": 48700000,
    "incomeBeforeTaxRatio": 0.06392754,
    "incomeTaxExpense": 23500000,
    "netIncome": 18900000,
    "netIncomeRatio": 0.0248096613,
    "eps": 0.11,
    "epsdiluted": 0.11,
    "weightedAverageShsOut": 166301370,
    "weightedAverageShsOutDil": 175942029,
    "link": "https://www.sec.gov/Archives/edgar/data/823768/000095012997004780/0000950129-97-004780-index.html",
    "finalLink": "https://www.sec.gov/Archives/edgar/data/823768/"
  },
  {
    "date": "1997-06-30",
    "symbol": "WM",
    "reportedCurrency": "USD",
    "cik": "0000823768",
    "fillingDate": "1997-08-14",
    "acceptedDate": "1997-08-14 00:00:00",
    "calendarYear": "1997",
    "period": "Q2",
    "revenue": 535200000,
    "costOfRevenue": 275700000,
    "grossProfit": 259500000,
    "grossProfitRatio": 0.4848654709,
    "researchAndDevelopmentExpenses": 0,
    "generalAndAdministrativeExpenses": 59800000,
    "sellingAndMarketingExpenses": 0,
    "sellingGeneralAndAdministrativeExpenses": 59800000,
    "otherExpenses": 62600000,
    "operatingExpenses": 122400000,
    "costAndExpenses": 398100000,
    "interestIncome": 0,
    "interestExpense": 0,
    "depreciationAndAmortization": 62600000,
    "ebitda": 244400000,
    "ebitdaratio": 0.456651719,
    "operatingIncome": 137100000,
    "operatingIncomeRatio": 0.2561659193,
    "totalOtherIncomeExpensesNet": 9100000,
    "incomeBeforeTax": 120500000,
    "incomeBeforeTaxRatio": 0.2251494768,
    "incomeTaxExpense": 48200000,
    "netIncome": 87300000,
    "netIncomeRatio": 0.1631165919,
    "eps": 0.43,
    "epsdiluted": 0.4,
    "weightedAverageShsOut": 203023256,
    "weightedAverageShsOutDil": 203023256,
    "link": "https://www.sec.gov/Archives/edgar/data/823768/000095012997003370/0000950129-97-003370-index.html",
    "finalLink": "https://www.sec.gov/Archives/edgar/data/823768/"
  },
  {
    "date": "1997-03-31",
    "symbol": "WM",
    "reportedCurrency": "USD",
    "cik": "0000823768",
    "fillingDate": "1997-05-15",
    "acceptedDate": "1997-05-15 00:00:00",
    "calendarYear": "1997",
    "period": "Q1",
    "revenue": 364900000,
    "costOfRevenue": 187700000,
    "grossProfit": 177200000,
    "grossProfitRatio": 0.4856124966,
    "researchAndDevelopmentExpenses": 0,
    "generalAndAdministrativeExpenses": 42800000,
    "sellingAndMarketingExpenses": 0,
    "sellingGeneralAndAdministrativeExpenses": 42800000,
    "otherExpenses": 45600000,
    "operatingExpenses": 88400000,
    "costAndExpenses": 276100000,
    "interestIncome": 0,
    "interestExpense": 0,
    "depreciationAndAmortization": 45600000,
    "ebitda": 165500000,
    "ebitdaratio": 0.4535489175,
    "operatingIncome": 88800000,
    "operatingIncomeRatio": 0.2433543437,
    "totalOtherIncomeExpensesNet": 8200000,
    "incomeBeforeTax": 81900000,
    "incomeBeforeTaxRatio": 0.2244450534,
    "incomeTaxExpense": 32800000,
    "netIncome": 58000000,
    "netIncomeRatio": 0.1589476569,
    "eps": 0.3,
    "epsdiluted": 0.29,
    "weightedAverageShsOut": 193333333,
    "weightedAverageShsOutDil": 200000000,
    "link": "https://www.sec.gov/Archives/edgar/data/823768/000095013497003975/0000950134-97-003975-index.html",
    "finalLink": "https://www.sec.gov/Archives/edgar/data/823768/"
  },
  {
    "date": "1996-12-31",
    "symbol": "WM",
    "reportedCurrency": "USD",
    "cik": "0000823768",
    "fillingDate": "1997-03-31",
    "acceptedDate": "1997-03-31 00:00:00",
    "calendarYear": "1996",
    "period": "Q4",
    "revenue": 350400000,
    "costOfRevenue": 182200000,
    "grossProfit": 168200000,
    "grossProfitRatio": 0.4800228311,
    "researchAndDevelopmentExpenses": 0,
    "generalAndAdministrativeExpenses": 41900000,
    "sellingAndMarketingExpenses": 0,
    "sellingGeneralAndAdministrativeExpenses": 41900000,
    "otherExpenses": 42000000,
    "operatingExpenses": 83900000,
    "costAndExpenses": 266100000,
    "interestIncome": 0,
    "interestExpense": 0,
    "depreciationAndAmortization": 42000000,
    "ebitda": 126300000,
    "ebitdaratio": 0.3604452055,
    "operatingIncome": 84300000,
    "operatingIncomeRatio": 0.2405821918,
    "totalOtherIncomeExpensesNet": -7300000,
    "incomeBeforeTax": 77000000,
    "incomeBeforeTaxRatio": 0.2197488584,
    "incomeTaxExpense": 30800000,
    "netIncome": 46200000,
    "netIncomeRatio": 0.1318493151,
    "eps": 0.28,
    "epsdiluted": 0.27,
    "weightedAverageShsOut": 163666667,
    "weightedAverageShsOutDil": 169310345,
    "link": "https://www.sec.gov/Archives/edgar/data/823768/000095012997001363/0000950129-97-001363-index.html",
    "finalLink": "https://www.sec.gov/Archives/edgar/data/823768/"
  },
  {
    "date": "1996-09-30",
    "symbol": "WM",
    "reportedCurrency": "USD",
    "cik": "0000823768",
    "fillingDate": "1996-11-14",
    "acceptedDate": "1996-11-14 00:00:00",
    "calendarYear": "1996",
    "period": "Q3",
    "revenue": 352800000,
    "costOfRevenue": 186500000,
    "grossProfit": 166300000,
    "grossProfitRatio": 0.4713718821,
    "researchAndDevelopmentExpenses": 0,
    "generalAndAdministrativeExpenses": 41700000,
    "sellingAndMarketingExpenses": 0,
    "sellingGeneralAndAdministrativeExpenses": 41700000,
    "otherExpenses": 41400000,
    "operatingExpenses": 83100000,
    "costAndExpenses": 269600000,
    "interestIncome": 0,
    "interestExpense": 0,
    "depreciationAndAmortization": 66400000,
    "ebitda": 177500000,
    "ebitdaratio": 0.5031179138,
    "operatingIncome": 83200000,
    "operatingIncomeRatio": 0.2358276644,
    "totalOtherIncomeExpensesNet": -121900000,
    "incomeBeforeTax": -58400000,
    "incomeBeforeTaxRatio": -0.1655328798,
    "incomeTaxExpense": -19500000,
    "netIncome": -38900000,
    "netIncomeRatio": -0.110260771,
    "eps": -0.23,
    "epsdiluted": -0.23,
    "weightedAverageShsOut": 171875000,
    "weightedAverageShsOutDil": 171875000,
    "link": "https://www.sec.gov/Archives/edgar/data/823768/000095013496006220/0000950134-96-006220-index.html",
    "finalLink": "https://www.sec.gov/Archives/edgar/data/823768/"
  },
  {
    "date": "1996-06-30",
    "symbol": "WM",
    "reportedCurrency": "USD",
    "cik": "0000823768",
    "fillingDate": "1996-08-13",
    "acceptedDate": "1996-08-13 00:00:00",
    "calendarYear": "1996",
    "period": "Q2",
    "revenue": 227300000,
    "costOfRevenue": 127700000,
    "grossProfit": 99600000,
    "grossProfitRatio": 0.4381874175,
    "researchAndDevelopmentExpenses": 0,
    "generalAndAdministrativeExpenses": 25400000,
    "sellingAndMarketingExpenses": 0,
    "sellingGeneralAndAdministrativeExpenses": 25400000,
    "otherExpenses": 22900000,
    "operatingExpenses": 48300000,
    "costAndExpenses": 176000000,
    "interestIncome": 0,
    "interestExpense": 0,
    "depreciationAndAmortization": 29900000,
    "ebitda": 110300000,
    "ebitdaratio": 0.4852617686,
    "operatingIncome": 51300000,
    "operatingIncomeRatio": 0.2256929168,
    "totalOtherIncomeExpensesNet": -38000000,
    "incomeBeforeTax": -5500000,
    "incomeBeforeTaxRatio": -0.0241970963,
    "incomeTaxExpense": -15400000,
    "netIncome": 9900000,
    "netIncomeRatio": 0.0435547734,
    "eps": 0.0943,
    "epsdiluted": 0.0943,
    "weightedAverageShsOut": 105000000,
    "weightedAverageShsOutDil": 105000000,
    "link": "https://www.sec.gov/Archives/edgar/data/823768/000095013496004239/0000950134-96-004239-index.html",
    "finalLink": "https://www.sec.gov/Archives/edgar/data/823768/"
  },
  {
    "date": "1996-03-31",
    "symbol": "WM",
    "reportedCurrency": "USD",
    "cik": "0000823768",
    "fillingDate": "1996-05-15",
    "acceptedDate": "1996-05-15 00:00:00",
    "calendarYear": "1996",
    "period": "Q1",
    "revenue": 124600000,
    "costOfRevenue": 69600000,
    "grossProfit": 55000000,
    "grossProfitRatio": 0.4414125201,
    "researchAndDevelopmentExpenses": 0,
    "generalAndAdministrativeExpenses": 14500000,
    "sellingAndMarketingExpenses": 0,
    "sellingGeneralAndAdministrativeExpenses": 14500000,
    "otherExpenses": 14900000,
    "operatingExpenses": 29400000,
    "costAndExpenses": 99000000,
    "interestIncome": 0,
    "interestExpense": 0,
    "depreciationAndAmortization": 14900000,
    "ebitda": 86800000,
    "ebitdaratio": 0.6966292135,
    "operatingIncome": 25600000,
    "operatingIncomeRatio": 0.2054574639,
    "totalOtherIncomeExpensesNet": -8000000,
    "incomeBeforeTax": 21900000,
    "incomeBeforeTaxRatio": 0.1757624398,
    "incomeTaxExpense": 1400000,
    "netIncome": 20500000,
    "netIncomeRatio": 0.1645264848,
    "eps": 0.31,
    "epsdiluted": 0.31,
    "weightedAverageShsOut": 65938000,
    "weightedAverageShsOutDil": 65938000,
    "link": "https://www.sec.gov/Archives/edgar/data/823768/000095013496002225/0000950134-96-002225-index.html",
    "finalLink": "https://www.sec.gov/Archives/edgar/data/823768/"
  },
  {
    "date": "1995-12-31",
    "symbol": "WM",
    "reportedCurrency": "USD",
    "cik": "0000823768",
    "fillingDate": "1996-03-22",
    "acceptedDate": "1996-03-22 00:00:00",
    "calendarYear": "1995",
    "period": "Q4",
    "revenue": 124700000,
    "costOfRevenue": 66900000,
    "grossProfit": 57800000,
    "grossProfitRatio": 0.4635124298,
    "researchAndDevelopmentExpenses": 0,
    "generalAndAdministrativeExpenses": -15300000,
    "sellingAndMarketingExpenses": 0,
    "sellingGeneralAndAdministrativeExpenses": -15300000,
    "otherExpenses": 14600000,
    "operatingExpenses": -700000,
    "costAndExpenses": 66200000,
    "interestIncome": 0,
    "interestExpense": 0,
    "depreciationAndAmortization": 14600000,
    "ebitda": 73100000,
    "ebitdaratio": 0.5862068966,
    "operatingIncome": 58500000,
    "operatingIncomeRatio": 0.4691259022,
    "totalOtherIncomeExpensesNet": -34200000,
    "incomeBeforeTax": 24300000,
    "incomeBeforeTaxRatio": 0.1948676824,
    "incomeTaxExpense": -14800000,
    "netIncome": 39100000,
    "netIncomeRatio": 0.3135525261,
    "eps": 0.59,
    "epsdiluted": 0.59,
    "weightedAverageShsOut": 65938000,
    "weightedAverageShsOutDil": 65938000,
    "link": "https://www.sec.gov/Archives/edgar/data/823768/000095013496000861/0000950134-96-000861-index.html",
    "finalLink": "https://www.sec.gov/Archives/edgar/data/823768/"
  },
  {
    "date": "1995-09-30",
    "symbol": "WM",
    "reportedCurrency": "USD",
    "cik": "0000823768",
    "fillingDate": "1995-11-14",
    "acceptedDate": "1995-11-14 00:00:00",
    "calendarYear": "1995",
    "period": "Q3",
    "revenue": 120000000,
    "costOfRevenue": 65100000,
    "grossProfit": 54900000,
    "grossProfitRatio": 0.4575,
    "researchAndDevelopmentExpenses": 0,
    "generalAndAdministrativeExpenses": 13900000,
    "sellingAndMarketingExpenses": 0,
    "sellingGeneralAndAdministrativeExpenses": 13900000,
    "otherExpenses": 14600000,
    "operatingExpenses": 28500000,
    "costAndExpenses": 93600000,
    "interestIncome": 0,
    "interestExpense": 0,
    "depreciationAndAmortization": 14600000,
    "ebitda": 41000000,
    "ebitdaratio": 0.3416666667,
    "operatingIncome": 26400000,
    "operatingIncomeRatio": 0.22,
    "totalOtherIncomeExpensesNet": -7300000,
    "incomeBeforeTax": 19100000,
    "incomeBeforeTaxRatio": 0.1591666667,
    "incomeTaxExpense": 200000,
    "netIncome": 18900000,
    "netIncomeRatio": 0.1575,
    "eps": 0.35,
    "epsdiluted": 0.35,
    "weightedAverageShsOut": 54000000,
    "weightedAverageShsOutDil": 54000000,
    "link": "https://www.sec.gov/Archives/edgar/data/823768/000095013495002969/0000950134-95-002969-index.html",
    "finalLink": "https://www.sec.gov/Archives/edgar/data/823768/"
  }
]