[
  {
    "date": "2024-12-31",
    "symbol": "WM",
    "reportedCurrency": "USD",
    "cik": "0000823768",
    "fillingDate": "2025-02-19",
    "acceptedDate": "2025-02-19 13:25:44",
    "calendarYear": "2024",
    "period": "FY",
    "revenue": 22063000000,
    "costOfRevenue": 15650000000,
    "grossProfit": 6413000000,
    "grossProfitRatio": 0.2906676336,
    "researchAndDevelopmentExpenses": 0,
    "generalAndAdministrativeExpenses": 0,
    "sellingAndMarketingExpenses": 0,
    "sellingGeneralAndAdministrativeExpenses": 2264000000,
    "otherExpenses": 0,
    "operatingExpenses": 2264000000,
    "costAndExpenses": 17914000000,
    "interestIncome": 0,
    "interestExpense": 598000000,
    "depreciationAndAmortization": 2400000000,
    "ebitda": 6456000000,
    "ebitdaratio": 0.2926165979,
    "operatingIncome": 4149000000,
    "operatingIncomeRatio": 0.1880523954,
    "totalOtherIncomeExpensesNet": -691000000,
    "incomeBeforeTax": 3458000000,
    "incomeBeforeTaxRatio": 0.1567329919,
    "incomeTaxExpense": 713000000,
    "netIncome": 2746000000,
    "netIncomeRatio": 0.1244617686,
    "eps": 6.84,
    "epsdiluted": 6.81,
    "weightedAverageShsOut": 401500000,
    "weightedAverageShsOutDil": 403400000,
    "link": "https://www.sec.gov/Archives/edgar/data/823768/000155837025001132/0001558370-25-001132-index.htm",
    "finalLink": "https://www.sec.gov/Archives/edgar/data/823768/000155837025001132/wm-20241231x10k.htm"
  },
  {
    "date": "2023-12-31",
    "symbol": "WM",
    "reportedCurrency": "USD",
    "cik": "0000823768",
    "fillingDate": "2024-02-13",
    "acceptedDate": "2024-02-13 15:24:43",
    "calendarYear": "2023",
    "period": "FY",
    "revenue": 20426000000,
    "costOfRevenue": 14677000000,
    "grossProfit": 5749000000,
    "grossProfitRatio": 0.2814550083,
    "researchAndDevelopmentExpenses": 0,
    "generalAndAdministrativeExpenses": 0,
    "sellingAndMarketingExpenses": 0,
    "sellingGeneralAndAdministrativeExpenses": 1926000000,
    "otherExpenses": 0,
    "operatingExpenses": 1926000000,
    "costAndExpenses": 16603000000,
    "interestIncome": 0,
    "interestExpense": 500000000,
    "depreciationAndAmortization": 2201000000,
    "ebitda": 5722000000,
    "ebitdaratio": 0.2801331636,
    "operatingIncome": 3823000000,
    "operatingIncomeRatio": 0.1871634192,
    "totalOtherIncomeExpensesNet": -802000000,
    "incomeBeforeTax": 3021000000,
    "incomeBeforeTaxRatio": 0.1478997356,
    "incomeTaxExpense": 745000000,
    "netIncome": 2304000000,
    "netIncomeRatio": 0.1127974151,
    "eps": 5.69,
    "epsdiluted": 5.66,
    "weightedAverageShsOut": 404900000,
    "weightedAverageShsOutDil": 406900000,
    "link": "https://www.sec.gov/Archives/edgar/data/823768/000155837024001049/0001558370-24-001049-index.htm",
    "finalLink": "https://www.sec.gov/Archives/edgar/data/823768/000155837024001049/wm-20231231x10k.htm"
  },
  {
    "date": "2022-12-31",
    "symbol": "WM",
    "reportedCurrency": "USD",
    "cik": "0000823768",
    "fillingDate": "2023-02-07",
    "acceptedDate": "2023-02-07 14:39:55",
    "calendarYear": "2022",
    "period": "FY",
    "revenue": 19698000000,
    "costOfRevenue": 14332000000,
    "grossProfit": 5366000000,
    "grossProfitRatio": 0.272413443,
    "researchAndDevelopmentExpenses": 0,
    "generalAndAdministrativeExpenses": 0,
    "sellingAndMarketingExpenses": 0,
    "sellingGeneralAndAdministrativeExpenses": 1928000000,
    "otherExpenses": 0,
    "operatingExpenses": 1928000000,
    "costAndExpenses": 16260000000,
    "interestIncome": 0,
    "interestExpense": 378000000,
    "depreciationAndAmortization": 2150000000,
    "ebitda": 5446000000,
    "ebitdaratio": 0.276474769,
    "operatingIncome": 3438000000,
    "operatingIncomeRatio": 0.1745354858,
    "totalOtherIncomeExpensesNet": -520000000,
    "incomeBeforeTax": 2918000000,
    "incomeBeforeTaxRatio": 0.1481368667,
    "incomeTaxExpense": 678000000,
    "netIncome": 2238000000,
    "netIncomeRatio": 0.1136155955,
    "eps": 5.42,
    "epsdiluted": 5.39,
    "weightedAverageShsOut": 412800000,
    "weightedAverageShsOutDil": 415000000,
    "link": "https://www.sec.gov/Archives/edgar/data/823768/000155837023000964/0001558370-23-000964-index.htm",
    "finalLink": "https://www.sec.gov/Archives/edgar/data/823768/000155837023000964/wm-20221231x10k.htm"
  },
  {
    "date": "2021-12-31",
    "symbol": "WM",
    "reportedCurrency": "USD",
    "cik": "0000823768",
    "fillingDate": "2022-02-15",
    "acceptedDate": "2022-02-15 14:22:45",
    "calendarYear": "2021",
    "period": "FY",
    "revenue": 17931000000,
    "costOfRevenue": 13110000000,
    "grossProfit": 4821000000,
    "grossProfitRatio": 0.2688639786,
    "researchAndDevelopmentExpenses": 0,
    "generalAndAdministrativeExpenses": 0,
    "sellingAndMarketingExpenses": 0,
    "sellingGeneralAndAdministrativeExpenses": 1813000000,
    "otherExpenses": 0,
    "operatingExpenses": 1813000000,
    "costAndExpenses": 14923000000,
    "interestIncome": 0,
    "interestExpense": 365000000,
    "depreciationAndAmortization": 2110000000,
    "ebitda": 4824000000,
    "ebitdaratio": 0.2690312866,
    "operatingIncome": 3008000000,
    "operatingIncomeRatio": 0.1677541688,
    "totalOtherIncomeExpensesNet": -659000000,
    "incomeBeforeTax": 2349000000,
    "incomeBeforeTaxRatio": 0.131002175,
    "incomeTaxExpense": 532000000,
    "netIncome": 1816000000,
    "netIncomeRatio": 0.1012771178,
    "eps": 4.32,
    "epsdiluted": 4.29,
    "weightedAverageShsOut": 420400000,
    "weightedAverageShsOutDil": 422900000,
    "link": "https://www.sec.gov/Archives/edgar/data/823768/000155837022001179/0001558370-22-001179-index.htm",
    "finalLink": "https://www.sec.gov/Archives/edgar/data/823768/000155837022001179/wm-20211231x10k.htm"
  },
  {
    "date": "2020-12-31",
    "symbol": "WM",
    "reportedCurrency": "USD",
    "cik": "0000823768",
    "fillingDate": "2021-02-22",
    "acceptedDate": "2021-02-22 12:48:17",
    "calendarYear": "2020",
    "period": "FY",
    "revenue": 15218000000,
    "costOfRevenue": 11012000000,
    "grossProfit": 4206000000,
    "grossProfitRatio": 0.2763832304,
    "researchAndDevelopmentExpenses": 0,
    "generalAndAdministrativeExpenses": 0,
    "sellingAndMarketingExpenses": 0,
    "sellingGeneralAndAdministrativeExpenses": 1728000000,
    "otherExpenses": 0,
    "operatingExpenses": 1728000000,
    "costAndExpenses": 12740000000,
    "interestIncome": 0,
    "interestExpense": 425000000,
    "depreciationAndAmortization": 1774000000,
    "ebitda": 4092000000,
    "ebitdaratio": 0.2688921015,
    "operatingIncome": 2478000000,
    "operatingIncomeRatio": 0.1628334867,
    "totalOtherIncomeExpensesNet": -585000000,
    "incomeBeforeTax": 1893000000,
    "incomeBeforeTaxRatio": 0.1243921672,
    "incomeTaxExpense": 397000000,
    "netIncome": 1496000000,
    "netIncomeRatio": 0.0983046392,
    "eps": 3.54,
    "epsdiluted": 3.52,
    "weightedAverageShsOut": 423000000,
    "weightedAverageShsOutDil": 425100000,
    "link": "https://www.sec.gov/Archives/edgar/data/823768/000155837021001348/0001558370-21-001348-index.htm",
    "finalLink": "https://www.sec.gov/Archives/edgar/data/823768/000155837021001348/wm-20201231x10k.htm"
  },
  {
    "date": "2019-12-31",
    "symbol": "WM",
    "reportedCurrency": "USD",
    "cik": "0000823768",
    "fillingDate": "2020-02-13",
    "acceptedDate": "2020-02-13 12:26:01",
    "calendarYear": "2019",
    "period": "FY",
    "revenue": 15455000000,
    "costOfRevenue": 11070000000,
    "grossProfit": 4385000000,
    "grossProfitRatio": 0.2837269492,
    "researchAndDevelopmentExpenses": 0,
    "generalAndAdministrativeExpenses": 0,
    "sellingAndMarketingExpenses": 0,
    "sellingGeneralAndAdministrativeExpenses": 1631000000,
    "otherExpenses": 0,
    "operatingExpenses": 1631000000,
    "costAndExpenses": 12701000000,
    "interestIncome": 0,
    "interestExpense": 411000000,
    "depreciationAndAmortization": 1672000000,
    "ebitda": 4188000000,
    "ebitdaratio": 0.2709802653,
    "operatingIncome": 2754000000,
    "operatingIncomeRatio": 0.178194759,
    "totalOtherIncomeExpensesNet": -649000000,
    "incomeBeforeTax": 2105000000,
    "incomeBeforeTaxRatio": 0.1362018764,
    "incomeTaxExpense": 434000000,
    "netIncome": 1670000000,
    "netIncomeRatio": 0.1080556454,
    "eps": 3.93,
    "epsdiluted": 3.91,
    "weightedAverageShsOut": 424600000,
    "weightedAverageShsOutDil": 427500000,
    "link": "https://www.sec.gov/Archives/edgar/data/823768/000155837020000762/0001558370-20-000762-index.htm",
    "finalLink": "https://www.sec.gov/Archives/edgar/data/823768/000155837020000762/wm-20191231x10kba4080.htm"
  },
  {
    "date": "2018-12-31",
    "symbol": "WM",
    "reportedCurrency": "USD",
    "cik": "0000823768",
    "fillingDate": "2019-02-14",
    "acceptedDate": "2019-02-14 11:54:21",
    "calendarYear": "2018",
    "period": "FY",
    "revenue": 14914000000,
    "costOfRevenue": 10726000000,
    "grossProfit": 4188000000,
    "grossProfitRatio": 0.2808099772,
    "researchAndDevelopmentExpenses": 0,
    "generalAndAdministrativeExpenses": 0,
    "sellingAndMarketingExpenses": 0,
    "sellingGeneralAndAdministrativeExpenses": 1453000000,
    "otherExpenses": 0,
    "operatingExpenses": 1453000000,
    "costAndExpenses": 12179000000,
    "interestIncome": 0,
    "interestExpense": 363000000,
    "depreciationAndAmortization": 1572000000,
    "ebitda": 4311000000,
    "ebitdaratio": 0.2890572616,
    "operatingIncome": 2735000000,
    "operatingIncomeRatio": 0.1833847392,
    "totalOtherIncomeExpensesNet": -359000000,
    "incomeBeforeTax": 2376000000,
    "incomeBeforeTaxRatio": 0.1593133968,
    "incomeTaxExpense": 453000000,
    "netIncome": 1925000000,
    "netIncomeRatio": 0.1290733539,
    "eps": 4.49,
    "epsdiluted": 4.45,
    "weightedAverageShsOut": 429100000,
    "weightedAverageShsOutDil": 432200000,
    "link": "https://www.sec.gov/Archives/edgar/data/823768/000155837019000662/0001558370-19-000662-index.htm",
    "finalLink": "https://www.sec.gov/Archives/edgar/data/823768/000155837019000662/wm-20181231x10k.htm"
  },
  {
    "date": "2017-12-31",
    "symbol": "WM",
    "reportedCurrency": "USD",
    "cik": "0000823768",
    "fillingDate": "2018-02-15",
    "acceptedDate": "2018-02-15 12:17:48",
    "calendarYear": "2017",
    "period": "FY",
    "revenue": 14485000000,
    "costOfRevenue": 10397000000,
    "grossProfit": 4088000000,
    "grossProfitRatio": 0.2822229893,
    "researchAndDevelopmentExpenses": 0,
    "generalAndAdministrativeExpenses": 0,
    "sellingAndMarketingExpenses": 0,
    "sellingGeneralAndAdministrativeExpenses": 1468000000,
    "otherExpenses": 0,
    "operatingExpenses": 1468000000,
    "costAndExpenses": 11865000000,
    "interestIncome": 0,
    "interestExpense": 351000000,
    "depreciationAndAmortization": 1468000000,
    "ebitda": 4010000000,
    "ebitdaratio": 0.2768381084,
    "operatingIncome": 2620000000,
    "operatingIncomeRatio": 0.1808767691,
    "totalOtherIncomeExpensesNet": -429000000,
    "incomeBeforeTax": 2191000000,
    "incomeBeforeTaxRatio": 0.1512599241,
    "incomeTaxExpense": 242000000,
    "netIncome": 1949000000,
    "netIncomeRatio": 0.1345529858,
    "eps": 4.44,
    "epsdiluted": 4.41,
    "weightedAverageShsOut": 438800000,
    "weightedAverageShsOutDil": 441900000,
    "link": "https://www.sec.gov/Archives/edgar/data/823768/000155837018000716/0001558370-18-000716-index.htm",
    "finalLink": "https://www.sec.gov/Archives/edgar/data/823768/000155837018000716/wm-20171231x10k.htm"
  },
  {
    "date": "2016-12-31",
    "symbol": "WM",
    "reportedCurrency": "USD",
    "cik": "0000823768",
    "fillingDate": "2017-02-16",
    "acceptedDate": "2017-02-16 14:12:46",
    "calendarYear": "2016",
    "period": "FY",
    "revenue": 13609000000,
    "costOfRevenue": 9787000000,
    "grossProfit": 3822000000,
    "grossProfitRatio": 0.2808435594,
    "researchAndDevelopmentExpenses": 0,
    "generalAndAdministrativeExpenses": 0,
    "sellingAndMarketingExpenses": 0,
    "sellingGeneralAndAdministrativeExpenses": 1410000000,
    "otherExpenses": 0,
    "operatingExpenses": 1410000000,
    "costAndExpenses": 11197000000,
    "interestIncome": 0,
    "interestExpense": 365000000,
    "depreciationAndAmortization": 1392000000,
    "ebitda": 3579000000,
    "ebitdaratio": 0.2629877287,
    "operatingIncome": 2412000000,
    "operatingIncomeRatio": 0.1772356529,
    "totalOtherIncomeExpensesNet": -590000000,
    "incomeBeforeTax": 1822000000,
    "incomeBeforeTaxRatio": 0.1338819899,
    "incomeTaxExpense": 642000000,
    "netIncome": 1182000000,
    "netIncomeRatio": 0.0868542876,
    "eps": 2.66,
    "epsdiluted": 2.65,
    "weightedAverageShsOut": 443500000,
    "weightedAverageShsOutDil": 446500000,
    "link": "https://www.sec.gov/Archives/edgar/data/823768/000119312517046480/0001193125-17-046480-index.htm",
    "finalLink": "https://www.sec.gov/Archives/edgar/data/823768/000119312517046480/d252547d10k.htm"
  },
  {
    "date": "2015-12-31",
    "symbol": "WM",
    "reportedCurrency": "USD",
    "cik": "0000823768",
    "fillingDate": "2016-02-18",
    "acceptedDate": "2016-02-18 11:45:02",
    "calendarYear": "2015",
    "period": "FY",
    "revenue": 12961000000,
    "costOfRevenue": 9476000000,
    "grossProfit": 3485000000,
    "grossProfitRatio": 0.2688835738,
    "researchAndDevelopmentExpenses": 0,
    "generalAndAdministrativeExpenses": 0,
    "sellingAndMarketingExpenses": 0,
    "sellingGeneralAndAdministrativeExpenses": 1343000000,
    "otherExpenses": 0,
    "operatingExpenses": 1343000000,
    "costAndExpenses": 10819000000,
    "interestIncome": 0,
    "interestExpense": 369000000,
    "depreciationAndAmortization": 1335000000,
    "ebitda": 2764000000,
    "ebitdaratio": 0.2132551501,
    "operatingIncome": 2142000000,
    "operatingIncomeRatio": 0.1652650258,
    "totalOtherIncomeExpensesNet": -1082000000,
    "incomeBeforeTax": 1060000000,
    "incomeBeforeTaxRatio": 0.081783813,
    "incomeTaxExpense": 308000000,
    "netIncome": 753000000,
    "netIncomeRatio": 0.058097369,
    "eps": 1.66,
    "epsdiluted": 1.65,
    "weightedAverageShsOut": 452700000,
    "weightedAverageShsOutDil": 455900000,
    "link": "https://www.sec.gov/Archives/edgar/data/823768/000119312516467957/0001193125-16-467957-index.htm",
    "finalLink": "https://www.sec.gov/Archives/edgar/data/823768/000119312516467957/d83265d10k.htm"
  },
  {
    "date": "2014-12-31",
    "symbol": "WM",
    "reportedCurrency": "USD",
    "cik": "0000823768",
    "fillingDate": "2015-02-17",
    "acceptedDate": "2015-02-17 12:21:00",
    "calendarYear": "2014",
    "period": "FY",
    "revenue": 13996000000,
    "costOfRevenue": 10294000000,
    "grossProfit": 3710000000,
    "grossProfitRatio": 0.2650757359,
    "researchAndDevelopmentExpenses": 0,
    "generalAndAdministrativeExpenses": 0,
    "sellingAndMarketingExpenses": 0,
    "sellingGeneralAndAdministrativeExpenses": 1450000000,
    "otherExpenses": 0,
    "operatingExpenses": 1450000000,
    "costAndExpenses": 11744000000,
    "interestIncome": 5000000,
    "interestExpense": 455000000,
    "depreciationAndAmortization": 1394000000,
    "ebitda": 3600000000,
    "ebitdaratio": 0.2572163475,
    "operatingIncome": 2260000000,
    "operatingIncomeRatio": 0.1614747071,
    "totalOtherIncomeExpensesNet": -509000000,
    "incomeBeforeTax": 1751000000,
    "incomeBeforeTaxRatio": 0.1251071735,
    "incomeTaxExpense": 413000000,
    "netIncome": 1298000000,
    "netIncomeRatio": 0.0927407831,
    "eps": 2.8,
    "epsdiluted": 2.79,
    "weightedAverageShsOut": 462600000,
    "weightedAverageShsOutDil": 465600000,
    "link": "https://www.sec.gov/Archives/edgar/data/823768/000095012315002550/0000950123-15-002550-index.htm",
    "finalLink": "https://www.sec.gov/Archives/edgar/data/823768/000095012315002550/d793975d10k.htm"
  },
  {
    "date": "2013-12-31",
    "symbol": "WM",
    "reportedCurrency": "USD",
    "cik": "0000823768",
    "fillingDate": "2014-02-18",
    "acceptedDate": "2014-02-18 11:38:53",
    "calendarYear": "2013",
    "period": "FY",
    "revenue": 13983000000,
    "costOfRevenue": 10445000000,
    "grossProfit": 3547000000,
    "grossProfitRatio": 0.2536651648,
    "researchAndDevelopmentExpenses": 0,
    "generalAndAdministrativeExpenses": 0,
    "sellingAndMarketingExpenses": 0,
    "sellingGeneralAndAdministrativeExpenses": 1468000000,
    "otherExpenses": 0,
    "operatingExpenses": 1468000000,
    "costAndExpenses": 11913000000,
    "interestIncome": 4000000,
    "interestExpense": 472000000,
    "depreciationAndAmortization": 1410000000,
    "ebitda": 2376000000,
    "ebitdaratio": 0.1699206179,
    "operatingIncome": 2079000000,
    "operatingIncomeRatio": 0.1486805407,
    "totalOtherIncomeExpensesNet": -1585000000,
    "incomeBeforeTax": 494000000,
    "incomeBeforeTaxRatio": 0.0353286133,
    "incomeTaxExpense": 364000000,
    "netIncome": 98000000,
    "netIncomeRatio": 0.0070085103,
    "eps": 0.21,
    "epsdiluted": 0.21,
    "weightedAverageShsOut": 467700000,
    "weightedAverageShsOutDil": 469800000,
    "link": "https://www.sec.gov/Archives/edgar/data/823768/000119312514056656/0001193125-14-056656-index.htm",
    "finalLink": "https://www.sec.gov/Archives/edgar/data/823768/000119312514056656/d581129d10k.htm"
  },
  {
    "date": "2012-12-31",
    "symbol": "WM",
    "reportedCurrency": "USD",
    "cik": "0000823768",
    "fillingDate": "2013-02-14",
    "acceptedDate": "2013-02-14 12:42:53",
    "calendarYear": "2012",
    "period": "FY",
    "revenue": 13649000000,
    "costOfRevenue": 10176000000,
    "grossProfit": 3463000000,
    "grossProfitRatio": 0.2537182211,
    "researchAndDevelopmentExpenses": 0,
    "generalAndAdministrativeExpenses": 0,
    "sellingAndMarketingExpenses": 0,
    "sellingGeneralAndAdministrativeExpenses": 1472000000,
    "otherExpenses": 0,
    "operatingExpenses": 1472000000,
    "costAndExpenses": 11648000000,
    "interestIncome": 4000000,
    "interestExpense": 486000000,
    "depreciationAndAmortization": 1387000000,
    "ebitda": 3176000000,
    "ebitdaratio": 0.2326910396,
    "operatingIncome": 1991000000,
    "operatingIncomeRatio": 0.1458714924,
    "totalOtherIncomeExpensesNet": -688000000,
    "incomeBeforeTax": 1303000000,
    "incomeBeforeTaxRatio": 0.0954648692,
    "incomeTaxExpense": 443000000,
    "netIncome": 817000000,
    "netIncomeRatio": 0.059857865,
    "eps": 1.76,
    "epsdiluted": 1.76,
    "weightedAverageShsOut": 463600000,
    "weightedAverageShsOutDil": 464400000,
    "link": "https://www.sec.gov/Archives/edgar/data/823768/000119312513058892/0001193125-13-058892-index.htm",
    "finalLink": "https://www.sec.gov/Archives/edgar/data/823768/000119312513058892/d413187d10k.htm"
  },
  {
    "date": "2011-12-31",
    "symbol": "WM",
    "reportedCurrency": "USD",
    "cik": "0000823768",
    "fillingDate": "2012-02-16",
    "acceptedDate": "2012-02-16 16:20:58",
    "calendarYear": "2011",
    "period": "FY",
    "revenue": 13378000000,
    "costOfRevenue": 9770000000,
    "grossProfit": 3608000000,
    "grossProfitRatio": 0.2696965167,
    "researchAndDevelopmentExpenses": 0,
    "generalAndAdministrativeExpenses": 0,
    "sellingAndMarketingExpenses": 0,
    "sellingGeneralAndAdministrativeExpenses": 1550000000,
    "otherExpenses": 0,
    "operatingExpenses": 1550000000,
    "costAndExpenses": 11320000000,
    "interestIncome": 8000000,
    "interestExpense": 504000000,
    "depreciationAndAmortization": 1336000000,
    "ebitda": 3360000000,
    "ebitdaratio": 0.2511586186,
    "operatingIncome": 2058000000,
    "operatingIncomeRatio": 0.1538346539,
    "totalOtherIncomeExpensesNet": -538000000,
    "incomeBeforeTax": 1520000000,
    "incomeBeforeTaxRatio": 0.1136193751,
    "incomeTaxExpense": 511000000,
    "netIncome": 961000000,
    "netIncomeRatio": 0.0718343549,
    "eps": 2.05,
    "epsdiluted": 2.04,
    "weightedAverageShsOut": 469700000,
    "weightedAverageShsOutDil": 471400000,
    "link": "https://www.sec.gov/Archives/edgar/data/823768/000119312512065370/0001193125-12-065370-index.htm",
    "finalLink": "https://www.sec.gov/Archives/edgar/data/823768/000119312512065370/d260235d10k.htm"
  },
  {
    "date": "2010-12-31",
    "symbol": "WM",
    "reportedCurrency": "USD",
    "cik": "0000823768",
    "fillingDate": "2011-02-22",
    "acceptedDate": "2011-02-22 09:36:58",
    "calendarYear": "2010",
    "period": "FY",
    "revenue": 12515000000,
    "costOfRevenue": 9018000000,
    "grossProfit": 3497000000,
    "grossProfitRatio": 0.2794246904,
    "researchAndDevelopmentExpenses": 0,
    "generalAndAdministrativeExpenses": 0,
    "sellingAndMarketingExpenses": 0,
    "sellingGeneralAndAdministrativeExpenses": 1461000000,
    "otherExpenses": 0,
    "operatingExpenses": 1461000000,
    "costAndExpenses": 10479000000,
    "interestIncome": 4000000,
    "interestExpense": 502000000,
    "depreciationAndAmortization": 1284000000,
    "ebitda": 3417000000,
    "ebitdaratio": 0.2730323612,
    "operatingIncome": 2036000000,
    "operatingIncomeRatio": 0.1626847783,
    "totalOtherIncomeExpensesNet": -405000000,
    "incomeBeforeTax": 1631000000,
    "incomeBeforeTaxRatio": 0.1303236117,
    "incomeTaxExpense": 629000000,
    "netIncome": 953000000,
    "netIncomeRatio": 0.0761486217,
    "eps": 1.98,
    "epsdiluted": 1.98,
    "weightedAverageShsOut": 480200000,
    "weightedAverageShsOutDil": 482200000,
    "link": "https://www.sec.gov/Archives/edgar/data/823768/000095012311016267/0000950123-11-016267-index.htm",
    "finalLink": "https://www.sec.gov/Archives/edgar/data/823768/000095012311016267/h76657ae10vkza.htm"
  },
  {
    "date": "2009-12-31",
    "symbol": "WM",
    "reportedCurrency": "USD",
    "cik": "0000823768",
    "fillingDate": "2010-02-16",
    "acceptedDate": "2010-02-16 13:22:01",
    "calendarYear": "2009",
    "period": "FY",
    "revenue": 11791000000,
    "costOfRevenue": 8407000000,
    "grossProfit": 3384000000,
    "grossProfitRatio": 0.2869985582,
    "researchAndDevelopmentExpenses": 0,
    "generalAndAdministrativeExpenses": 0,
    "sellingAndMarketingExpenses": 0,
    "sellingGeneralAndAdministrativeExpenses": 1364000000,
    "otherExpenses": 0,
    "operatingExpenses": 1364000000,
    "costAndExpenses": 9771000000,
    "interestIncome": 13000000,
    "interestExpense": 472000000,
    "depreciationAndAmortization": 1216000000,
    "ebitda": 3161000000,
    "ebitdaratio": 0.2680858282,
    "operatingIncome": 2020000000,
    "operatingIncomeRatio": 0.1713171063,
    "totalOtherIncomeExpensesNet": -547000000,
    "incomeBeforeTax": 1473000000,
    "incomeBeforeTaxRatio": 0.1249257909,
    "incomeTaxExpense": 413000000,
    "netIncome": 994000000,
    "netIncomeRatio": 0.084301586,
    "eps": 2.02,
    "epsdiluted": 2.01,
    "weightedAverageShsOut": 491200000,
    "weightedAverageShsOutDil": 493600000,
    "link": "https://www.sec.gov/Archives/edgar/data/823768/000095012310013022/0000950123-10-013022-index.htm",
    "finalLink": "https://www.sec.gov/Archives/edgar/data/823768/000095012310013022/h69024e10vk.htm"
  },
  {
    "date": "2008-12-31",
    "symbol": "WM",
    "reportedCurrency": "USD",
    "cik": "0000823768",
    "fillingDate": "2009-02-17",
    "acceptedDate": "2009-02-17 11:25:23",
    "calendarYear": "2008",
    "period": "FY",
    "revenue": 13388000000,
    "costOfRevenue": 9704000000,
    "grossProfit": 3684000000,
    "grossProfitRatio": 0.2751717956,
    "researchAndDevelopmentExpenses": 0,
    "generalAndAdministrativeExpenses": 0,
    "sellingAndMarketingExpenses": 0,
    "sellingGeneralAndAdministrativeExpenses": 1477000000,
    "otherExpenses": 0,
    "operatingExpenses": 1477000000,
    "costAndExpenses": 11181000000,
    "interestIncome": 48000000,
    "interestExpense": 363000000,
    "depreciationAndAmortization": 1356000000,
    "ebitda": 3516000000,
    "ebitdaratio": 0.2626232447,
    "operatingIncome": 2207000000,
    "operatingIncomeRatio": 0.1648491186,
    "totalOtherIncomeExpensesNet": -410000000,
    "incomeBeforeTax": 1756000000,
    "incomeBeforeTaxRatio": 0.1311622348,
    "incomeTaxExpense": 669000000,
    "netIncome": 1087000000,
    "netIncomeRatio": 0.0811921123,
    "eps": 2.21,
    "epsdiluted": 2.19,
    "weightedAverageShsOut": 492100000,
    "weightedAverageShsOutDil": 495400000,
    "link": "https://www.sec.gov/Archives/edgar/data/823768/000095012909000426/0000950129-09-000426-index.htm",
    "finalLink": "https://www.sec.gov/Archives/edgar/data/823768/000095012909000426/h65751e10vk.htm"
  },
  {
    "date": "2007-12-31",
    "symbol": "WM",
    "reportedCurrency": "USD",
    "cik": "0000823768",
    "fillingDate": "2008-02-19",
    "acceptedDate": "2008-02-19 06:05:18",
    "calendarYear": "2007",
    "period": "FY",
    "revenue": 13310000000,
    "costOfRevenue": 9640000000,
    "grossProfit": 3670000000,
    "grossProfitRatio": 0.2757325319,
    "researchAndDevelopmentExpenses": 0,
    "generalAndAdministrativeExpenses": 0,
    "sellingAndMarketingExpenses": 0,
    "sellingGeneralAndAdministrativeExpenses": 1432000000,
    "otherExpenses": 0,
    "operatingExpenses": 1432000000,
    "costAndExpenses": 11072000000,
    "interestIncome": 0,
    "interestExpense": 593000000,
    "depreciationAndAmortization": 1342000000,
    "ebitda": 3684000000,
    "ebitdaratio": 0.2767843727,
    "operatingIncome": 2238000000,
    "operatingIncomeRatio": 0.1681442524,
    "totalOtherIncomeExpensesNet": -489000000,
    "incomeBeforeTax": 1703000000,
    "incomeBeforeTaxRatio": 0.1279489106,
    "incomeTaxExpense": 540000000,
    "netIncome": 1163000000,
    "netIncomeRatio": 0.0873779113,
    "eps": 2.25,
    "epsdiluted": 2.23,
    "weightedAverageShsOut": 517299999,
    "weightedAverageShsOutDil": 521799999,
    "link": "https://www.sec.gov/Archives/edgar/data/823768/000095013408002947/0000950134-08-002947-index.htm",
    "finalLink": "https://www.sec.gov/Archives/edgar/data/823768/000095013408002947/h53869e10vk.htm"
  },
  {
    "date": "2006-12-31",
    "symbol": "WM",
    "reportedCurrency": "USD",
    "cik": "0000823768",
    "fillingDate": "2007-02-15",
    "acceptedDate": "2007-02-15 16:50:33",
    "calendarYear": "2006",
    "period": "FY",
    "revenue": 13363000000,
    "costOfRevenue": 9921000000,
    "grossProfit": 3442000000,
    "grossProfitRatio": 0.2575768914,
    "researchAndDevelopmentExpenses": 0,
    "generalAndAdministrativeExpenses": 0,
    "sellingAndMarketingExpenses": 0,
    "sellingGeneralAndAdministrativeExpenses": 1388000000,
    "otherExpenses": 0,
    "operatingExpenses": 1388000000,
    "costAndExpenses": 11309000000,
    "interestIncome": 0,
    "interestExpense": 663000000,
    "depreciationAndAmortization": 1413000000,
    "ebitda": 3594000000,
    "ebitdaratio": 0.2689515827,
    "operatingIncome": 2054000000,
    "operatingIncomeRatio": 0.1537079997,
    "totalOtherIncomeExpensesNet": -536000000,
    "incomeBeforeTax": 1474000000,
    "incomeBeforeTaxRatio": 0.1103045723,
    "incomeTaxExpense": 325000000,
    "netIncome": 1149000000,
    "netIncomeRatio": 0.0859836863,
    "eps": 2.13,
    "epsdiluted": 2.1,
    "weightedAverageShsOut": 540400000,
    "weightedAverageShsOutDil": 546100000,
    "link": "https://www.sec.gov/Archives/edgar/data/823768/000095013407003484/0000950134-07-003484-index.htm",
    "finalLink": "https://www.sec.gov/Archives/edgar/data/823768/000095013407003484/h43426e10vk.htm"
  },
  {
    "date": "2005-12-31",
    "symbol": "WM",
    "reportedCurrency": "USD",
    "cik": "0000823768",
    "fillingDate": "2006-02-21",
    "acceptedDate": "2006-02-21 16:07:38",
    "calendarYear": "2005",
    "period": "FY",
    "revenue": 13074000000,
    "costOfRevenue": 9992000000,
    "grossProfit": 3082000000,
    "grossProfitRatio": 0.2357350467,
    "researchAndDevelopmentExpenses": 0,
    "generalAndAdministrativeExpenses": 0,
    "sellingAndMarketingExpenses": 0,
    "sellingGeneralAndAdministrativeExpenses": 1276000000,
    "otherExpenses": 0,
    "operatingExpenses": 1276000000,
    "costAndExpenses": 11268000000,
    "interestIncome": 0,
    "interestExpense": 627000000,
    "depreciationAndAmortization": 1437000000,
    "ebitda": 3204000000,
    "ebitdaratio": 0.2450665443,
    "operatingIncome": 1806000000,
    "operatingIncomeRatio": 0.13813676,
    "totalOtherIncomeExpensesNet": -666000000,
    "incomeBeforeTax": 1092000000,
    "incomeBeforeTaxRatio": 0.0835245525,
    "incomeTaxExpense": -90000000,
    "netIncome": 1182000000,
    "netIncomeRatio": 0.0904084442,
    "eps": 2.11,
    "epsdiluted": 2.09,
    "weightedAverageShsOut": 561500000,
    "weightedAverageShsOutDil": 565100000,
    "link": "https://www.sec.gov/Archives/edgar/data/823768/000095012906001649/0000950129-06-001649-index.htm",
    "finalLink": "https://www.sec.gov/Archives/edgar/data/823768/000095012906001649/h32785e10vk.htm"
  },
  {
    "date": "2004-12-31",
    "symbol": "WM",
    "reportedCurrency": "USD",
    "cik": "0000823768",
    "fillingDate": "2005-02-17",
    "acceptedDate": "2005-02-17 16:35:32",
    "calendarYear": "2004",
    "period": "FY",
    "revenue": 12516000000,
    "costOfRevenue": 9564000000,
    "grossProfit": 2952000000,
    "grossProfitRatio": 0.2358581016,
    "researchAndDevelopmentExpenses": 0,
    "generalAndAdministrativeExpenses": 0,
    "sellingAndMarketingExpenses": 0,
    "sellingGeneralAndAdministrativeExpenses": 1442000000,
    "otherExpenses": 175000000,
    "operatingExpenses": 1267000000,
    "costAndExpenses": 10831000000,
    "interestIncome": 0,
    "interestExpense": 455000000,
    "depreciationAndAmortization": 1336000000,
    "ebitda": 3005000000,
    "ebitdaratio": 0.2400926814,
    "operatingIncome": 1685000000,
    "operatingIncomeRatio": 0.1346276766,
    "totalOtherIncomeExpensesNet": -471000000,
    "incomeBeforeTax": 1178000000,
    "incomeBeforeTaxRatio": 0.094119527,
    "incomeTaxExpense": 247000000,
    "netIncome": 939000000,
    "netIncomeRatio": 0.0750239693,
    "eps": 1.63,
    "epsdiluted": 1.61,
    "weightedAverageShsOut": 576300000,
    "weightedAverageShsOutDil": 581100000,
    "link": "https://www.sec.gov/Archives/edgar/data/823768/000095012905001427/0000950129-05-001427-index.htm",
    "finalLink": "https://www.sec.gov/Archives/edgar/data/823768/000095012905001427/h22314e10vk.htm"
  },
  {
    "date": "2003-12-31",
    "symbol": "WM",
    "reportedCurrency": "USD",
    "cik": "0000823768",
    "fillingDate": "2004-02-20",
    "acceptedDate": "2004-02-20 10:23:26",
    "calendarYear": "2003",
    "period": "FY",
    "revenue": 11574000000,
    "costOfRevenue": 7517000000,
    "grossProfit": 4057000000,
    "grossProfitRatio": 0.3505270434,
    "researchAndDevelopmentExpenses": 0,
    "generalAndAdministrativeExpenses": 0,
    "sellingAndMarketingExpenses": 0,
    "sellingGeneralAndAdministrativeExpenses": 1216000000,
    "otherExpenses": 1257000000,
    "operatingExpenses": 2473000000,
    "costAndExpenses": 9990000000,
    "interestIncome": 0,
    "interestExpense": 0,
    "depreciationAndAmortization": 1265000000,
    "ebitda": 2849000000,
    "ebitdaratio": 0.2461551754,
    "operatingIncome": 1540000000,
    "operatingIncomeRatio": 0.1330568516,
    "totalOtherIncomeExpensesNet": -417000000,
    "incomeBeforeTax": 1123000000,
    "incomeBeforeTaxRatio": 0.097027821,
    "incomeTaxExpense": 404000000,
    "netIncome": 630000000,
    "netIncomeRatio": 0.0544323484,
    "eps": 1.07,
    "epsdiluted": 1.06,
    "weightedAverageShsOut": 588785047,
    "weightedAverageShsOutDil": 594339623,
    "link": "https://www.sec.gov/Archives/edgar/data/823768/000095012904000722/0000950129-04-000722-index.htm",
    "finalLink": "https://www.sec.gov/Archives/edgar/data/823768/000095012904000722/h12380e10vk.htm"
  },
  {
    "date": "2002-12-31",
    "symbol": "WM",
    "reportedCurrency": "USD",
    "cik": "0000823768",
    "fillingDate": "2003-02-24",
    "acceptedDate": "2003-02-24 16:51:17",
    "calendarYear": "2002",
    "period": "FY",
    "revenue": 11142000000,
    "costOfRevenue": 6743000000,
    "grossProfit": 4399000000,
    "grossProfitRatio": 0.3948124215,
    "researchAndDevelopmentExpenses": 0,
    "generalAndAdministrativeExpenses": 0,
    "sellingAndMarketingExpenses": 0,
    "sellingGeneralAndAdministrativeExpenses": 1529000000,
    "otherExpenses": 1188000000,
    "operatingExpenses": 2717000000,
    "costAndExpenses": 9460000000,
    "interestIncome": 0,
    "interestExpense": 0,
    "depreciationAndAmortization": 1222000000,
    "ebitda": 2857000000,
    "ebitdaratio": 0.2564171603,
    "operatingIncome": 1644000000,
    "operatingIncomeRatio": 0.1475498115,
    "totalOtherIncomeExpensesNet": -397000000,
    "incomeBeforeTax": 1247000000,
    "incomeBeforeTaxRatio": 0.1119188656,
    "incomeTaxExpense": 424000000,
    "netIncome": 822000000,
    "netIncomeRatio": 0.0737749058,
    "eps": 1.34,
    "epsdiluted": 1.33,
    "weightedAverageShsOut": 613432836,
    "weightedAverageShsOutDil": 618045113,
    "link": "https://www.sec.gov/Archives/edgar/data/823768/000095012903000958/0000950129-03-000958-index.htm",
    "finalLink": "https://www.sec.gov/Archives/edgar/data/823768/000095012903000958/h02934e10vk.txt"
  },
  {
    "date": "2001-12-31",
    "symbol": "WM",
    "reportedCurrency": "USD",
    "cik": "0000823768",
    "fillingDate": "2002-03-12",
    "acceptedDate": "2002-03-12 00:00:00",
    "calendarYear": "2001",
    "period": "FY",
    "revenue": 11322000000,
    "costOfRevenue": 6666000000,
    "grossProfit": 4656000000,
    "grossProfitRatio": 0.4112347642,
    "researchAndDevelopmentExpenses": 0,
    "generalAndAdministrativeExpenses": 1622000000,
    "sellingAndMarketingExpenses": 0,
    "sellingGeneralAndAdministrativeExpenses": 1622000000,
    "otherExpenses": 1751000000,
    "operatingExpenses": 3373000000,
    "costAndExpenses": 10039000000,
    "interestIncome": 0,
    "interestExpense": 0,
    "depreciationAndAmortization": 1371000000,
    "ebitda": 2654000000,
    "ebitdaratio": 0.2344108815,
    "operatingIncome": 1283000000,
    "operatingIncomeRatio": 0.1133192016,
    "totalOtherIncomeExpensesNet": -496000000,
    "incomeBeforeTax": 787000000,
    "incomeBeforeTaxRatio": 0.0695106872,
    "incomeTaxExpense": 284000000,
    "netIncome": 503000000,
    "netIncomeRatio": 0.0444267797,
    "eps": 0.8,
    "epsdiluted": 0.8,
    "weightedAverageShsOut": 628750000,
    "weightedAverageShsOutDil": 628750000,
    "link": "https://www.sec.gov/Archives/edgar/data/823768/000095012902001250/0000950129-02-001250-index.htm",
    "finalLink": "https://www.sec.gov/Archives/edgar/data/823768/000095012902001250/h93477e10-k.txt"
  },
  {
    "date": "2000-12-31",
    "symbol": "WM",
    "reportedCurrency": "USD",
    "cik": "0000823768",
    "fillingDate": "2001-03-13",
    "acceptedDate": "2001-03-13 00:00:00",
    "calendarYear": "2000",
    "period": "FY",
    "revenue": 12492000000,
    "costOfRevenue": 7538000000,
    "grossProfit": 4954000000,
    "grossProfitRatio": 0.3965738072,
    "researchAndDevelopmentExpenses": 0,
    "generalAndAdministrativeExpenses": 1738000000,
    "sellingAndMarketingExpenses": 0,
    "sellingGeneralAndAdministrativeExpenses": 1738000000,
    "otherExpenses": 1429000000,
    "operatingExpenses": 3167000000,
    "costAndExpenses": 10705000000,
    "interestIncome": 0,
    "interestExpense": 0,
    "depreciationAndAmortization": 1429000000,
    "ebitda": 3216000000,
    "ebitdaratio": 0.2574447646,
    "operatingIncome": 1787000000,
    "operatingIncomeRatio": 0.143051553,
    "totalOtherIncomeExpensesNet": -1466000000,
    "incomeBeforeTax": 321000000,
    "incomeBeforeTaxRatio": 0.0256964457,
    "incomeTaxExpense": 418000000,
    "netIncome": -97000000,
    "netIncomeRatio": -0.0077649696,
    "eps": -0.16,
    "epsdiluted": -0.16,
    "weightedAverageShsOut": 606250000,
    "weightedAverageShsOutDil": 606250000,
    "link": "https://www.sec.gov/Archives/edgar/data/823768/000095012901001398/0000950129-01-001398-index.htm",
    "finalLink": "https://www.sec.gov/Archives/edgar/data/823768/000095012901001398/h84376e10-k.txt"
  },
  {
    "date": "1999-12-31",
    "symbol": "WM",
    "reportedCurrency": "USD",
    "cik": "0000823768",
    "fillingDate": "2000-03-30",
    "acceptedDate": "2000-03-30 00:00:00",
    "calendarYear": "1999",
    "period": "FY",
    "revenue": 13126900000,
    "costOfRevenue": 8269000000,
    "grossProfit": 4857900000,
    "grossProfitRatio": 0.3700721419,
    "researchAndDevelopmentExpenses": 0,
    "generalAndAdministrativeExpenses": 1920300000,
    "sellingAndMarketingExpenses": 0,
    "sellingGeneralAndAdministrativeExpenses": 1920300000,
    "otherExpenses": 1614200000,
    "operatingExpenses": 3534500000,
    "costAndExpenses": 11803500000,
    "interestIncome": 0,
    "interestExpense": 0,
    "depreciationAndAmortization": 1614200000,
    "ebitda": 2938000000,
    "ebitdaratio": 0.2238152191,
    "operatingIncome": 1323400000,
    "operatingIncomeRatio": 0.1008158819,
    "totalOtherIncomeExpensesNet": -1486800000,
    "incomeBeforeTax": -162800000,
    "incomeBeforeTaxRatio": -0.0124020142,
    "incomeTaxExpense": 232300000,
    "netIncome": -397600000,
    "netIncomeRatio": -0.0302889486,
    "eps": -0.65,
    "epsdiluted": -0.65,
    "weightedAverageShsOut": 612307692,
    "weightedAverageShsOutDil": 612307692,
    "link": "https://www.sec.gov/Archives/edgar/data/823768/000095012900001540/0000950129-00-001540-index.html",
    "finalLink": "https://www.sec.gov/Archives/edgar/data/823768/000095012900001540/"
  },
  {
    "date": "1998-12-31",
    "symbol": "WM",
    "reportedCurrency": "USD",
    "cik": "0000823768",
    "fillingDate": "1999-03-31",
    "acceptedDate": "1999-03-31 00:00:00",
    "calendarYear": "1998",
    "period": "FY",
    "revenue": 12703500000,
    "costOfRevenue": 7383800000,
    "grossProfit": 5319700000,
    "grossProfitRatio": 0.4187586098,
    "researchAndDevelopmentExpenses": 0,
    "generalAndAdministrativeExpenses": 1309900000,
    "sellingAndMarketingExpenses": 0,
    "sellingGeneralAndAdministrativeExpenses": 1309900000,
    "otherExpenses": 1498700000,
    "operatingExpenses": 2808600000,
    "costAndExpenses": 10192400000,
    "interestIncome": 0,
    "interestExpense": 0,
    "depreciationAndAmortization": 1498700000,
    "ebitda": 4010000000,
    "ebitdaratio": 0.3156610383,
    "operatingIncome": 2511100000,
    "operatingIncomeRatio": 0.1976699335,
    "totalOtherIncomeExpensesNet": -3211000000,
    "incomeBeforeTax": -699900000,
    "incomeBeforeTaxRatio": -0.0550950525,
    "incomeTaxExpense": 66900000,
    "netIncome": -770700000,
    "netIncomeRatio": -0.0606683198,
    "eps": -1.32,
    "epsdiluted": -1.32,
    "weightedAverageShsOut": 584301000,
    "weightedAverageShsOutDil": 584301000,
    "link": "https://www.sec.gov/Archives/edgar/data/823768/000095012999001268/0000950129-99-001268-index.html",
    "finalLink": "https://www.sec.gov/Archives/edgar/data/823768/"
  },
  {
    "date": "1997-12-31",
    "symbol": "WM",
    "reportedCurrency": "USD",
    "cik": "0000823768",
    "fillingDate": "1998-03-31",
    "acceptedDate": "1998-03-31 00:00:00",
    "calendarYear": "1997",
    "period": "FY",
    "revenue": 2613800000,
    "costOfRevenue": 1345800000,
    "grossProfit": 1268000000,
    "grossProfitRatio": 0.4851174535,
    "researchAndDevelopmentExpenses": 0,
    "generalAndAdministrativeExpenses": 284900000,
    "sellingAndMarketingExpenses": 0,
    "sellingGeneralAndAdministrativeExpenses": 284900000,
    "otherExpenses": 303200000,
    "operatingExpenses": 588100000,
    "costAndExpenses": 1933900000,
    "interestIncome": 0,
    "interestExpense": 0,
    "depreciationAndAmortization": 303200000,
    "ebitda": 3051700000,
    "ebitdaratio": 1.1675338587,
    "operatingIncome": 679900000,
    "operatingIncomeRatio": 0.2601193664,
    "totalOtherIncomeExpensesNet": -1342400000,
    "incomeBeforeTax": 463200000,
    "incomeBeforeTaxRatio": 0.1772132527,
    "incomeTaxExpense": 189900000,
    "netIncome": 267000000,
    "netIncomeRatio": 0.1021501263,
    "eps": -1.68,
    "epsdiluted": -1.68,
    "weightedAverageShsOut": 207848101,
    "weightedAverageShsOutDil": 218933333,
    "link": "https://www.sec.gov/Archives/edgar/data/823768/000095012998001354/0000950129-98-001354-index.html",
    "finalLink": "https://www.sec.gov/Archives/edgar/data/823768/"
  },
  {
    "date": "1996-12-31",
    "symbol": "WM",
    "reportedCurrency": "USD",
    "cik": "0000823768",
    "fillingDate": "1997-04-30",
    "acceptedDate": "1997-04-30 00:00:00",
    "calendarYear": "1996",
    "period": "FY",
    "revenue": 1313400000,
    "costOfRevenue": 704900000,
    "grossProfit": 608500000,
    "grossProfitRatio": 0.4633013553,
    "researchAndDevelopmentExpenses": 0,
    "generalAndAdministrativeExpenses": 160500000,
    "sellingAndMarketingExpenses": 0,
    "sellingGeneralAndAdministrativeExpenses": 160500000,
    "otherExpenses": 153200000,
    "operatingExpenses": 313700000,
    "costAndExpenses": 1018600000,
    "interestIncome": 0,
    "interestExpense": 0,
    "depreciationAndAmortization": 153200000,
    "ebitda": 3117900000,
    "ebitdaratio": 2.3739150297,
    "operatingIncome": 294800000,
    "operatingIncomeRatio": 0.2244556114,
    "totalOtherIncomeExpensesNet": -1079500000,
    "incomeBeforeTax": 78000000,
    "incomeBeforeTaxRatio": 0.0593878483,
    "incomeTaxExpense": 45100000,
    "netIncome": 32900000,
    "netIncomeRatio": 0.0250494899,
    "eps": 0.05,
    "epsdiluted": 0.04,
    "weightedAverageShsOut": 139586000,
    "weightedAverageShsOutDil": 139586000,
    "link": "https://www.sec.gov/Archives/edgar/data/823768/000091476097000086/0000914760-97-000086-index.html",
    "finalLink": "https://www.sec.gov/Archives/edgar/data/823768/"
  },
  {
    "date": "1995-12-31",
    "symbol": "WM",
    "reportedCurrency": "USD",
    "cik": "0000823768",
    "fillingDate": "1996-03-22",
    "acceptedDate": "1996-03-22 00:00:00",
    "calendarYear": "1995",
    "period": "FY",
    "revenue": 457100000,
    "costOfRevenue": 253900000,
    "grossProfit": 203200000,
    "grossProfitRatio": 0.4445416758,
    "researchAndDevelopmentExpenses": 0,
    "generalAndAdministrativeExpenses": 62200000,
    "sellingAndMarketingExpenses": 0,
    "sellingGeneralAndAdministrativeExpenses": 62200000,
    "otherExpenses": 56400000,
    "operatingExpenses": 118600000,
    "costAndExpenses": 372500000,
    "interestIncome": 0,
    "interestExpense": 0,
    "depreciationAndAmortization": 56400000,
    "ebitda": 374300000,
    "ebitdaratio": 0.8188580179,
    "operatingIncome": 84600000,
    "operatingIncomeRatio": 0.1850798512,
    "totalOtherIncomeExpensesNet": 56500000,
    "incomeBeforeTax": 18900000,
    "incomeBeforeTaxRatio": 0.0413476263,
    "incomeTaxExpense": -11400000,
    "netIncome": 30300000,
    "netIncomeRatio": 0.0662874644,
    "eps": 0.56,
    "epsdiluted": 0.54,
    "weightedAverageShsOut": 51764706,
    "weightedAverageShsOutDil": 51764706,
    "link": "https://www.sec.gov/Archives/edgar/data/823768/000095013496000861/0000950134-96-000861-index.html",
    "finalLink": "https://www.sec.gov/Archives/edgar/data/823768/"
  },
  {
    "date": "1994-12-31",
    "symbol": "WM",
    "reportedCurrency": "USD",
    "cik": "0000823768",
    "fillingDate": "1994-12-31",
    "acceptedDate": "1994-12-31 00:00:00",
    "calendarYear": "1994",
    "period": "FY",
    "revenue": 176200000,
    "costOfRevenue": 101100000,
    "grossProfit": 75100000,
    "grossProfitRatio": 0.4262202043,
    "researchAndDevelopmentExpenses": 0,
    "generalAndAdministrativeExpenses": 0,
    "sellingAndMarketingExpenses": 0,
    "sellingGeneralAndAdministrativeExpenses": 23500000,
    "otherExpenses": 18800000,
    "operatingExpenses": 42300000,
    "costAndExpenses": 143400000,
    "interestIncome": 0,
    "interestExpense": 0,
    "depreciationAndAmortization": 18800000,
    "ebitda": 51600000,
    "ebitdaratio": 0.2928490352,
    "operatingIncome": 32800000,
    "operatingIncomeRatio": 0.1861520999,
    "totalOtherIncomeExpensesNet": -11200000,
    "incomeBeforeTax": 21600000,
    "incomeBeforeTaxRatio": 0.1225879682,
    "incomeTaxExpense": 7800000,
    "netIncome": 13800000,
    "netIncomeRatio": 0.0783200908,
    "eps": 0.08,
    "epsdiluted": 0.08,
    "weightedAverageShsOut": 21388889,
    "weightedAverageShsOutDil": 21388889,
    "link": null,
    "finalLink": null
  },
  {
    "date": "1993-12-31",
    "symbol": "WM",
    "reportedCurrency": "USD",
    "cik": "0000823768",
    "fillingDate": "1993-12-31",
    "acceptedDate": "1993-12-31 00:00:00",
    "calendarYear": "1993",
    "period": "FY",
    "revenue": 78100000,
    "costOfRevenue": 38900000,
    "grossProfit": 39200000,
    "grossProfitRatio": 0.5019206146,
    "researchAndDevelopmentExpenses": 0,
    "generalAndAdministrativeExpenses": 0,
    "sellingAndMarketingExpenses": 0,
    "sellingGeneralAndAdministrativeExpenses": 11300000,
    "otherExpenses": 8200000,
    "operatingExpenses": 19500000,
    "costAndExpenses": 58400000,
    "interestIncome": 0,
    "interestExpense": 0,
    "depreciationAndAmortization": 8200000,
    "ebitda": 27900000,
    "ebitdaratio": 0.357234315,
    "operatingIncome": 19700000,
    "operatingIncomeRatio": 0.252240717,
    "totalOtherIncomeExpensesNet": -4700000,
    "incomeBeforeTax": 15000000,
    "incomeBeforeTaxRatio": 0.1920614597,
    "incomeTaxExpense": 5400000,
    "netIncome": 9600000,
    "netIncomeRatio": 0.1229193342,
    "eps": 0.32,
    "epsdiluted": 0.32,
    "weightedAverageShsOut": 11864407,
    "weightedAverageShsOutDil": 11864407,
    "link": null,
    "finalLink": null
  },
  {
    "date": "1992-12-31",
    "symbol": "WM",
    "reportedCurrency": "USD",
    "cik": "0000823768",
    "fillingDate": "1992-12-31",
    "acceptedDate": "1992-12-31 00:00:00",
    "calendarYear": "1992",
    "period": "FY",
    "revenue": 52200000,
    "costOfRevenue": 25200000,
    "grossProfit": 27000000,
    "grossProfitRatio": 0.5172413793,
    "researchAndDevelopmentExpenses": 0,
    "generalAndAdministrativeExpenses": 0,
    "sellingAndMarketingExpenses": 0,
    "sellingGeneralAndAdministrativeExpenses": 8000000,
    "otherExpenses": 4800000,
    "operatingExpenses": 12800000,
    "costAndExpenses": 38000000,
    "interestIncome": 0,
    "interestExpense": 0,
    "depreciationAndAmortization": 4800000,
    "ebitda": 19000000,
    "ebitdaratio": 0.3639846743,
    "operatingIncome": 14200000,
    "operatingIncomeRatio": 0.2720306513,
    "totalOtherIncomeExpensesNet": -2800000,
    "incomeBeforeTax": 11400000,
    "incomeBeforeTaxRatio": 0.2183908046,
    "incomeTaxExpense": 4100000,
    "netIncome": 7300000,
    "netIncomeRatio": 0.1398467433,
    "eps": 0.65,
    "epsdiluted": 0.65,
    "weightedAverageShsOut": 11230769,
    "weightedAverageShsOutDil": 11230769,
    "link": null,
    "finalLink": null
  },
  {
    "date": "1991-12-31",
    "symbol": "WM",
    "reportedCurrency": "USD",
    "cik": "0000823768",
    "fillingDate": "1991-12-31",
    "acceptedDate": "1991-12-31 00:00:00",
    "calendarYear": "1991",
    "period": "FY",
    "revenue": 18300000,
    "costOfRevenue": 7400000,
    "grossProfit": 10900000,
    "grossProfitRatio": 0.5956284153,
    "researchAndDevelopmentExpenses": 0,
    "generalAndAdministrativeExpenses": 0,
    "sellingAndMarketingExpenses": 0,
    "sellingGeneralAndAdministrativeExpenses": 4100000,
    "otherExpenses": 1600000,
    "operatingExpenses": 5700000,
    "costAndExpenses": 13100000,
    "interestIncome": 0,
    "interestExpense": 0,
    "depreciationAndAmortization": 1600000,
    "ebitda": 6800000,
    "ebitdaratio": 0.3715846995,
    "operatingIncome": 5200000,
    "operatingIncomeRatio": 0.2841530055,
    "totalOtherIncomeExpensesNet": -800000,
    "incomeBeforeTax": 4400000,
    "incomeBeforeTaxRatio": 0.2404371585,
    "incomeTaxExpense": 1400000,
    "netIncome": 3000000,
    "netIncomeRatio": 0.1639344262,
    "eps": 0.32,
    "epsdiluted": 0.32,
    "weightedAverageShsOut": 9375000,
    "weightedAverageShsOutDil": 9375000,
    "link": null,
    "finalLink": null
  },
  {
    "date": "1990-12-31",
    "symbol": "WM",
    "reportedCurrency": "USD",
    "cik": "0000823768",
    "fillingDate": "1990-12-31",
    "acceptedDate": "1990-12-31 00:00:00",
    "calendarYear": "1990",
    "period": "FY",
    "revenue": 3700000,
    "costOfRevenue": 1600000,
    "grossProfit": 2100000,
    "grossProfitRatio": 0.5675675676,
    "researchAndDevelopmentExpenses": 0,
    "generalAndAdministrativeExpenses": 0,
    "sellingAndMarketingExpenses": 0,
    "sellingGeneralAndAdministrativeExpenses": 1200000,
    "otherExpenses": 700000,
    "operatingExpenses": 1900000,
    "costAndExpenses": 3500000,
    "interestIncome": 0,
    "interestExpense": 0,
    "depreciationAndAmortization": 700000,
    "ebitda": 900000,
    "ebitdaratio": 0.2432432432,
    "operatingIncome": 200000,
    "operatingIncomeRatio": 0.0540540541,
    "totalOtherIncomeExpensesNet": 100000,
    "incomeBeforeTax": 300000,
    "incomeBeforeTaxRatio": 0.0810810811,
    "incomeTaxExpense": 0,
    "netIncome": 200000,
    "netIncomeRatio": 0.0540540541,
    "eps": 0.08,
    "epsdiluted": 0.08,
    "weightedAverageShsOut": 3333333,
    "weightedAverageShsOutDil": 3333333,
    "link": null,
    "finalLink": null
  },
  {
    "date": "1989-12-31",
    "symbol": "WM",
    "reportedCurrency": "USD",
    "cik": "0000823768",
    "fillingDate": "1989-12-31",
    "acceptedDate": "1989-12-31 00:00:00",
    "calendarYear": "1989",
    "period": "FY",
    "revenue": 2600000,
    "costOfRevenue": 1300000,
    "grossProfit": 1300000,
    "grossProfitRatio": 0.5,
    "researchAndDevelopmentExpenses": 0,
    "generalAndAdministrativeExpenses": 0,
    "sellingAndMarketingExpenses": 0,
    "sellingGeneralAndAdministrativeExpenses": 900000,
    "otherExpenses": 400000,
    "operatingExpenses": 1300000,
    "costAndExpenses": 2600000,
    "interestIncome": 0,
    "interestExpense": 0,
    "depreciationAndAmortization": 400000,
    "ebitda": 200000,
    "ebitdaratio": 0.0769230769,
    "operatingIncome": -200000,
    "operatingIncomeRatio": -0.0769230769,
    "totalOtherIncomeExpensesNet": 0,
    "incomeBeforeTax": 0,
    "incomeBeforeTaxRatio": 0,
    "incomeTaxExpense": -100000,
    "netIncome": 100000,
    "netIncomeRatio": 0.0384615385,
    "eps": 0.03,
    "epsdiluted": 0.03,
    "weightedAverageShsOut": 3333333,
    "weightedAverageShsOutDil": 3333333,
    "link": null,
    "finalLink": null
  },
  {
    "date": "1988-12-31",
    "symbol": "WM",
    "reportedCurrency": "USD",
    "cik": "0000823768",
    "fillingDate": "1988-12-31",
    "acceptedDate": "1988-12-30 19:00:00",
    "calendarYear": "1988",
    "period": "FY",
    "revenue": 1900000,
    "costOfRevenue": 700000,
    "grossProfit": 1200000,
    "grossProfitRatio": 0.6315789474,
    "researchAndDevelopmentExpenses": 0,
    "generalAndAdministrativeExpenses": 0,
    "sellingAndMarketingExpenses": 0,
    "sellingGeneralAndAdministrativeExpenses": 800000,
    "otherExpenses": 200000,
    "operatingExpenses": 1000000,
    "costAndExpenses": 1700000,
    "interestIncome": 0,
    "interestExpense": 0,
    "depreciationAndAmortization": 200000,
    "ebitda": 400000,
    "ebitdaratio": 0.2105263158,
    "operatingIncome": 200000,
    "operatingIncomeRatio": 0.1052631579,
    "totalOtherIncomeExpensesNet": 100000,
    "incomeBeforeTax": 300000,
    "incomeBeforeTaxRatio": 0.1578947368,
    "incomeTaxExpense": 100000,
    "netIncome": 200000,
    "netIncomeRatio": 0.1052631579,
    "eps": 0.09,
    "epsdiluted": 0.09,
    "weightedAverageShsOut": 2222222,
    "weightedAverageShsOutDil": 2222222,
    "link": "",
    "finalLink": ""
  },
  {
    "date": "1987-12-31",
    "symbol": "WM",
    "reportedCurrency": "USD",
    "cik": "0000823768",
    "fillingDate": "1987-12-31",
    "acceptedDate": "1987-12-30 19:00:00",
    "calendarYear": "1987",
    "period": "FY",
    "revenue": 1700000,
    "costOfRevenue": 600000,
    "grossProfit": 1100000,
    "grossProfitRatio": 0.6470588235,
    "researchAndDevelopmentExpenses": 0,
    "generalAndAdministrativeExpenses": 0,
    "sellingAndMarketingExpenses": 0,
    "sellingGeneralAndAdministrativeExpenses": 200000,
    "otherExpenses": 200000,
    "operatingExpenses": 400000,
    "costAndExpenses": 1000000,
    "interestIncome": 0,
    "interestExpense": 0,
    "depreciationAndAmortization": 200000,
    "ebitda": 900000,
    "ebitdaratio": 0.5294117647,
    "operatingIncome": 700000,
    "operatingIncomeRatio": 0.4117647059,
    "totalOtherIncomeExpensesNet": 0,
    "incomeBeforeTax": 0,
    "incomeBeforeTaxRatio": 0,
    "incomeTaxExpense": 300000,
    "netIncome": 400000,
    "netIncomeRatio": 0.2352941176,
    "eps": 0.24,
    "epsdiluted": 0.24,
    "weightedAverageShsOut": 1666667,
    "weightedAverageShsOutDil": 1666667,
    "link": "",
    "finalLink": ""
  }
]