[
  {
    "date": "2025-06-30",
    "symbol": "WMB",
    "reportedCurrency": "USD",
    "cik": "0000107263",
    "fillingDate": "2025-08-04",
    "acceptedDate": "2025-08-04 16:28:44",
    "calendarYear": "2025",
    "period": "Q2",
    "revenue": 2770000000,
    "costOfRevenue": 1715000000,
    "grossProfit": 1055000000,
    "grossProfitRatio": 0.380866426,
    "researchAndDevelopmentExpenses": 0,
    "generalAndAdministrativeExpenses": 0,
    "sellingAndMarketingExpenses": 0,
    "sellingGeneralAndAdministrativeExpenses": 168000000,
    "otherExpenses": 0,
    "operatingExpenses": 168000000,
    "costAndExpenses": 1883000000,
    "interestIncome": 4000000,
    "interestExpense": 350000000,
    "depreciationAndAmortization": 629000000,
    "ebitda": 1736000000,
    "ebitdaratio": 0.6267148014,
    "operatingIncome": 887000000,
    "operatingIncomeRatio": 0.3202166065,
    "totalOtherIncomeExpensesNet": -130000000,
    "incomeBeforeTax": 757000000,
    "incomeBeforeTaxRatio": 0.2732851986,
    "incomeTaxExpense": 174000000,
    "netIncome": 546000000,
    "netIncomeRatio": 0.1971119134,
    "eps": 0.4469,
    "epsdiluted": 0.446,
    "weightedAverageShsOut": 1221650000,
    "weightedAverageShsOutDil": 1221650000,
    "link": "https://www.sec.gov/Archives/edgar/data/107263/000010726325000123/0000107263-25-000123-index.htm",
    "finalLink": "https://www.sec.gov/Archives/edgar/data/99250/000010726325000123/wmb-20250630.htm"
  },
  {
    "date": "2025-03-31",
    "symbol": "WMB",
    "reportedCurrency": "USD",
    "cik": "0000107263",
    "fillingDate": "2025-05-05",
    "acceptedDate": "2025-05-05 16:25:28",
    "calendarYear": "2025",
    "period": "Q1",
    "revenue": 3048000000,
    "costOfRevenue": 1228000000,
    "grossProfit": 1820000000,
    "grossProfitRatio": 0.5971128609,
    "researchAndDevelopmentExpenses": 0,
    "generalAndAdministrativeExpenses": 0,
    "sellingAndMarketingExpenses": 0,
    "sellingGeneralAndAdministrativeExpenses": 194000000,
    "otherExpenses": 532000000,
    "operatingExpenses": 726000000,
    "costAndExpenses": 1954000000,
    "interestIncome": 0,
    "interestExpense": 349000000,
    "depreciationAndAmortization": 585000000,
    "ebitda": 1856000000,
    "ebitdaratio": 0.6089238845,
    "operatingIncome": 1094000000,
    "operatingIncomeRatio": 0.3589238845,
    "totalOtherIncomeExpensesNet": -172000000,
    "incomeBeforeTax": 922000000,
    "incomeBeforeTaxRatio": 0.3024934383,
    "incomeTaxExpense": 193000000,
    "netIncome": 691000000,
    "netIncomeRatio": 0.2267060367,
    "eps": 0.57,
    "epsdiluted": 0.57,
    "weightedAverageShsOut": 1220661000,
    "weightedAverageShsOutDil": 1220661000,
    "link": "https://www.sec.gov/Archives/edgar/data/107263/000010726325000102/0000107263-25-000102-index.htm",
    "finalLink": "https://www.sec.gov/Archives/edgar/data/99250/000010726325000102/wmb-20250331.htm"
  },
  {
    "date": "2024-12-31",
    "symbol": "WMB",
    "reportedCurrency": "USD",
    "cik": "0000107263",
    "fillingDate": "2025-02-25",
    "acceptedDate": "2025-02-25 17:07:14",
    "calendarYear": "2024",
    "period": "Q4",
    "revenue": 2743000000,
    "costOfRevenue": 1187000000,
    "grossProfit": 1556000000,
    "grossProfitRatio": 0.5672621218,
    "researchAndDevelopmentExpenses": 0,
    "generalAndAdministrativeExpenses": 0,
    "sellingAndMarketingExpenses": 0,
    "sellingGeneralAndAdministrativeExpenses": 188000000,
    "otherExpenses": 575000000,
    "operatingExpenses": 763000000,
    "costAndExpenses": 1950000000,
    "interestIncome": 11000000,
    "interestExpense": 338000000,
    "depreciationAndAmortization": 565000000,
    "ebitda": 1511000000,
    "ebitdaratio": 0.5508567262,
    "operatingIncome": 793000000,
    "operatingIncomeRatio": 0.2890995261,
    "totalOtherIncomeExpensesNet": -185000000,
    "incomeBeforeTax": 608000000,
    "incomeBeforeTaxRatio": 0.2216551221,
    "incomeTaxExpense": 91000000,
    "netIncome": 486000000,
    "netIncomeRatio": 0.177178272,
    "eps": 0.4,
    "epsdiluted": 0.4,
    "weightedAverageShsOut": 1219184000,
    "weightedAverageShsOutDil": 1224472000,
    "link": "https://www.sec.gov/Archives/edgar/data/107263/000010726325000031/0000107263-25-000031-index.htm",
    "finalLink": "https://www.sec.gov/Archives/edgar/data/107263/000010726325000031/wmb-20241231.htm"
  },
  {
    "date": "2024-09-30",
    "symbol": "WMB",
    "reportedCurrency": "USD",
    "cik": "0000107263",
    "fillingDate": "2024-11-06",
    "acceptedDate": "2024-11-06 16:18:31",
    "calendarYear": "2024",
    "period": "Q3",
    "revenue": 2653000000,
    "costOfRevenue": 1090000000,
    "grossProfit": 1563000000,
    "grossProfitRatio": 0.5891443649,
    "researchAndDevelopmentExpenses": 0,
    "generalAndAdministrativeExpenses": 0,
    "sellingAndMarketingExpenses": 0,
    "sellingGeneralAndAdministrativeExpenses": 170000000,
    "otherExpenses": 555000000,
    "operatingExpenses": 725000000,
    "costAndExpenses": 1815000000,
    "interestIncome": 0,
    "interestExpense": 338000000,
    "depreciationAndAmortization": 566000000,
    "ebitda": 1872000000,
    "ebitdaratio": 0.7056162835,
    "operatingIncome": 838000000,
    "operatingIncomeRatio": 0.3158688277,
    "totalOtherIncomeExpensesNet": 130000000,
    "incomeBeforeTax": 968000000,
    "incomeBeforeTaxRatio": 0.3648699585,
    "incomeTaxExpense": 227000000,
    "netIncome": 706000000,
    "netIncomeRatio": 0.2661138334,
    "eps": 0.58,
    "epsdiluted": 0.58,
    "weightedAverageShsOut": 1219537000,
    "weightedAverageShsOutDil": 1219537000,
    "link": "https://www.sec.gov/Archives/edgar/data/107263/000010726324000095/0000107263-24-000095-index.htm",
    "finalLink": "https://www.sec.gov/Archives/edgar/data/107263/000010726324000095/wmb-20240930.htm"
  },
  {
    "date": "2024-06-30",
    "symbol": "WMB",
    "reportedCurrency": "USD",
    "cik": "0000107263",
    "fillingDate": "2024-08-05",
    "acceptedDate": "2024-08-05 16:17:58",
    "calendarYear": "2024",
    "period": "Q2",
    "revenue": 2336000000,
    "costOfRevenue": 981000000,
    "grossProfit": 1355000000,
    "grossProfitRatio": 0.5800513699,
    "researchAndDevelopmentExpenses": 0,
    "generalAndAdministrativeExpenses": 0,
    "sellingAndMarketingExpenses": 0,
    "sellingGeneralAndAdministrativeExpenses": 164000000,
    "otherExpenses": 495000000,
    "operatingExpenses": 659000000,
    "costAndExpenses": 1640000000,
    "interestIncome": 0,
    "interestExpense": 339000000,
    "depreciationAndAmortization": 540000000,
    "ebitda": 1434000000,
    "ebitdaratio": 0.613869863,
    "operatingIncome": 696000000,
    "operatingIncomeRatio": 0.2979452055,
    "totalOtherIncomeExpensesNet": -141000000,
    "incomeBeforeTax": 555000000,
    "incomeBeforeTaxRatio": 0.2375856164,
    "incomeTaxExpense": 129000000,
    "netIncome": 401000000,
    "netIncomeRatio": 0.1716609589,
    "eps": 0.33,
    "epsdiluted": 0.33,
    "weightedAverageShsOut": 1219367000,
    "weightedAverageShsOutDil": 1222236000,
    "link": "https://www.sec.gov/Archives/edgar/data/107263/000010726324000077/0000107263-24-000077-index.htm",
    "finalLink": "https://www.sec.gov/Archives/edgar/data/107263/000010726324000077/wmb-20240630.htm"
  },
  {
    "date": "2024-03-31",
    "symbol": "WMB",
    "reportedCurrency": "USD",
    "cik": "0000107263",
    "fillingDate": "2024-05-06",
    "acceptedDate": "2024-05-06 16:17:55",
    "calendarYear": "2024",
    "period": "Q1",
    "revenue": 2771000000,
    "costOfRevenue": 1079000000,
    "grossProfit": 1692000000,
    "grossProfitRatio": 0.6106098881,
    "researchAndDevelopmentExpenses": 0,
    "generalAndAdministrativeExpenses": 0,
    "sellingAndMarketingExpenses": 0,
    "sellingGeneralAndAdministrativeExpenses": 186000000,
    "otherExpenses": 494000000,
    "operatingExpenses": 680000000,
    "costAndExpenses": 1759000000,
    "interestIncome": 0,
    "interestExpense": 349000000,
    "depreciationAndAmortization": 548000000,
    "ebitda": 1752000000,
    "ebitdaratio": 0.632262721,
    "operatingIncome": 1012000000,
    "operatingIncomeRatio": 0.3652111151,
    "totalOtherIncomeExpensesNet": -157000000,
    "incomeBeforeTax": 855000000,
    "incomeBeforeTaxRatio": 0.308552869,
    "incomeTaxExpense": 193000000,
    "netIncome": 632000000,
    "netIncomeRatio": 0.2280765067,
    "eps": 0.52,
    "epsdiluted": 0.52,
    "weightedAverageShsOut": 1218155000,
    "weightedAverageShsOutDil": 1222222000,
    "link": "https://www.sec.gov/Archives/edgar/data/107263/000010726324000063/0000107263-24-000063-index.htm",
    "finalLink": "https://www.sec.gov/Archives/edgar/data/107263/000010726324000063/wmb-20240331.htm"
  },
  {
    "date": "2023-12-31",
    "symbol": "WMB",
    "reportedCurrency": "USD",
    "cik": "0000107263",
    "fillingDate": "2024-02-21",
    "acceptedDate": "2024-02-21 16:07:47",
    "calendarYear": "2023",
    "period": "Q4",
    "revenue": 2784000000,
    "costOfRevenue": 977000000,
    "grossProfit": 1807000000,
    "grossProfitRatio": 0.649066092,
    "researchAndDevelopmentExpenses": 0,
    "generalAndAdministrativeExpenses": 0,
    "sellingAndMarketingExpenses": 0,
    "sellingGeneralAndAdministrativeExpenses": 182000000,
    "otherExpenses": 538000000,
    "operatingExpenses": 720000000,
    "costAndExpenses": 1697000000,
    "interestIncome": 63000000,
    "interestExpense": 322000000,
    "depreciationAndAmortization": 529000000,
    "ebitda": 2398000000,
    "ebitdaratio": 0.8613505747,
    "operatingIncome": 1087000000,
    "operatingIncomeRatio": 0.3904454023,
    "totalOtherIncomeExpensesNet": 460000000,
    "incomeBeforeTax": 1547000000,
    "incomeBeforeTaxRatio": 0.5556752874,
    "incomeTaxExpense": 370000000,
    "netIncome": 1138000000,
    "netIncomeRatio": 0.4087643678,
    "eps": 0.93,
    "epsdiluted": 0.93,
    "weightedAverageShsOut": 1217000000,
    "weightedAverageShsOutDil": 1222831582,
    "link": "https://www.sec.gov/Archives/edgar/data/107263/000010726324000019/0000107263-24-000019-index.htm",
    "finalLink": "https://www.sec.gov/Archives/edgar/data/107263/000010726324000019/wmb-20231231.htm"
  },
  {
    "date": "2023-09-30",
    "symbol": "WMB",
    "reportedCurrency": "USD",
    "cik": "0000107263",
    "fillingDate": "2023-11-01",
    "acceptedDate": "2023-11-01 16:20:11",
    "calendarYear": "2023",
    "period": "Q3",
    "revenue": 2559000000,
    "costOfRevenue": 1036000000,
    "grossProfit": 1523000000,
    "grossProfitRatio": 0.5951543572,
    "researchAndDevelopmentExpenses": 0,
    "generalAndAdministrativeExpenses": 0,
    "sellingAndMarketingExpenses": 0,
    "sellingGeneralAndAdministrativeExpenses": 146000000,
    "otherExpenses": 383000000,
    "operatingExpenses": 529000000,
    "costAndExpenses": 1565000000,
    "interestIncome": 0,
    "interestExpense": 314000000,
    "depreciationAndAmortization": 521000000,
    "ebitda": 1696000000,
    "ebitdaratio": 0.6627588902,
    "operatingIncome": 994000000,
    "operatingIncomeRatio": 0.3884329816,
    "totalOtherIncomeExpensesNet": -133000000,
    "incomeBeforeTax": 861000000,
    "incomeBeforeTaxRatio": 0.3364595545,
    "incomeTaxExpense": 176000000,
    "netIncome": 654000000,
    "netIncomeRatio": 0.2555685815,
    "eps": 0.54,
    "epsdiluted": 0.54,
    "weightedAverageShsOut": 1216951000,
    "weightedAverageShsOutDil": 1220073000,
    "link": "https://www.sec.gov/Archives/edgar/data/107263/000010726323000027/0000107263-23-000027-index.htm",
    "finalLink": "https://www.sec.gov/Archives/edgar/data/107263/000010726323000027/wmb-20230930.htm"
  },
  {
    "date": "2023-06-30",
    "symbol": "WMB",
    "reportedCurrency": "USD",
    "cik": "0000107263",
    "fillingDate": "2023-08-02",
    "acceptedDate": "2023-08-02 16:21:08",
    "calendarYear": "2023",
    "period": "Q2",
    "revenue": 2483000000,
    "costOfRevenue": 980000000,
    "grossProfit": 1503000000,
    "grossProfitRatio": 0.6053161498,
    "researchAndDevelopmentExpenses": 0,
    "generalAndAdministrativeExpenses": 0,
    "sellingAndMarketingExpenses": 0,
    "sellingGeneralAndAdministrativeExpenses": 161000000,
    "otherExpenses": 472000000,
    "operatingExpenses": 633000000,
    "costAndExpenses": 1613000000,
    "interestIncome": 0,
    "interestExpense": 306000000,
    "depreciationAndAmortization": 515000000,
    "ebitda": 1577000000,
    "ebitdaratio": 0.6351188079,
    "operatingIncome": 870000000,
    "operatingIncomeRatio": 0.3503826017,
    "totalOtherIncomeExpensesNet": -114000000,
    "incomeBeforeTax": 756000000,
    "incomeBeforeTaxRatio": 0.3044703987,
    "incomeTaxExpense": 175000000,
    "netIncome": 460000000,
    "netIncomeRatio": 0.1852597664,
    "eps": 0.38,
    "epsdiluted": 0.38,
    "weightedAverageShsOut": 1217673000,
    "weightedAverageShsOutDil": 1219915000,
    "link": "https://www.sec.gov/Archives/edgar/data/107263/000010726323000021/0000107263-23-000021-index.htm",
    "finalLink": "https://www.sec.gov/Archives/edgar/data/107263/000010726323000021/wmb-20230630.htm"
  },
  {
    "date": "2023-03-31",
    "symbol": "WMB",
    "reportedCurrency": "USD",
    "cik": "0000107263",
    "fillingDate": "2023-05-03",
    "acceptedDate": "2023-05-03 16:20:14",
    "calendarYear": "2023",
    "period": "Q1",
    "revenue": 3081000000,
    "costOfRevenue": 1113000000,
    "grossProfit": 1968000000,
    "grossProfitRatio": 0.6387536514,
    "researchAndDevelopmentExpenses": 0,
    "generalAndAdministrativeExpenses": 0,
    "sellingAndMarketingExpenses": 0,
    "sellingGeneralAndAdministrativeExpenses": 176000000,
    "otherExpenses": 432000000,
    "operatingExpenses": 608000000,
    "costAndExpenses": 1721000000,
    "interestIncome": 0,
    "interestExpense": 294000000,
    "depreciationAndAmortization": 506000000,
    "ebitda": 2041000000,
    "ebitdaratio": 0.6624472574,
    "operatingIncome": 1360000000,
    "operatingIncomeRatio": 0.441415125,
    "totalOtherIncomeExpensesNet": -119000000,
    "incomeBeforeTax": 1241000000,
    "incomeBeforeTaxRatio": 0.4027913015,
    "incomeTaxExpense": 284000000,
    "netIncome": 927000000,
    "netIncomeRatio": 0.3008763389,
    "eps": 0.76,
    "epsdiluted": 0.76,
    "weightedAverageShsOut": 1219465000,
    "weightedAverageShsOutDil": 1225781000,
    "link": "https://www.sec.gov/Archives/edgar/data/107263/000010726323000013/0000107263-23-000013-index.htm",
    "finalLink": "https://www.sec.gov/Archives/edgar/data/107263/000010726323000013/wmb-20230331.htm"
  },
  {
    "date": "2022-12-31",
    "symbol": "WMB",
    "reportedCurrency": "USD",
    "cik": "0000107263",
    "fillingDate": "2023-02-27",
    "acceptedDate": "2023-02-27 08:24:01",
    "calendarYear": "2022",
    "period": "Q4",
    "revenue": 2930000000,
    "costOfRevenue": 1213000000,
    "grossProfit": 1717000000,
    "grossProfitRatio": 0.5860068259,
    "researchAndDevelopmentExpenses": 0,
    "generalAndAdministrativeExpenses": 0,
    "sellingAndMarketingExpenses": 0,
    "sellingGeneralAndAdministrativeExpenses": 159000000,
    "otherExpenses": 486000000,
    "operatingExpenses": 645000000,
    "costAndExpenses": 1858000000,
    "interestIncome": 0,
    "interestExpense": 289000000,
    "depreciationAndAmortization": 505000000,
    "ebitda": 1747000000,
    "ebitdaratio": 0.5962457338,
    "operatingIncome": 1072000000,
    "operatingIncomeRatio": 0.3658703072,
    "totalOtherIncomeExpensesNet": -119000000,
    "incomeBeforeTax": 953000000,
    "incomeBeforeTaxRatio": 0.3252559727,
    "incomeTaxExpense": 256000000,
    "netIncome": 669000000,
    "netIncomeRatio": 0.2283276451,
    "eps": 0.55,
    "epsdiluted": 0.55,
    "weightedAverageShsOut": 1218000000,
    "weightedAverageShsOutDil": 1223744025,
    "link": "https://www.sec.gov/Archives/edgar/data/107263/000010726323000007/0000107263-23-000007-index.htm",
    "finalLink": "https://www.sec.gov/Archives/edgar/data/107263/000010726323000007/wmb-20221231.htm"
  },
  {
    "date": "2022-09-30",
    "symbol": "WMB",
    "reportedCurrency": "USD",
    "cik": "0000107263",
    "fillingDate": "2022-10-31",
    "acceptedDate": "2022-10-31 16:21:04",
    "calendarYear": "2022",
    "period": "Q3",
    "revenue": 3021000000,
    "costOfRevenue": 1519000000,
    "grossProfit": 1502000000,
    "grossProfitRatio": 0.4971863621,
    "researchAndDevelopmentExpenses": 0,
    "generalAndAdministrativeExpenses": 0,
    "sellingAndMarketingExpenses": 0,
    "sellingGeneralAndAdministrativeExpenses": 163000000,
    "otherExpenses": 519000000,
    "operatingExpenses": 682000000,
    "costAndExpenses": 2201000000,
    "interestIncome": 0,
    "interestExpense": 291000000,
    "depreciationAndAmortization": 500000000,
    "ebitda": 1508000000,
    "ebitdaratio": 0.4991724595,
    "operatingIncome": 820000000,
    "operatingIncomeRatio": 0.2714333002,
    "totalOtherIncomeExpensesNet": -103000000,
    "incomeBeforeTax": 717000000,
    "incomeBeforeTaxRatio": 0.2373386296,
    "incomeTaxExpense": 96000000,
    "netIncome": 600000000,
    "netIncomeRatio": 0.1986097319,
    "eps": 0.49,
    "epsdiluted": 0.49,
    "weightedAverageShsOut": 1218964000,
    "weightedAverageShsOutDil": 1222472000,
    "link": "https://www.sec.gov/Archives/edgar/data/107263/000010726322000030/0000107263-22-000030-index.htm",
    "finalLink": "https://www.sec.gov/Archives/edgar/data/107263/000010726322000030/wmb-20220930.htm"
  },
  {
    "date": "2022-06-30",
    "symbol": "WMB",
    "reportedCurrency": "USD",
    "cik": "0000107263",
    "fillingDate": "2022-08-01",
    "acceptedDate": "2022-08-01 16:20:54",
    "calendarYear": "2022",
    "period": "Q2",
    "revenue": 2490000000,
    "costOfRevenue": 1403000000,
    "grossProfit": 1087000000,
    "grossProfitRatio": 0.4365461847,
    "researchAndDevelopmentExpenses": 0,
    "generalAndAdministrativeExpenses": 0,
    "sellingAndMarketingExpenses": 0,
    "sellingGeneralAndAdministrativeExpenses": 160000000,
    "otherExpenses": 455000000,
    "operatingExpenses": 615000000,
    "costAndExpenses": 2018000000,
    "interestIncome": 0,
    "interestExpense": 281000000,
    "depreciationAndAmortization": 506000000,
    "ebitda": 1149000000,
    "ebitdaratio": 0.4614457831,
    "operatingIncome": 472000000,
    "operatingIncomeRatio": 0.1895582329,
    "totalOtherIncomeExpensesNet": -110000000,
    "incomeBeforeTax": 362000000,
    "incomeBeforeTaxRatio": 0.1453815261,
    "incomeTaxExpense": -45000000,
    "netIncome": 400000000,
    "netIncomeRatio": 0.1606425703,
    "eps": 0.33,
    "epsdiluted": 0.33,
    "weightedAverageShsOut": 1218678000,
    "weightedAverageShsOutDil": 1222694000,
    "link": "https://www.sec.gov/Archives/edgar/data/107263/000010726322000024/0000107263-22-000024-index.htm",
    "finalLink": "https://www.sec.gov/Archives/edgar/data/107263/000010726322000024/wmb-20220630.htm"
  },
  {
    "date": "2022-03-31",
    "symbol": "WMB",
    "reportedCurrency": "USD",
    "cik": "0000107263",
    "fillingDate": "2022-05-02",
    "acceptedDate": "2022-05-02 16:28:55",
    "calendarYear": "2022",
    "period": "Q1",
    "revenue": 2524000000,
    "costOfRevenue": 1331000000,
    "grossProfit": 1193000000,
    "grossProfitRatio": 0.4726624406,
    "researchAndDevelopmentExpenses": 0,
    "generalAndAdministrativeExpenses": 0,
    "sellingAndMarketingExpenses": 0,
    "sellingGeneralAndAdministrativeExpenses": 154000000,
    "otherExpenses": 385000000,
    "operatingExpenses": 539000000,
    "costAndExpenses": 1870000000,
    "interestIncome": 0,
    "interestExpense": 286000000,
    "depreciationAndAmortization": 498000000,
    "ebitda": 1294000000,
    "ebitdaratio": 0.5126782884,
    "operatingIncome": 654000000,
    "operatingIncomeRatio": 0.2591125198,
    "totalOtherIncomeExpensesNet": -144000000,
    "incomeBeforeTax": 510000000,
    "incomeBeforeTaxRatio": 0.2020602219,
    "incomeTaxExpense": 118000000,
    "netIncome": 380000000,
    "netIncomeRatio": 0.1505546751,
    "eps": 0.31,
    "epsdiluted": 0.31,
    "weightedAverageShsOut": 1216940000,
    "weightedAverageShsOutDil": 1221279000,
    "link": "https://www.sec.gov/Archives/edgar/data/107263/000010726322000014/0000107263-22-000014-index.htm",
    "finalLink": "https://www.sec.gov/Archives/edgar/data/107263/000010726322000014/wmb-20220331.htm"
  },
  {
    "date": "2021-12-31",
    "symbol": "WMB",
    "reportedCurrency": "USD",
    "cik": "0000107263",
    "fillingDate": "2022-02-28",
    "acceptedDate": "2022-02-28 16:11:30",
    "calendarYear": "2021",
    "period": "Q4",
    "revenue": 3257000000,
    "costOfRevenue": 1747000000,
    "grossProfit": 1510000000,
    "grossProfitRatio": 0.4636168253,
    "researchAndDevelopmentExpenses": 0,
    "generalAndAdministrativeExpenses": 0,
    "sellingAndMarketingExpenses": 0,
    "sellingGeneralAndAdministrativeExpenses": 169000000,
    "otherExpenses": 404000000,
    "operatingExpenses": 573000000,
    "costAndExpenses": 2320000000,
    "interestIncome": 0,
    "interestExpense": 295000000,
    "depreciationAndAmortization": 454000000,
    "ebitda": 1579000000,
    "ebitdaratio": 0.484801965,
    "operatingIncome": 937000000,
    "operatingIncomeRatio": 0.2876880565,
    "totalOtherIncomeExpensesNet": -107000000,
    "incomeBeforeTax": 830000000,
    "incomeBeforeTaxRatio": 0.2548357384,
    "incomeTaxExpense": 198000000,
    "netIncome": 622000000,
    "netIncomeRatio": 0.1909732883,
    "eps": 0.52,
    "epsdiluted": 0.52,
    "weightedAverageShsOut": 1215434000,
    "weightedAverageShsOutDil": 1217979000,
    "link": "https://www.sec.gov/Archives/edgar/data/107263/000010726322000007/0000107263-22-000007-index.htm",
    "finalLink": "https://www.sec.gov/Archives/edgar/data/107263/000010726322000007/wmb-20211231.htm"
  },
  {
    "date": "2021-09-30",
    "symbol": "WMB",
    "reportedCurrency": "USD",
    "cik": "0000107263",
    "fillingDate": "2021-11-01",
    "acceptedDate": "2021-11-01 16:30:22",
    "calendarYear": "2021",
    "period": "Q3",
    "revenue": 2475000000,
    "costOfRevenue": 1558000000,
    "grossProfit": 917000000,
    "grossProfitRatio": 0.3705050505,
    "researchAndDevelopmentExpenses": 0,
    "generalAndAdministrativeExpenses": 0,
    "sellingAndMarketingExpenses": 0,
    "sellingGeneralAndAdministrativeExpenses": 152000000,
    "otherExpenses": 410000000,
    "operatingExpenses": 562000000,
    "costAndExpenses": 2120000000,
    "interestIncome": 0,
    "interestExpense": 292000000,
    "depreciationAndAmortization": 487000000,
    "ebitda": 1005000000,
    "ebitdaratio": 0.4060606061,
    "operatingIncome": 355000000,
    "operatingIncomeRatio": 0.1434343434,
    "totalOtherIncomeExpensesNet": -129000000,
    "incomeBeforeTax": 226000000,
    "incomeBeforeTaxRatio": 0.0913131313,
    "incomeTaxExpense": 53000000,
    "netIncome": 165000000,
    "netIncomeRatio": 0.0666666667,
    "eps": 0.14,
    "epsdiluted": 0.13,
    "weightedAverageShsOut": 1215434000,
    "weightedAverageShsOutDil": 1217979000,
    "link": "https://www.sec.gov/Archives/edgar/data/107263/000010726321000027/0000107263-21-000027-index.htm",
    "finalLink": "https://www.sec.gov/Archives/edgar/data/107263/000010726321000027/wmb-20210930.htm"
  },
  {
    "date": "2021-06-30",
    "symbol": "WMB",
    "reportedCurrency": "USD",
    "cik": "0000107263",
    "fillingDate": "2021-08-02",
    "acceptedDate": "2021-08-02 16:24:43",
    "calendarYear": "2021",
    "period": "Q2",
    "revenue": 2283000000,
    "costOfRevenue": 1178000000,
    "grossProfit": 1105000000,
    "grossProfitRatio": 0.4840122646,
    "researchAndDevelopmentExpenses": 0,
    "generalAndAdministrativeExpenses": 0,
    "sellingAndMarketingExpenses": 0,
    "sellingGeneralAndAdministrativeExpenses": 114000000,
    "otherExpenses": 391000000,
    "operatingExpenses": 505000000,
    "costAndExpenses": 1683000000,
    "interestIncome": 0,
    "interestExpense": 298000000,
    "depreciationAndAmortization": 463000000,
    "ebitda": 1202000000,
    "ebitdaratio": 0.526500219,
    "operatingIncome": 600000000,
    "operatingIncomeRatio": 0.2628120894,
    "totalOtherIncomeExpensesNet": -159000000,
    "incomeBeforeTax": 441000000,
    "incomeBeforeTaxRatio": 0.1931668857,
    "incomeTaxExpense": 119000000,
    "netIncome": 304000000,
    "netIncomeRatio": 0.1331581253,
    "eps": 0.25,
    "epsdiluted": 0.25,
    "weightedAverageShsOut": 1215250000,
    "weightedAverageShsOutDil": 1217476000,
    "link": "https://www.sec.gov/Archives/edgar/data/107263/000010726321000021/0000107263-21-000021-index.htm",
    "finalLink": "https://www.sec.gov/Archives/edgar/data/107263/000010726321000021/wmb-20210630.htm"
  },
  {
    "date": "2021-03-31",
    "symbol": "WMB",
    "reportedCurrency": "USD",
    "cik": "0000107263",
    "fillingDate": "2021-05-03",
    "acceptedDate": "2021-05-03 16:23:55",
    "calendarYear": "2021",
    "period": "Q1",
    "revenue": 2612000000,
    "costOfRevenue": 1391000000,
    "grossProfit": 1221000000,
    "grossProfitRatio": 0.4674578867,
    "researchAndDevelopmentExpenses": 0,
    "generalAndAdministrativeExpenses": 0,
    "sellingAndMarketingExpenses": 0,
    "sellingGeneralAndAdministrativeExpenses": 123000000,
    "otherExpenses": 359000000,
    "operatingExpenses": 482000000,
    "costAndExpenses": 1873000000,
    "interestIncome": 0,
    "interestExpense": 294000000,
    "depreciationAndAmortization": 438000000,
    "ebitda": 1308000000,
    "ebitdaratio": 0.5007656968,
    "operatingIncome": 739000000,
    "operatingIncomeRatio": 0.2829249617,
    "totalOtherIncomeExpensesNet": -163000000,
    "incomeBeforeTax": 576000000,
    "incomeBeforeTaxRatio": 0.2205206738,
    "incomeTaxExpense": 141000000,
    "netIncome": 426000000,
    "netIncomeRatio": 0.163093415,
    "eps": 0.35,
    "epsdiluted": 0.35,
    "weightedAverageShsOut": 1214646000,
    "weightedAverageShsOutDil": 1217211000,
    "link": "https://www.sec.gov/Archives/edgar/data/107263/000010726321000012/0000107263-21-000012-index.htm",
    "finalLink": "https://www.sec.gov/Archives/edgar/data/107263/000010726321000012/wmb-20210331.htm"
  },
  {
    "date": "2020-12-31",
    "symbol": "WMB",
    "reportedCurrency": "USD",
    "cik": "0000107263",
    "fillingDate": "2021-02-24",
    "acceptedDate": "2021-02-24 16:03:07",
    "calendarYear": "2020",
    "period": "Q4",
    "revenue": 2092000000,
    "costOfRevenue": 953000000,
    "grossProfit": 1139000000,
    "grossProfitRatio": 0.5444550669,
    "researchAndDevelopmentExpenses": 0,
    "generalAndAdministrativeExpenses": 0,
    "sellingAndMarketingExpenses": 0,
    "sellingGeneralAndAdministrativeExpenses": 112000000,
    "otherExpenses": 509000000,
    "operatingExpenses": 621000000,
    "costAndExpenses": 1574000000,
    "interestIncome": 0,
    "interestExpense": 290000000,
    "depreciationAndAmortization": 436000000,
    "ebitda": 911000000,
    "ebitdaratio": 0.4354684512,
    "operatingIncome": 518000000,
    "operatingIncomeRatio": 0.2476099426,
    "totalOtherIncomeExpensesNet": -333000000,
    "incomeBeforeTax": 185000000,
    "incomeBeforeTaxRatio": 0.0884321224,
    "incomeTaxExpense": 55000000,
    "netIncome": 116000000,
    "netIncomeRatio": 0.0554493308,
    "eps": 0.085,
    "epsdiluted": 0.085,
    "weightedAverageShsOut": 1214646000,
    "weightedAverageShsOutDil": 1217211000,
    "link": "https://www.sec.gov/Archives/edgar/data/107263/000010726321000006/0000107263-21-000006-index.htm",
    "finalLink": "https://www.sec.gov/Archives/edgar/data/107263/000010726321000006/wmb-20201231.htm"
  },
  {
    "date": "2020-09-30",
    "symbol": "WMB",
    "reportedCurrency": "USD",
    "cik": "0000107263",
    "fillingDate": "2020-11-02",
    "acceptedDate": "2020-11-02 16:37:42",
    "calendarYear": "2020",
    "period": "Q3",
    "revenue": 1933000000,
    "costOfRevenue": 827000000,
    "grossProfit": 1106000000,
    "grossProfitRatio": 0.5721676151,
    "researchAndDevelopmentExpenses": 0,
    "generalAndAdministrativeExpenses": 0,
    "sellingAndMarketingExpenses": 0,
    "sellingGeneralAndAdministrativeExpenses": 114000000,
    "otherExpenses": 351000000,
    "operatingExpenses": 465000000,
    "costAndExpenses": 1292000000,
    "interestIncome": 0,
    "interestExpense": 292000000,
    "depreciationAndAmortization": 426000000,
    "ebitda": 1152000000,
    "ebitdaratio": 0.5959648215,
    "operatingIncome": 641000000,
    "operatingIncomeRatio": 0.3316088981,
    "totalOtherIncomeExpensesNet": -207000000,
    "incomeBeforeTax": 434000000,
    "incomeBeforeTaxRatio": 0.2245214692,
    "incomeTaxExpense": 111000000,
    "netIncome": 309000000,
    "netIncomeRatio": 0.1598551474,
    "eps": 0.25,
    "epsdiluted": 0.25,
    "weightedAverageShsOut": 1213912000,
    "weightedAverageShsOutDil": 1215335000,
    "link": "https://www.sec.gov/Archives/edgar/data/107263/000010726320000034/0000107263-20-000034-index.htm",
    "finalLink": "https://www.sec.gov/Archives/edgar/data/107263/000010726320000034/wmb-20200930.htm"
  },
  {
    "date": "2020-06-30",
    "symbol": "WMB",
    "reportedCurrency": "USD",
    "cik": "0000107263",
    "fillingDate": "2020-08-03",
    "acceptedDate": "2020-08-03 16:52:10",
    "calendarYear": "2020",
    "period": "Q2",
    "revenue": 1781000000,
    "costOfRevenue": 716000000,
    "grossProfit": 1065000000,
    "grossProfitRatio": 0.5979786637,
    "researchAndDevelopmentExpenses": 0,
    "generalAndAdministrativeExpenses": 0,
    "sellingAndMarketingExpenses": 0,
    "sellingGeneralAndAdministrativeExpenses": 127000000,
    "otherExpenses": 326000000,
    "operatingExpenses": 453000000,
    "costAndExpenses": 1169000000,
    "interestIncome": 0,
    "interestExpense": 294000000,
    "depreciationAndAmortization": 430000000,
    "ebitda": 1156000000,
    "ebitdaratio": 0.6490735542,
    "operatingIncome": 612000000,
    "operatingIncomeRatio": 0.3436271757,
    "totalOtherIncomeExpensesNet": -180000000,
    "incomeBeforeTax": 432000000,
    "incomeBeforeTaxRatio": 0.2425603593,
    "incomeTaxExpense": 117000000,
    "netIncome": 303000000,
    "netIncomeRatio": 0.1701291409,
    "eps": 0.25,
    "epsdiluted": 0.25,
    "weightedAverageShsOut": 1213601000,
    "weightedAverageShsOutDil": 1214581000,
    "link": "https://www.sec.gov/Archives/edgar/data/107263/000010726320000027/0000107263-20-000027-index.htm",
    "finalLink": "https://www.sec.gov/Archives/edgar/data/107263/000010726320000027/wmb2020063010q.htm"
  },
  {
    "date": "2020-03-31",
    "symbol": "WMB",
    "reportedCurrency": "USD",
    "cik": "0000107263",
    "fillingDate": "2020-05-04",
    "acceptedDate": "2020-05-04 16:43:44",
    "calendarYear": "2020",
    "period": "Q1",
    "revenue": 1913000000,
    "costOfRevenue": 838000000,
    "grossProfit": 1075000000,
    "grossProfitRatio": 0.5619445896,
    "researchAndDevelopmentExpenses": 0,
    "generalAndAdministrativeExpenses": 0,
    "sellingAndMarketingExpenses": 0,
    "sellingGeneralAndAdministrativeExpenses": 113000000,
    "otherExpenses": 531000000,
    "operatingExpenses": 644000000,
    "costAndExpenses": 1482000000,
    "interestIncome": 0,
    "interestExpense": 296000000,
    "depreciationAndAmortization": 429000000,
    "ebitda": -49000000,
    "ebitdaratio": -0.0256142185,
    "operatingIncome": 431000000,
    "operatingIncomeRatio": 0.225300575,
    "totalOtherIncomeExpensesNet": -1205000000,
    "incomeBeforeTax": -774000000,
    "incomeBeforeTaxRatio": -0.4046001045,
    "incomeTaxExpense": -204000000,
    "netIncome": -517000000,
    "netIncomeRatio": -0.2702561422,
    "eps": -0.43,
    "epsdiluted": -0.43,
    "weightedAverageShsOut": 1204651162,
    "weightedAverageShsOutDil": 1213019000,
    "link": "https://www.sec.gov/Archives/edgar/data/107263/000010726320000016/0000107263-20-000016-index.htm",
    "finalLink": "https://www.sec.gov/Archives/edgar/data/107263/000010726320000016/wmb2020033110q.htm"
  },
  {
    "date": "2019-12-31",
    "symbol": "WMB",
    "reportedCurrency": "USD",
    "cik": "0000107263",
    "fillingDate": "2020-02-24",
    "acceptedDate": "2020-02-24 16:18:43",
    "calendarYear": "2019",
    "period": "Q4",
    "revenue": 2107000000,
    "costOfRevenue": 980000000,
    "grossProfit": 1127000000,
    "grossProfitRatio": 0.5348837209,
    "researchAndDevelopmentExpenses": 0,
    "generalAndAdministrativeExpenses": 0,
    "sellingAndMarketingExpenses": 0,
    "sellingGeneralAndAdministrativeExpenses": 148000000,
    "otherExpenses": 745000000,
    "operatingExpenses": 893000000,
    "costAndExpenses": 1873000000,
    "interestIncome": 0,
    "interestExpense": 298000000,
    "depreciationAndAmortization": 439000000,
    "ebitda": 777000000,
    "ebitdaratio": 0.3687707641,
    "operatingIncome": 234000000,
    "operatingIncomeRatio": 0.1110583768,
    "totalOtherIncomeExpensesNet": -194000000,
    "incomeBeforeTax": 40000000,
    "incomeBeforeTaxRatio": 0.0189843379,
    "incomeTaxExpense": 91000000,
    "netIncome": 124000000,
    "netIncomeRatio": 0.0588514476,
    "eps": 0.1,
    "epsdiluted": 0.1,
    "weightedAverageShsOut": 1212334000,
    "weightedAverageShsOutDil": 1213019000,
    "link": "https://www.sec.gov/Archives/edgar/data/107263/000010726320000005/0000107263-20-000005-index.htm",
    "finalLink": "https://www.sec.gov/Archives/edgar/data/107263/000010726320000005/wmb2019123110k.htm"
  },
  {
    "date": "2019-09-30",
    "symbol": "WMB",
    "reportedCurrency": "USD",
    "cik": "0000107263",
    "fillingDate": "2019-10-31",
    "acceptedDate": "2019-10-31 08:40:33",
    "calendarYear": "2019",
    "period": "Q3",
    "revenue": 1999000000,
    "costOfRevenue": 888000000,
    "grossProfit": 1111000000,
    "grossProfitRatio": 0.5557778889,
    "researchAndDevelopmentExpenses": 0,
    "generalAndAdministrativeExpenses": 0,
    "sellingAndMarketingExpenses": 0,
    "sellingGeneralAndAdministrativeExpenses": 130000000,
    "otherExpenses": 353000000,
    "operatingExpenses": 483000000,
    "costAndExpenses": 1371000000,
    "interestIncome": 0,
    "interestExpense": 296000000,
    "depreciationAndAmortization": 435000000,
    "ebitda": 1050000000,
    "ebitdaratio": 0.5252626313,
    "operatingIncome": 628000000,
    "operatingIncomeRatio": 0.3141570785,
    "totalOtherIncomeExpensesNet": -309000000,
    "incomeBeforeTax": 319000000,
    "incomeBeforeTaxRatio": 0.1595797899,
    "incomeTaxExpense": 77000000,
    "netIncome": 221000000,
    "netIncomeRatio": 0.1105552776,
    "eps": 0.18,
    "epsdiluted": 0.18,
    "weightedAverageShsOut": 1212270000,
    "weightedAverageShsOutDil": 1214165000,
    "link": "https://www.sec.gov/Archives/edgar/data/107263/000010726319000030/0000107263-19-000030-index.htm",
    "finalLink": "https://www.sec.gov/Archives/edgar/data/107263/000010726319000030/wmb2019093010q.htm"
  },
  {
    "date": "2019-06-30",
    "symbol": "WMB",
    "reportedCurrency": "USD",
    "cik": "0000107263",
    "fillingDate": "2019-08-01",
    "acceptedDate": "2019-08-01 08:43:58",
    "calendarYear": "2019",
    "period": "Q2",
    "revenue": 2041000000,
    "costOfRevenue": 931000000,
    "grossProfit": 1110000000,
    "grossProfitRatio": 0.5438510534,
    "researchAndDevelopmentExpenses": 0,
    "generalAndAdministrativeExpenses": 0,
    "sellingAndMarketingExpenses": 0,
    "sellingGeneralAndAdministrativeExpenses": 152000000,
    "otherExpenses": 460000000,
    "operatingExpenses": 612000000,
    "costAndExpenses": 1543000000,
    "interestIncome": 0,
    "interestExpense": 296000000,
    "depreciationAndAmortization": 424000000,
    "ebitda": 1142000000,
    "ebitdaratio": 0.5595296423,
    "operatingIncome": 498000000,
    "operatingIncomeRatio": 0.2439980402,
    "totalOtherIncomeExpensesNet": -76000000,
    "incomeBeforeTax": 422000000,
    "incomeBeforeTaxRatio": 0.2067613915,
    "incomeTaxExpense": 98000000,
    "netIncome": 310000000,
    "netIncomeRatio": 0.1518863302,
    "eps": 0.26,
    "epsdiluted": 0.26,
    "weightedAverageShsOut": 1212045000,
    "weightedAverageShsOutDil": 1214065000,
    "link": "https://www.sec.gov/Archives/edgar/data/107263/000010726319000024/0000107263-19-000024-index.htm",
    "finalLink": "https://www.sec.gov/Archives/edgar/data/107263/000010726319000024/wmb2019063010q.htm"
  },
  {
    "date": "2019-03-31",
    "symbol": "WMB",
    "reportedCurrency": "USD",
    "cik": "0000107263",
    "fillingDate": "2019-05-02",
    "acceptedDate": "2019-05-02 08:38:10",
    "calendarYear": "2019",
    "period": "Q1",
    "revenue": 2054000000,
    "costOfRevenue": 981000000,
    "grossProfit": 1073000000,
    "grossProfitRatio": 0.5223953262,
    "researchAndDevelopmentExpenses": 0,
    "generalAndAdministrativeExpenses": 0,
    "sellingAndMarketingExpenses": 0,
    "sellingGeneralAndAdministrativeExpenses": 128000000,
    "otherExpenses": 384000000,
    "operatingExpenses": 512000000,
    "costAndExpenses": 1493000000,
    "interestIncome": 0,
    "interestExpense": 296000000,
    "depreciationAndAmortization": 416000000,
    "ebitda": 995000000,
    "ebitdaratio": 0.4844206426,
    "operatingIncome": 561000000,
    "operatingIncomeRatio": 0.2731256086,
    "totalOtherIncomeExpensesNet": -278000000,
    "incomeBeforeTax": 283000000,
    "incomeBeforeTaxRatio": 0.1377799416,
    "incomeTaxExpense": 69000000,
    "netIncome": 195000000,
    "netIncomeRatio": 0.0949367089,
    "eps": 0.16,
    "epsdiluted": 0.16,
    "weightedAverageShsOut": 1211489000,
    "weightedAverageShsOutDil": 1213592000,
    "link": "https://www.sec.gov/Archives/edgar/data/107263/000010726319000014/0000107263-19-000014-index.htm",
    "finalLink": "https://www.sec.gov/Archives/edgar/data/107263/000010726319000014/wmb2019033110q.htm"
  },
  {
    "date": "2018-12-31",
    "symbol": "WMB",
    "reportedCurrency": "USD",
    "cik": "0000107263",
    "fillingDate": "2019-02-21",
    "acceptedDate": "2019-02-21 08:42:08",
    "calendarYear": "2018",
    "period": "Q4",
    "revenue": 2204000000,
    "costOfRevenue": 1149000000,
    "grossProfit": 1055000000,
    "grossProfitRatio": 0.4786751361,
    "researchAndDevelopmentExpenses": 0,
    "generalAndAdministrativeExpenses": 0,
    "sellingAndMarketingExpenses": 0,
    "sellingGeneralAndAdministrativeExpenses": 133000000,
    "otherExpenses": 1556000000,
    "operatingExpenses": 1689000000,
    "costAndExpenses": 2838000000,
    "interestIncome": 0,
    "interestExpense": 294000000,
    "depreciationAndAmortization": 435000000,
    "ebitda": 24000000,
    "ebitdaratio": 0.0108892922,
    "operatingIncome": -634000000,
    "operatingIncomeRatio": -0.2876588022,
    "totalOtherIncomeExpensesNet": -71000000,
    "incomeBeforeTax": -705000000,
    "incomeBeforeTaxRatio": -0.3198729583,
    "incomeTaxExpense": -159000000,
    "netIncome": -571000000,
    "netIncomeRatio": -0.2590744102,
    "eps": -0.47,
    "epsdiluted": -0.47,
    "weightedAverageShsOut": 1210564000,
    "weightedAverageShsOutDil": 1210780000,
    "link": "https://www.sec.gov/Archives/edgar/data/107263/000010726319000007/0000107263-19-000007-index.htm",
    "finalLink": "https://www.sec.gov/Archives/edgar/data/107263/000010726319000007/wmb_20181231x10k.htm"
  },
  {
    "date": "2018-09-30",
    "symbol": "WMB",
    "reportedCurrency": "USD",
    "cik": "0000107263",
    "fillingDate": "2018-11-01",
    "acceptedDate": "2018-11-01 08:40:08",
    "calendarYear": "2018",
    "period": "Q3",
    "revenue": 2303000000,
    "costOfRevenue": 1245000000,
    "grossProfit": 1058000000,
    "grossProfitRatio": 0.4594007816,
    "researchAndDevelopmentExpenses": 0,
    "generalAndAdministrativeExpenses": 0,
    "sellingAndMarketingExpenses": 0,
    "sellingGeneralAndAdministrativeExpenses": 174000000,
    "otherExpenses": 383000000,
    "operatingExpenses": 557000000,
    "costAndExpenses": 1802000000,
    "interestIncome": 0,
    "interestExpense": 270000000,
    "depreciationAndAmortization": 425000000,
    "ebitda": 1085000000,
    "ebitdaratio": 0.4711246201,
    "operatingIncome": 501000000,
    "operatingIncomeRatio": 0.2175423361,
    "totalOtherIncomeExpensesNet": -111000000,
    "incomeBeforeTax": 390000000,
    "incomeBeforeTaxRatio": 0.1693443335,
    "incomeTaxExpense": 190000000,
    "netIncome": 129000000,
    "netIncomeRatio": 0.0560138949,
    "eps": 0.13,
    "epsdiluted": 0.13,
    "weightedAverageShsOut": 1023587000,
    "weightedAverageShsOutDil": 1026504000,
    "link": "https://www.sec.gov/Archives/edgar/data/107263/000010726318000030/0000107263-18-000030-index.htm",
    "finalLink": "https://www.sec.gov/Archives/edgar/data/107263/000010726318000030/wmb_20180930x10q.htm"
  },
  {
    "date": "2018-06-30",
    "symbol": "WMB",
    "reportedCurrency": "USD",
    "cik": "0000107263",
    "fillingDate": "2018-08-02",
    "acceptedDate": "2018-08-02 08:38:06",
    "calendarYear": "2018",
    "period": "Q2",
    "revenue": 2091000000,
    "costOfRevenue": 1096000000,
    "grossProfit": 995000000,
    "grossProfitRatio": 0.4758488761,
    "researchAndDevelopmentExpenses": 0,
    "generalAndAdministrativeExpenses": 0,
    "sellingAndMarketingExpenses": 0,
    "sellingGeneralAndAdministrativeExpenses": 130000000,
    "otherExpenses": 455000000,
    "operatingExpenses": 585000000,
    "costAndExpenses": 1681000000,
    "interestIncome": 0,
    "interestExpense": 275000000,
    "depreciationAndAmortization": 434000000,
    "ebitda": 1030000000,
    "ebitdaratio": 0.4925872788,
    "operatingIncome": 410000000,
    "operatingIncomeRatio": 0.1960784314,
    "totalOtherIncomeExpensesNet": -89000000,
    "incomeBeforeTax": 321000000,
    "incomeBeforeTaxRatio": 0.1535150646,
    "incomeTaxExpense": 52000000,
    "netIncome": 135000000,
    "netIncomeRatio": 0.0645624103,
    "eps": 0.16,
    "epsdiluted": 0.16,
    "weightedAverageShsOut": 827868000,
    "weightedAverageShsOutDil": 830107000,
    "link": "https://www.sec.gov/Archives/edgar/data/107263/000010726318000024/0000107263-18-000024-index.htm",
    "finalLink": "https://www.sec.gov/Archives/edgar/data/107263/000010726318000024/wmb_20180630x10q.htm"
  },
  {
    "date": "2018-03-31",
    "symbol": "WMB",
    "reportedCurrency": "USD",
    "cik": "0000107263",
    "fillingDate": "2018-05-03",
    "acceptedDate": "2018-05-03 08:37:23",
    "calendarYear": "2018",
    "period": "Q1",
    "revenue": 2088000000,
    "costOfRevenue": 1079000000,
    "grossProfit": 1009000000,
    "grossProfitRatio": 0.4832375479,
    "researchAndDevelopmentExpenses": 0,
    "generalAndAdministrativeExpenses": 0,
    "sellingAndMarketingExpenses": 0,
    "sellingGeneralAndAdministrativeExpenses": 132000000,
    "otherExpenses": 386000000,
    "operatingExpenses": 518000000,
    "costAndExpenses": 1597000000,
    "interestIncome": 0,
    "interestExpense": 273000000,
    "depreciationAndAmortization": 431000000,
    "ebitda": 1029000000,
    "ebitdaratio": 0.492816092,
    "operatingIncome": 491000000,
    "operatingIncomeRatio": 0.2351532567,
    "totalOtherIncomeExpensesNet": -166000000,
    "incomeBeforeTax": 325000000,
    "incomeBeforeTaxRatio": 0.155651341,
    "incomeTaxExpense": 55000000,
    "netIncome": 152000000,
    "netIncomeRatio": 0.0727969349,
    "eps": 0.18,
    "epsdiluted": 0.18,
    "weightedAverageShsOut": 827509000,
    "weightedAverageShsOutDil": 830197000,
    "link": "https://www.sec.gov/Archives/edgar/data/107263/000010726318000013/0000107263-18-000013-index.htm",
    "finalLink": "https://www.sec.gov/Archives/edgar/data/107263/000010726318000013/wmb_20180331x10q.htm"
  },
  {
    "date": "2017-12-31",
    "symbol": "WMB",
    "reportedCurrency": "USD",
    "cik": "0000107263",
    "fillingDate": "2018-02-22",
    "acceptedDate": "2018-02-22 08:40:25",
    "calendarYear": "2017",
    "period": "Q4",
    "revenue": 2228000000,
    "costOfRevenue": 1108000000,
    "grossProfit": 1120000000,
    "grossProfitRatio": 0.5026929982,
    "researchAndDevelopmentExpenses": 0,
    "generalAndAdministrativeExpenses": 0,
    "sellingAndMarketingExpenses": 0,
    "sellingGeneralAndAdministrativeExpenses": 156000000,
    "otherExpenses": 1151000000,
    "operatingExpenses": 1307000000,
    "costAndExpenses": 2415000000,
    "interestIncome": 0,
    "interestExpense": 265000000,
    "depreciationAndAmortization": 428000000,
    "ebitda": 215000000,
    "ebitdaratio": 0.0964991023,
    "operatingIncome": -187000000,
    "operatingIncomeRatio": -0.0839317774,
    "totalOtherIncomeExpensesNet": -291000000,
    "incomeBeforeTax": -478000000,
    "incomeBeforeTaxRatio": -0.2145421903,
    "incomeTaxExpense": -2100000000,
    "netIncome": 1687000000,
    "netIncomeRatio": 0.7571813285,
    "eps": 2.04,
    "epsdiluted": 2.03,
    "weightedAverageShsOut": 826000000,
    "weightedAverageShsOutDil": 829607000,
    "link": "https://www.sec.gov/Archives/edgar/data/107263/000010726318000006/0000107263-18-000006-index.htm",
    "finalLink": "https://www.sec.gov/Archives/edgar/data/107263/000010726318000006/wmb_20171231x10k.htm"
  },
  {
    "date": "2017-09-30",
    "symbol": "WMB",
    "reportedCurrency": "USD",
    "cik": "0000107263",
    "fillingDate": "2017-11-02",
    "acceptedDate": "2017-11-02 08:35:43",
    "calendarYear": "2017",
    "period": "Q3",
    "revenue": 1891000000,
    "costOfRevenue": 937000000,
    "grossProfit": 954000000,
    "grossProfitRatio": 0.5044949762,
    "researchAndDevelopmentExpenses": 0,
    "generalAndAdministrativeExpenses": 0,
    "sellingAndMarketingExpenses": 0,
    "sellingGeneralAndAdministrativeExpenses": 138000000,
    "otherExpenses": 542000000,
    "operatingExpenses": 680000000,
    "costAndExpenses": 1617000000,
    "interestIncome": 0,
    "interestExpense": 267000000,
    "depreciationAndAmortization": 433000000,
    "ebitda": 849000000,
    "ebitdaratio": 0.4489687996,
    "operatingIncome": 274000000,
    "operatingIncomeRatio": 0.14489688,
    "totalOtherIncomeExpensesNet": -125000000,
    "incomeBeforeTax": 149000000,
    "incomeBeforeTaxRatio": 0.0787942887,
    "incomeTaxExpense": 24000000,
    "netIncome": 33000000,
    "netIncomeRatio": 0.0174510841,
    "eps": 0.04,
    "epsdiluted": 0.04,
    "weightedAverageShsOut": 826000000,
    "weightedAverageShsOutDil": 829368000,
    "link": "https://www.sec.gov/Archives/edgar/data/107263/000010726317000022/0000107263-17-000022-index.htm",
    "finalLink": "https://www.sec.gov/Archives/edgar/data/107263/000010726317000022/wmb_20170930x10q.htm"
  },
  {
    "date": "2017-06-30",
    "symbol": "WMB",
    "reportedCurrency": "USD",
    "cik": "0000107263",
    "fillingDate": "2017-08-03",
    "acceptedDate": "2017-08-03 07:40:08",
    "calendarYear": "2017",
    "period": "Q2",
    "revenue": 1924000000,
    "costOfRevenue": 970000000,
    "grossProfit": 954000000,
    "grossProfitRatio": 0.4958419958,
    "researchAndDevelopmentExpenses": 0,
    "generalAndAdministrativeExpenses": 0,
    "sellingAndMarketingExpenses": 0,
    "sellingGeneralAndAdministrativeExpenses": 153000000,
    "otherExpenses": 423000000,
    "operatingExpenses": 576000000,
    "costAndExpenses": 1546000000,
    "interestIncome": 0,
    "interestExpense": 271000000,
    "depreciationAndAmortization": 433000000,
    "ebitda": 962000000,
    "ebitdaratio": 0.5,
    "operatingIncome": 378000000,
    "operatingIncomeRatio": 0.1964656965,
    "totalOtherIncomeExpensesNet": -120000000,
    "incomeBeforeTax": 258000000,
    "incomeBeforeTaxRatio": 0.1340956341,
    "incomeTaxExpense": 65000000,
    "netIncome": 81000000,
    "netIncomeRatio": 0.0420997921,
    "eps": 0.0981,
    "epsdiluted": 0.0981,
    "weightedAverageShsOut": 826000000,
    "weightedAverageShsOutDil": 828575000,
    "link": "https://www.sec.gov/Archives/edgar/data/107263/000010726317000015/0000107263-17-000015-index.htm",
    "finalLink": "https://www.sec.gov/Archives/edgar/data/107263/000010726317000015/wmb_20170630x10q.htm"
  },
  {
    "date": "2017-03-31",
    "symbol": "WMB",
    "reportedCurrency": "USD",
    "cik": "0000107263",
    "fillingDate": "2017-05-04",
    "acceptedDate": "2017-05-04 08:40:15",
    "calendarYear": "2017",
    "period": "Q1",
    "revenue": 1988000000,
    "costOfRevenue": 1021000000,
    "grossProfit": 967000000,
    "grossProfitRatio": 0.4864185111,
    "researchAndDevelopmentExpenses": 0,
    "generalAndAdministrativeExpenses": 0,
    "sellingAndMarketingExpenses": 0,
    "sellingGeneralAndAdministrativeExpenses": 161000000,
    "otherExpenses": 376000000,
    "operatingExpenses": 537000000,
    "costAndExpenses": 1558000000,
    "interestIncome": 0,
    "interestExpense": 280000000,
    "depreciationAndAmortization": 442000000,
    "ebitda": 1328000000,
    "ebitdaratio": 0.6680080483,
    "operatingIncome": 430000000,
    "operatingIncomeRatio": 0.2162977867,
    "totalOtherIncomeExpensesNet": 176000000,
    "incomeBeforeTax": 606000000,
    "incomeBeforeTaxRatio": 0.3048289738,
    "incomeTaxExpense": 37000000,
    "netIncome": 373000000,
    "netIncomeRatio": 0.1876257545,
    "eps": 0.45,
    "epsdiluted": 0.45,
    "weightedAverageShsOut": 824548000,
    "weightedAverageShsOutDil": 826476000,
    "link": "https://www.sec.gov/Archives/edgar/data/107263/000010726317000006/0000107263-17-000006-index.htm",
    "finalLink": "https://www.sec.gov/Archives/edgar/data/107263/000010726317000006/wmb_20170331x10q.htm"
  },
  {
    "date": "2016-12-31",
    "symbol": "WMB",
    "reportedCurrency": "USD",
    "cik": "0000107263",
    "fillingDate": "2017-02-22",
    "acceptedDate": "2017-02-22 09:11:36",
    "calendarYear": "2016",
    "period": "Q4",
    "revenue": 2198000000,
    "costOfRevenue": 982000000,
    "grossProfit": 1216000000,
    "grossProfitRatio": 0.5532302093,
    "researchAndDevelopmentExpenses": 0,
    "generalAndAdministrativeExpenses": 0,
    "sellingAndMarketingExpenses": 0,
    "sellingGeneralAndAdministrativeExpenses": 167000000,
    "otherExpenses": 468000000,
    "operatingExpenses": 635000000,
    "costAndExpenses": 1617000000,
    "interestIncome": 0,
    "interestExpense": 293000000,
    "depreciationAndAmortization": 437000000,
    "ebitda": 816000000,
    "ebitdaratio": 0.3712465878,
    "operatingIncome": 581000000,
    "operatingIncomeRatio": 0.2643312102,
    "totalOtherIncomeExpensesNet": -495000000,
    "incomeBeforeTax": 86000000,
    "incomeBeforeTaxRatio": 0.0391264786,
    "incomeTaxExpense": 49000000,
    "netIncome": -15000000,
    "netIncomeRatio": -0.0068243858,
    "eps": -0.02,
    "epsdiluted": -0.02,
    "weightedAverageShsOut": 750000000,
    "weightedAverageShsOutDil": 750954000,
    "link": "https://www.sec.gov/Archives/edgar/data/107263/000010726317000003/0000107263-17-000003-index.htm",
    "finalLink": "https://www.sec.gov/Archives/edgar/data/107263/000010726317000003/wmb_20161231x10k.htm"
  },
  {
    "date": "2016-09-30",
    "symbol": "WMB",
    "reportedCurrency": "USD",
    "cik": "0000107263",
    "fillingDate": "2016-10-31",
    "acceptedDate": "2016-10-31 17:19:30",
    "calendarYear": "2016",
    "period": "Q3",
    "revenue": 1905000000,
    "costOfRevenue": 896000000,
    "grossProfit": 1009000000,
    "grossProfitRatio": 0.5296587927,
    "researchAndDevelopmentExpenses": 0,
    "generalAndAdministrativeExpenses": 0,
    "sellingAndMarketingExpenses": 0,
    "sellingGeneralAndAdministrativeExpenses": 177000000,
    "otherExpenses": 487000000,
    "operatingExpenses": 664000000,
    "costAndExpenses": 1560000000,
    "interestIncome": 0,
    "interestExpense": 297000000,
    "depreciationAndAmortization": 435000000,
    "ebitda": 932000000,
    "ebitdaratio": 0.4892388451,
    "operatingIncome": 345000000,
    "operatingIncomeRatio": 0.1811023622,
    "totalOtherIncomeExpensesNet": -145000000,
    "incomeBeforeTax": 200000000,
    "incomeBeforeTaxRatio": 0.1049868766,
    "incomeTaxExpense": 69000000,
    "netIncome": 61000000,
    "netIncomeRatio": 0.0320209974,
    "eps": 0.08,
    "epsdiluted": 0.08,
    "weightedAverageShsOut": 750754000,
    "weightedAverageShsOutDil": 751858000,
    "link": "https://www.sec.gov/Archives/edgar/data/107263/000010726316000036/0000107263-16-000036-index.htm",
    "finalLink": "https://www.sec.gov/Archives/edgar/data/107263/000010726316000036/wmb_20160930x10q.htm"
  },
  {
    "date": "2016-06-30",
    "symbol": "WMB",
    "reportedCurrency": "USD",
    "cik": "0000107263",
    "fillingDate": "2016-08-02",
    "acceptedDate": "2016-08-02 08:38:23",
    "calendarYear": "2016",
    "period": "Q2",
    "revenue": 1736000000,
    "costOfRevenue": 847000000,
    "grossProfit": 889000000,
    "grossProfitRatio": 0.5120967742,
    "researchAndDevelopmentExpenses": 0,
    "generalAndAdministrativeExpenses": 0,
    "sellingAndMarketingExpenses": 0,
    "sellingGeneralAndAdministrativeExpenses": 158000000,
    "otherExpenses": 1219000000,
    "operatingExpenses": 1377000000,
    "costAndExpenses": 2224000000,
    "interestIncome": 0,
    "interestExpense": 298000000,
    "depreciationAndAmortization": 446000000,
    "ebitda": 94000000,
    "ebitdaratio": 0.0541474654,
    "operatingIncome": -488000000,
    "operatingIncomeRatio": -0.2811059908,
    "totalOtherIncomeExpensesNet": -162000000,
    "incomeBeforeTax": -650000000,
    "incomeBeforeTaxRatio": -0.3744239631,
    "incomeTaxExpense": -145000000,
    "netIncome": -405000000,
    "netIncomeRatio": -0.2332949309,
    "eps": -0.54,
    "epsdiluted": -0.54,
    "weightedAverageShsOut": 750000000,
    "weightedAverageShsOutDil": 750649000,
    "link": "https://www.sec.gov/Archives/edgar/data/107263/000010726316000029/0000107263-16-000029-index.htm",
    "finalLink": "https://www.sec.gov/Archives/edgar/data/107263/000010726316000029/wmb_20160630x10q.htm"
  },
  {
    "date": "2016-03-31",
    "symbol": "WMB",
    "reportedCurrency": "USD",
    "cik": "0000107263",
    "fillingDate": "2016-05-05",
    "acceptedDate": "2016-05-05 09:13:04",
    "calendarYear": "2016",
    "period": "Q1",
    "revenue": 1660000000,
    "costOfRevenue": 763000000,
    "grossProfit": 897000000,
    "grossProfitRatio": 0.5403614458,
    "researchAndDevelopmentExpenses": 0,
    "generalAndAdministrativeExpenses": 0,
    "sellingAndMarketingExpenses": 0,
    "sellingGeneralAndAdministrativeExpenses": 221000000,
    "otherExpenses": 414000000,
    "operatingExpenses": 635000000,
    "costAndExpenses": 1398000000,
    "interestIncome": 0,
    "interestExpense": 291000000,
    "depreciationAndAmortization": 445000000,
    "ebitda": 725000000,
    "ebitdaratio": 0.436746988,
    "operatingIncome": 262000000,
    "operatingIncomeRatio": 0.1578313253,
    "totalOtherIncomeExpensesNet": -273000000,
    "incomeBeforeTax": -11000000,
    "incomeBeforeTaxRatio": -0.006626506,
    "incomeTaxExpense": 2000000,
    "netIncome": -65000000,
    "netIncomeRatio": -0.0391566265,
    "eps": -0.0867,
    "epsdiluted": -0.0866,
    "weightedAverageShsOut": 750000000,
    "weightedAverageShsOutDil": 750322000,
    "link": "https://www.sec.gov/Archives/edgar/data/107263/000010726316000024/0000107263-16-000024-index.htm",
    "finalLink": "https://www.sec.gov/Archives/edgar/data/107263/000010726316000024/wmb_20160331x10q.htm"
  },
  {
    "date": "2015-12-31",
    "symbol": "WMB",
    "reportedCurrency": "USD",
    "cik": "0000107263",
    "fillingDate": "2016-02-26",
    "acceptedDate": "2016-02-26 17:32:15",
    "calendarYear": "2015",
    "period": "Q4",
    "revenue": 2006000000,
    "costOfRevenue": 848000000,
    "grossProfit": 1158000000,
    "grossProfitRatio": 0.5772681954,
    "researchAndDevelopmentExpenses": 0,
    "generalAndAdministrativeExpenses": 0,
    "sellingAndMarketingExpenses": 0,
    "sellingGeneralAndAdministrativeExpenses": 194000000,
    "otherExpenses": 1713000000,
    "operatingExpenses": 1907000000,
    "costAndExpenses": 2755000000,
    "interestIncome": 0,
    "interestExpense": 268000000,
    "depreciationAndAmortization": 451000000,
    "ebitda": -1065000000,
    "ebitdaratio": -0.5309072782,
    "operatingIncome": -749000000,
    "operatingIncomeRatio": -0.3733798604,
    "totalOtherIncomeExpensesNet": -1035000000,
    "incomeBeforeTax": -1784000000,
    "incomeBeforeTaxRatio": -0.889332004,
    "incomeTaxExpense": -447000000,
    "netIncome": -715000000,
    "netIncomeRatio": -0.3564307079,
    "eps": -0.94,
    "epsdiluted": -0.93,
    "weightedAverageShsOut": 749000000,
    "weightedAverageShsOutDil": 749902000,
    "link": "https://www.sec.gov/Archives/edgar/data/107263/000010726316000021/0000107263-16-000021-index.htm",
    "finalLink": "https://www.sec.gov/Archives/edgar/data/107263/000010726316000021/wmb_20151231x10k.htm"
  },
  {
    "date": "2015-09-30",
    "symbol": "WMB",
    "reportedCurrency": "USD",
    "cik": "0000107263",
    "fillingDate": "2015-10-29",
    "acceptedDate": "2015-10-29 16:13:20",
    "calendarYear": "2015",
    "period": "Q3",
    "revenue": 1799000000,
    "costOfRevenue": 858000000,
    "grossProfit": 941000000,
    "grossProfitRatio": 0.5230683713,
    "researchAndDevelopmentExpenses": 0,
    "generalAndAdministrativeExpenses": 0,
    "sellingAndMarketingExpenses": 0,
    "sellingGeneralAndAdministrativeExpenses": 177000000,
    "otherExpenses": 408000000,
    "operatingExpenses": 585000000,
    "costAndExpenses": 1443000000,
    "interestIncome": 0,
    "interestExpense": 263000000,
    "depreciationAndAmortization": 432000000,
    "ebitda": 457000000,
    "ebitdaratio": 0.2540300167,
    "operatingIncome": 356000000,
    "operatingIncomeRatio": 0.1978877154,
    "totalOtherIncomeExpensesNet": -594000000,
    "incomeBeforeTax": -238000000,
    "incomeBeforeTaxRatio": -0.1322957198,
    "incomeTaxExpense": -65000000,
    "netIncome": -40000000,
    "netIncomeRatio": -0.0222345748,
    "eps": -0.0534,
    "epsdiluted": -0.0533,
    "weightedAverageShsOut": 749000000,
    "weightedAverageShsOutDil": 749824000,
    "link": "https://www.sec.gov/Archives/edgar/data/107263/000010726315000018/0000107263-15-000018-index.htm",
    "finalLink": "https://www.sec.gov/Archives/edgar/data/107263/000010726315000018/wmb_20150930x10q.htm"
  },
  {
    "date": "2015-06-30",
    "symbol": "WMB",
    "reportedCurrency": "USD",
    "cik": "0000107263",
    "fillingDate": "2015-07-30",
    "acceptedDate": "2015-07-30 08:35:49",
    "calendarYear": "2015",
    "period": "Q2",
    "revenue": 1839000000,
    "costOfRevenue": 922000000,
    "grossProfit": 917000000,
    "grossProfitRatio": 0.4986405655,
    "researchAndDevelopmentExpenses": 0,
    "generalAndAdministrativeExpenses": 0,
    "sellingAndMarketingExpenses": 0,
    "sellingGeneralAndAdministrativeExpenses": 174000000,
    "otherExpenses": 351000000,
    "operatingExpenses": 525000000,
    "costAndExpenses": 1447000000,
    "interestIncome": 0,
    "interestExpense": 262000000,
    "depreciationAndAmortization": 428000000,
    "ebitda": 956000000,
    "ebitdaratio": 0.5198477433,
    "operatingIncome": 392000000,
    "operatingIncomeRatio": 0.2131593257,
    "totalOtherIncomeExpensesNet": -126000000,
    "incomeBeforeTax": 266000000,
    "incomeBeforeTaxRatio": 0.1446438282,
    "incomeTaxExpense": 83000000,
    "netIncome": 114000000,
    "netIncomeRatio": 0.0619902121,
    "eps": 0.15,
    "epsdiluted": 0.15,
    "weightedAverageShsOut": 749000000,
    "weightedAverageShsOutDil": 752775000,
    "link": "https://www.sec.gov/Archives/edgar/data/107263/000010726315000014/0000107263-15-000014-index.htm",
    "finalLink": "https://www.sec.gov/Archives/edgar/data/107263/000010726315000014/wmb_20150630x10q.htm"
  },
  {
    "date": "2015-03-31",
    "symbol": "WMB",
    "reportedCurrency": "USD",
    "cik": "0000107263",
    "fillingDate": "2015-04-30",
    "acceptedDate": "2015-04-30 08:35:29",
    "calendarYear": "2015",
    "period": "Q1",
    "revenue": 1716000000,
    "costOfRevenue": 889000000,
    "grossProfit": 827000000,
    "grossProfitRatio": 0.4819347319,
    "researchAndDevelopmentExpenses": 0,
    "generalAndAdministrativeExpenses": 0,
    "sellingAndMarketingExpenses": 0,
    "sellingGeneralAndAdministrativeExpenses": 196000000,
    "otherExpenses": 404000000,
    "operatingExpenses": 600000000,
    "costAndExpenses": 1489000000,
    "interestIncome": 0,
    "interestExpense": 251000000,
    "depreciationAndAmortization": 427000000,
    "ebitda": 721000000,
    "ebitdaratio": 0.4201631702,
    "operatingIncome": 227000000,
    "operatingIncomeRatio": 0.1322843823,
    "totalOtherIncomeExpensesNet": -184000000,
    "incomeBeforeTax": 43000000,
    "incomeBeforeTaxRatio": 0.0250582751,
    "incomeTaxExpense": 30000000,
    "netIncome": 70000000,
    "netIncomeRatio": 0.0407925408,
    "eps": 0.0936,
    "epsdiluted": 0.09,
    "weightedAverageShsOut": 748000000,
    "weightedAverageShsOutDil": 752028000,
    "link": "https://www.sec.gov/Archives/edgar/data/107263/000010726315000006/0000107263-15-000006-index.htm",
    "finalLink": "https://www.sec.gov/Archives/edgar/data/107263/000010726315000006/wmb_20150331x10q.htm"
  },
  {
    "date": "2014-12-31",
    "symbol": "WMB",
    "reportedCurrency": "USD",
    "cik": "0000107263",
    "fillingDate": "2015-02-25",
    "acceptedDate": "2015-02-25 10:42:20",
    "calendarYear": "2014",
    "period": "Q4",
    "revenue": 2141000000,
    "costOfRevenue": 1095000000,
    "grossProfit": 1046000000,
    "grossProfitRatio": 0.4885567492,
    "researchAndDevelopmentExpenses": 0,
    "generalAndAdministrativeExpenses": 0,
    "sellingAndMarketingExpenses": 0,
    "sellingGeneralAndAdministrativeExpenses": 204000000,
    "otherExpenses": 311000000,
    "operatingExpenses": 515000000,
    "costAndExpenses": 1610000000,
    "interestIncome": 0,
    "interestExpense": 234000000,
    "depreciationAndAmortization": 379000000,
    "ebitda": 1037000000,
    "ebitdaratio": 0.484353106,
    "operatingIncome": 531000000,
    "operatingIncomeRatio": 0.2480149463,
    "totalOtherIncomeExpensesNet": -107000000,
    "incomeBeforeTax": 424000000,
    "incomeBeforeTaxRatio": 0.1980382999,
    "incomeTaxExpense": 116000000,
    "netIncome": 193000000,
    "netIncomeRatio": 0.0901447922,
    "eps": 0.26,
    "epsdiluted": 0.26,
    "weightedAverageShsOut": 747000000,
    "weightedAverageShsOutDil": 751898000,
    "link": "https://www.sec.gov/Archives/edgar/data/107263/000010726315000003/0000107263-15-000003-index.htm",
    "finalLink": "https://www.sec.gov/Archives/edgar/data/107263/000010726315000003/wmb_20141231x10k.htm"
  },
  {
    "date": "2014-09-30",
    "symbol": "WMB",
    "reportedCurrency": "USD",
    "cik": "0000107263",
    "fillingDate": "2014-10-30",
    "acceptedDate": "2014-10-30 08:47:09",
    "calendarYear": "2014",
    "period": "Q3",
    "revenue": 2069000000,
    "costOfRevenue": 1176000000,
    "grossProfit": 893000000,
    "grossProfitRatio": 0.4316094732,
    "researchAndDevelopmentExpenses": 0,
    "generalAndAdministrativeExpenses": 0,
    "sellingAndMarketingExpenses": 0,
    "sellingGeneralAndAdministrativeExpenses": 171000000,
    "otherExpenses": 415000000,
    "operatingExpenses": 586000000,
    "costAndExpenses": 1762000000,
    "interestIncome": 0,
    "interestExpense": 210000000,
    "depreciationAndAmortization": 369000000,
    "ebitda": 3285000000,
    "ebitdaratio": 1.5877235379,
    "operatingIncome": 307000000,
    "operatingIncomeRatio": 0.1483808603,
    "totalOtherIncomeExpensesNet": 2399000000,
    "incomeBeforeTax": 2706000000,
    "incomeBeforeTaxRatio": 1.307878202,
    "incomeTaxExpense": 998000000,
    "netIncome": 1678000000,
    "netIncomeRatio": 0.8110198163,
    "eps": 2.25,
    "epsdiluted": 2.22,
    "weightedAverageShsOut": 747000000,
    "weightedAverageShsOutDil": 752064000,
    "link": "https://www.sec.gov/Archives/edgar/data/107263/000010726314000018/0000107263-14-000018-index.htm",
    "finalLink": "https://www.sec.gov/Archives/edgar/data/107263/000010726314000018/wmb_20140930x10q.htm"
  },
  {
    "date": "2014-06-30",
    "symbol": "WMB",
    "reportedCurrency": "USD",
    "cik": "0000107263",
    "fillingDate": "2014-07-31",
    "acceptedDate": "2014-07-31 08:40:48",
    "calendarYear": "2014",
    "period": "Q2",
    "revenue": 1678000000,
    "costOfRevenue": 938000000,
    "grossProfit": 740000000,
    "grossProfitRatio": 0.4410011919,
    "researchAndDevelopmentExpenses": 0,
    "generalAndAdministrativeExpenses": 0,
    "sellingAndMarketingExpenses": 0,
    "sellingGeneralAndAdministrativeExpenses": 136000000,
    "otherExpenses": 293000000,
    "operatingExpenses": 429000000,
    "costAndExpenses": 1367000000,
    "interestIncome": 0,
    "interestExpense": 163000000,
    "depreciationAndAmortization": 214000000,
    "ebitda": 584000000,
    "ebitdaratio": 0.3480333731,
    "operatingIncome": 311000000,
    "operatingIncomeRatio": 0.1853396901,
    "totalOtherIncomeExpensesNet": -104000000,
    "incomeBeforeTax": 207000000,
    "incomeBeforeTaxRatio": 0.1233611442,
    "incomeTaxExpense": 84000000,
    "netIncome": 103000000,
    "netIncomeRatio": 0.0613825983,
    "eps": 0.15,
    "epsdiluted": 0.15,
    "weightedAverageShsOut": 696553000,
    "weightedAverageShsOutDil": 700696000,
    "link": "https://www.sec.gov/Archives/edgar/data/107263/000010726314000015/0000107263-14-000015-index.htm",
    "finalLink": "https://www.sec.gov/Archives/edgar/data/107263/000010726314000015/wmb_20140630x10q.htm"
  },
  {
    "date": "2014-03-31",
    "symbol": "WMB",
    "reportedCurrency": "USD",
    "cik": "0000107263",
    "fillingDate": "2014-05-01",
    "acceptedDate": "2014-05-01 08:13:22",
    "calendarYear": "2014",
    "period": "Q1",
    "revenue": 1749000000,
    "costOfRevenue": 983000000,
    "grossProfit": 766000000,
    "grossProfitRatio": 0.4379645512,
    "researchAndDevelopmentExpenses": 0,
    "generalAndAdministrativeExpenses": 0,
    "sellingAndMarketingExpenses": 0,
    "sellingGeneralAndAdministrativeExpenses": 150000000,
    "otherExpenses": 196000000,
    "operatingExpenses": 346000000,
    "costAndExpenses": 1329000000,
    "interestIncome": 0,
    "interestExpense": 140000000,
    "depreciationAndAmortization": 214000000,
    "ebitda": 601000000,
    "ebitdaratio": 0.3436249285,
    "operatingIncome": 420000000,
    "operatingIncomeRatio": 0.2401372213,
    "totalOtherIncomeExpensesNet": -173000000,
    "incomeBeforeTax": 247000000,
    "incomeBeforeTaxRatio": 0.1412235563,
    "incomeTaxExpense": 51000000,
    "netIncome": 140000000,
    "netIncomeRatio": 0.0800457404,
    "eps": 0.2,
    "epsdiluted": 0.2,
    "weightedAverageShsOut": 685000000,
    "weightedAverageShsOutDil": 688904000,
    "link": "https://www.sec.gov/Archives/edgar/data/107263/000010726314000006/0000107263-14-000006-index.htm",
    "finalLink": "https://www.sec.gov/Archives/edgar/data/107263/000010726314000006/wmb_20140331x10q.htm"
  },
  {
    "date": "2013-12-31",
    "symbol": "WMB",
    "reportedCurrency": "USD",
    "cik": "0000107263",
    "fillingDate": "2014-02-26",
    "acceptedDate": "2014-02-26 16:38:16",
    "calendarYear": "2013",
    "period": "Q4",
    "revenue": 1660000000,
    "costOfRevenue": 935000000,
    "grossProfit": 725000000,
    "grossProfitRatio": 0.436746988,
    "researchAndDevelopmentExpenses": 0,
    "generalAndAdministrativeExpenses": 0,
    "sellingAndMarketingExpenses": 0,
    "sellingGeneralAndAdministrativeExpenses": 127000000,
    "otherExpenses": 335000000,
    "operatingExpenses": 462000000,
    "costAndExpenses": 1397000000,
    "interestIncome": 0,
    "interestExpense": 131000000,
    "depreciationAndAmortization": 209000000,
    "ebitda": 531000000,
    "ebitdaratio": 0.3198795181,
    "operatingIncome": 263000000,
    "operatingIncomeRatio": 0.1584337349,
    "totalOtherIncomeExpensesNet": -72000000,
    "incomeBeforeTax": 191000000,
    "incomeBeforeTaxRatio": 0.115060241,
    "incomeTaxExpense": 141000000,
    "netIncome": -189000000,
    "netIncomeRatio": -0.1138554217,
    "eps": -0.0205,
    "epsdiluted": -0.0205,
    "weightedAverageShsOut": 683000000,
    "weightedAverageShsOutDil": 683552000,
    "link": "https://www.sec.gov/Archives/edgar/data/107263/000010726314000003/0000107263-14-000003-index.htm",
    "finalLink": "https://www.sec.gov/Archives/edgar/data/107263/000010726314000003/wmb_20131231x10k.htm"
  },
  {
    "date": "2013-09-30",
    "symbol": "WMB",
    "reportedCurrency": "USD",
    "cik": "0000107263",
    "fillingDate": "2013-10-31",
    "acceptedDate": "2013-10-31 08:12:50",
    "calendarYear": "2013",
    "period": "Q3",
    "revenue": 1623000000,
    "costOfRevenue": 917000000,
    "grossProfit": 706000000,
    "grossProfitRatio": 0.4349969193,
    "researchAndDevelopmentExpenses": 0,
    "generalAndAdministrativeExpenses": 0,
    "sellingAndMarketingExpenses": 0,
    "sellingGeneralAndAdministrativeExpenses": 130000000,
    "otherExpenses": 240000000,
    "operatingExpenses": 370000000,
    "costAndExpenses": 1287000000,
    "interestIncome": 0,
    "interestExpense": 124000000,
    "depreciationAndAmortization": 207000000,
    "ebitda": 591000000,
    "ebitdaratio": 0.3641404806,
    "operatingIncome": 336000000,
    "operatingIncomeRatio": 0.2070240296,
    "totalOtherIncomeExpensesNet": -76000000,
    "incomeBeforeTax": 260000000,
    "incomeBeforeTaxRatio": 0.1601971657,
    "incomeTaxExpense": 62000000,
    "netIncome": 141000000,
    "netIncomeRatio": 0.0868761553,
    "eps": 0.29,
    "epsdiluted": 0.29,
    "weightedAverageShsOut": 683274000,
    "weightedAverageShsOutDil": 687306000,
    "link": "https://www.sec.gov/Archives/edgar/data/107263/000010726313000006/0000107263-13-000006-index.htm",
    "finalLink": "https://www.sec.gov/Archives/edgar/data/107263/000010726313000006/wmb_20130930x10q.htm"
  },
  {
    "date": "2013-06-30",
    "symbol": "WMB",
    "reportedCurrency": "USD",
    "cik": "0000107263",
    "fillingDate": "2013-07-31",
    "acceptedDate": "2013-07-31 16:18:21",
    "calendarYear": "2013",
    "period": "Q2",
    "revenue": 1767000000,
    "costOfRevenue": 999000000,
    "grossProfit": 768000000,
    "grossProfitRatio": 0.4346349745,
    "researchAndDevelopmentExpenses": 0,
    "generalAndAdministrativeExpenses": 0,
    "sellingAndMarketingExpenses": 0,
    "sellingGeneralAndAdministrativeExpenses": 123000000,
    "otherExpenses": 295000000,
    "operatingExpenses": 418000000,
    "costAndExpenses": 1417000000,
    "interestIncome": 0,
    "interestExpense": 127000000,
    "depreciationAndAmortization": 198000000,
    "ebitda": 627000000,
    "ebitdaratio": 0.3548387097,
    "operatingIncome": 350000000,
    "operatingIncomeRatio": 0.1980758347,
    "totalOtherIncomeExpensesNet": -48000000,
    "incomeBeforeTax": 302000000,
    "incomeBeforeTaxRatio": 0.1709111488,
    "incomeTaxExpense": 102000000,
    "netIncome": 142000000,
    "netIncomeRatio": 0.0803621958,
    "eps": 0.21,
    "epsdiluted": 0.21,
    "weightedAverageShsOut": 683000000,
    "weightedAverageShsOutDil": 686924000,
    "link": "https://www.sec.gov/Archives/edgar/data/107263/000119312513312591/0001193125-13-312591-index.htm",
    "finalLink": "https://www.sec.gov/Archives/edgar/data/107263/000119312513312591/d576171d10q.htm"
  },
  {
    "date": "2013-03-31",
    "symbol": "WMB",
    "reportedCurrency": "USD",
    "cik": "0000107263",
    "fillingDate": "2013-05-08",
    "acceptedDate": "2013-05-08 06:18:35",
    "calendarYear": "2013",
    "period": "Q1",
    "revenue": 1810000000,
    "costOfRevenue": 991000000,
    "grossProfit": 819000000,
    "grossProfitRatio": 0.4524861878,
    "researchAndDevelopmentExpenses": 0,
    "generalAndAdministrativeExpenses": 0,
    "sellingAndMarketingExpenses": 0,
    "sellingGeneralAndAdministrativeExpenses": 132000000,
    "otherExpenses": 261000000,
    "operatingExpenses": 393000000,
    "costAndExpenses": 1384000000,
    "interestIncome": 0,
    "interestExpense": 128000000,
    "depreciationAndAmortization": 201000000,
    "ebitda": 656000000,
    "ebitdaratio": 0.3624309392,
    "operatingIncome": 426000000,
    "operatingIncomeRatio": 0.235359116,
    "totalOtherIncomeExpensesNet": -99000000,
    "incomeBeforeTax": 327000000,
    "incomeBeforeTaxRatio": 0.1806629834,
    "incomeTaxExpense": 96000000,
    "netIncome": 161000000,
    "netIncomeRatio": 0.0889502762,
    "eps": 0.24,
    "epsdiluted": 0.23,
    "weightedAverageShsOut": 682000000,
    "weightedAverageShsOutDil": 687143000,
    "link": "https://www.sec.gov/Archives/edgar/data/107263/000119312513205852/0001193125-13-205852-index.htm",
    "finalLink": "https://www.sec.gov/Archives/edgar/data/107263/000119312513205852/d529375d10q.htm"
  },
  {
    "date": "2012-12-31",
    "symbol": "WMB",
    "reportedCurrency": "USD",
    "cik": "0000107263",
    "fillingDate": "2013-02-27",
    "acceptedDate": "2013-02-27 16:19:41",
    "calendarYear": "2012",
    "period": "Q4",
    "revenue": 1869000000,
    "costOfRevenue": 325000000,
    "grossProfit": 1544000000,
    "grossProfitRatio": 0.8261102194,
    "researchAndDevelopmentExpenses": 0,
    "generalAndAdministrativeExpenses": 0,
    "sellingAndMarketingExpenses": 0,
    "sellingGeneralAndAdministrativeExpenses": 144000000,
    "otherExpenses": 1020000000,
    "operatingExpenses": 1164000000,
    "costAndExpenses": 1489000000,
    "interestIncome": 0,
    "interestExpense": 121000000,
    "depreciationAndAmortization": 184000000,
    "ebitda": 588000000,
    "ebitdaratio": 0.3146067416,
    "operatingIncome": 380000000,
    "operatingIncomeRatio": 0.203317282,
    "totalOtherIncomeExpensesNet": -97000000,
    "incomeBeforeTax": 283000000,
    "incomeBeforeTaxRatio": 0.1514178705,
    "incomeTaxExpense": 79000000,
    "netIncome": 149000000,
    "netIncomeRatio": 0.0797217764,
    "eps": 0.22,
    "epsdiluted": 0.22,
    "weightedAverageShsOut": 678819483,
    "weightedAverageShsOutDil": 681000000,
    "link": "https://www.sec.gov/Archives/edgar/data/107263/000119312513080025/0001193125-13-080025-index.htm",
    "finalLink": "https://www.sec.gov/Archives/edgar/data/107263/000119312513080025/d476830d10k.htm"
  },
  {
    "date": "2012-09-30",
    "symbol": "WMB",
    "reportedCurrency": "USD",
    "cik": "0000107263",
    "fillingDate": "2012-10-31",
    "acceptedDate": "2012-10-31 16:17:03",
    "calendarYear": "2012",
    "period": "Q3",
    "revenue": 1752000000,
    "costOfRevenue": 967000000,
    "grossProfit": 785000000,
    "grossProfitRatio": 0.4480593607,
    "researchAndDevelopmentExpenses": 0,
    "generalAndAdministrativeExpenses": 0,
    "sellingAndMarketingExpenses": 0,
    "sellingGeneralAndAdministrativeExpenses": 137000000,
    "otherExpenses": 275000000,
    "operatingExpenses": 412000000,
    "costAndExpenses": 1379000000,
    "interestIncome": 0,
    "interestExpense": 129000000,
    "depreciationAndAmortization": 196000000,
    "ebitda": 602000000,
    "ebitdaratio": 0.3436073059,
    "operatingIncome": 373000000,
    "operatingIncomeRatio": 0.2128995434,
    "totalOtherIncomeExpensesNet": -96000000,
    "incomeBeforeTax": 277000000,
    "incomeBeforeTaxRatio": 0.1581050228,
    "incomeTaxExpense": 77000000,
    "netIncome": 203000000,
    "netIncomeRatio": 0.1158675799,
    "eps": 0.25,
    "epsdiluted": 0.25,
    "weightedAverageShsOut": 626809000,
    "weightedAverageShsOutDil": 632019000,
    "link": "https://www.sec.gov/Archives/edgar/data/107263/000119312512443837/0001193125-12-443837-index.htm",
    "finalLink": "https://www.sec.gov/Archives/edgar/data/107263/000119312512443837/d430083d10q.htm"
  },
  {
    "date": "2012-06-30",
    "symbol": "WMB",
    "reportedCurrency": "USD",
    "cik": "0000107263",
    "fillingDate": "2012-08-02",
    "acceptedDate": "2012-08-02 06:06:13",
    "calendarYear": "2012",
    "period": "Q2",
    "revenue": 1846000000,
    "costOfRevenue": 1081000000,
    "grossProfit": 765000000,
    "grossProfitRatio": 0.4144095341,
    "researchAndDevelopmentExpenses": 0,
    "generalAndAdministrativeExpenses": 0,
    "sellingAndMarketingExpenses": 0,
    "sellingGeneralAndAdministrativeExpenses": 149000000,
    "otherExpenses": 284000000,
    "operatingExpenses": 433000000,
    "costAndExpenses": 1514000000,
    "interestIncome": 12000000,
    "interestExpense": 128000000,
    "depreciationAndAmortization": 181000000,
    "ebitda": 546000000,
    "ebitdaratio": 0.2957746479,
    "operatingIncome": 332000000,
    "operatingIncomeRatio": 0.1798483207,
    "totalOtherIncomeExpensesNet": -95000000,
    "incomeBeforeTax": 237000000,
    "incomeBeforeTaxRatio": 0.1283856988,
    "incomeTaxExpense": 71000000,
    "netIncome": 132000000,
    "netIncomeRatio": 0.0715059588,
    "eps": 0.21,
    "epsdiluted": 0.21,
    "weightedAverageShsOut": 626467362,
    "weightedAverageShsOutDil": 626620000,
    "link": "https://www.sec.gov/Archives/edgar/data/107263/000119312512330060/0001193125-12-330060-index.htm",
    "finalLink": "https://www.sec.gov/Archives/edgar/data/107263/000119312512330060/d385694d10q.htm"
  },
  {
    "date": "2012-03-31",
    "symbol": "WMB",
    "reportedCurrency": "USD",
    "cik": "0000107263",
    "fillingDate": "2012-05-01",
    "acceptedDate": "2012-05-01 16:23:27",
    "calendarYear": "2012",
    "period": "Q1",
    "revenue": 2019000000,
    "costOfRevenue": 1125000000,
    "grossProfit": 894000000,
    "grossProfitRatio": 0.4427934621,
    "researchAndDevelopmentExpenses": 0,
    "generalAndAdministrativeExpenses": 0,
    "sellingAndMarketingExpenses": 0,
    "sellingGeneralAndAdministrativeExpenses": 129000000,
    "otherExpenses": 238000000,
    "operatingExpenses": 367000000,
    "costAndExpenses": 1492000000,
    "interestIncome": 10000000,
    "interestExpense": 131000000,
    "depreciationAndAmortization": 168000000,
    "ebitda": 791000000,
    "ebitdaratio": 0.391778108,
    "operatingIncome": 527000000,
    "operatingIncomeRatio": 0.2610203071,
    "totalOtherIncomeExpensesNet": -35000000,
    "incomeBeforeTax": 492000000,
    "incomeBeforeTaxRatio": 0.2436849926,
    "incomeTaxExpense": 133000000,
    "netIncome": 495000000,
    "netIncomeRatio": 0.2451708767,
    "eps": 0.71,
    "epsdiluted": 0.7,
    "weightedAverageShsOut": 595000000,
    "weightedAverageShsOutDil": 600520000,
    "link": "https://www.sec.gov/Archives/edgar/data/107263/000119312512200863/0001193125-12-200863-index.htm",
    "finalLink": "https://www.sec.gov/Archives/edgar/data/107263/000119312512200863/d332393d10q.htm"
  },
  {
    "date": "2011-12-31",
    "symbol": "WMB",
    "reportedCurrency": "USD",
    "cik": "0000107263",
    "fillingDate": "2012-02-28",
    "acceptedDate": "2012-02-27 20:47:35",
    "calendarYear": "2011",
    "period": "Q4",
    "revenue": -17000000,
    "costOfRevenue": -321000000,
    "grossProfit": 304000000,
    "grossProfitRatio": -17.8823529412,
    "researchAndDevelopmentExpenses": 0,
    "generalAndAdministrativeExpenses": 0,
    "sellingAndMarketingExpenses": 0,
    "sellingGeneralAndAdministrativeExpenses": -41000000,
    "otherExpenses": -1000000,
    "operatingExpenses": -42000000,
    "costAndExpenses": -363000000,
    "interestIncome": 0,
    "interestExpense": 132000000,
    "depreciationAndAmortization": 412000000,
    "ebitda": 513000000,
    "ebitdaratio": -30.1764705882,
    "operatingIncome": 346000000,
    "operatingIncomeRatio": -20.3529411765,
    "totalOtherIncomeExpensesNet": -377000000,
    "incomeBeforeTax": -31000000,
    "incomeBeforeTaxRatio": 1.8235294118,
    "incomeTaxExpense": -70000000,
    "netIncome": -444000000,
    "netIncomeRatio": 26.1176470588,
    "eps": -0.75,
    "epsdiluted": -0.74,
    "weightedAverageShsOut": 595000000,
    "weightedAverageShsOutDil": 600520000,
    "link": "https://www.sec.gov/Archives/edgar/data/107263/000119312512082513/0001193125-12-082513-index.htm",
    "finalLink": "https://www.sec.gov/Archives/edgar/data/107263/000119312512082513/d282641d10k.htm"
  },
  {
    "date": "2011-09-30",
    "symbol": "WMB",
    "reportedCurrency": "USD",
    "cik": "0000107263",
    "fillingDate": "2011-11-02",
    "acceptedDate": "2011-11-02 06:07:53",
    "calendarYear": "2011",
    "period": "Q3",
    "revenue": 1972000000,
    "costOfRevenue": 1392000000,
    "grossProfit": 580000000,
    "grossProfitRatio": 0.2941176471,
    "researchAndDevelopmentExpenses": 0,
    "generalAndAdministrativeExpenses": 0,
    "sellingAndMarketingExpenses": 0,
    "sellingGeneralAndAdministrativeExpenses": 123000000,
    "otherExpenses": 0,
    "operatingExpenses": 123000000,
    "costAndExpenses": 1515000000,
    "interestIncome": 11000000,
    "interestExpense": 146000000,
    "depreciationAndAmortization": 429000000,
    "ebitda": 929000000,
    "ebitdaratio": 0.4710953347,
    "operatingIncome": 457000000,
    "operatingIncomeRatio": 0.2317444219,
    "totalOtherIncomeExpensesNet": -103000000,
    "incomeBeforeTax": 354000000,
    "incomeBeforeTaxRatio": 0.1795131846,
    "incomeTaxExpense": 33000000,
    "netIncome": 272000000,
    "netIncomeRatio": 0.1379310345,
    "eps": 0.46,
    "epsdiluted": 0.46,
    "weightedAverageShsOut": 588950000,
    "weightedAverageShsOutDil": 597550000,
    "link": "https://www.sec.gov/Archives/edgar/data/107263/000119312511291625/0001193125-11-291625-index.htm",
    "finalLink": "https://www.sec.gov/Archives/edgar/data/107263/000119312511291625/d249025d10q.htm"
  },
  {
    "date": "2011-06-30",
    "symbol": "WMB",
    "reportedCurrency": "USD",
    "cik": "0000107263",
    "fillingDate": "2011-08-04",
    "acceptedDate": "2011-08-04 06:04:53",
    "calendarYear": "2011",
    "period": "Q2",
    "revenue": 1984000000,
    "costOfRevenue": 1398000000,
    "grossProfit": 586000000,
    "grossProfitRatio": 0.2953629032,
    "researchAndDevelopmentExpenses": 0,
    "generalAndAdministrativeExpenses": 0,
    "sellingAndMarketingExpenses": 0,
    "sellingGeneralAndAdministrativeExpenses": 123000000,
    "otherExpenses": 3000000,
    "operatingExpenses": 126000000,
    "costAndExpenses": 1524000000,
    "interestIncome": 5000000,
    "interestExpense": 155000000,
    "depreciationAndAmortization": 414000000,
    "ebitda": 917000000,
    "ebitdaratio": 0.4621975806,
    "operatingIncome": 460000000,
    "operatingIncomeRatio": 0.2318548387,
    "totalOtherIncomeExpensesNet": -112000000,
    "incomeBeforeTax": 348000000,
    "incomeBeforeTaxRatio": 0.1754032258,
    "incomeTaxExpense": 109000000,
    "netIncome": 227000000,
    "netIncomeRatio": 0.1144153226,
    "eps": 0.39,
    "epsdiluted": 0.38,
    "weightedAverageShsOut": 588310000,
    "weightedAverageShsOutDil": 597633000,
    "link": "https://www.sec.gov/Archives/edgar/data/107263/000095012311072497/0000950123-11-072497-index.htm",
    "finalLink": "https://www.sec.gov/Archives/edgar/data/107263/000095012311072497/c64705e10vq.htm"
  },
  {
    "date": "2011-03-31",
    "symbol": "WMB",
    "reportedCurrency": "USD",
    "cik": "0000107263",
    "fillingDate": "2011-05-05",
    "acceptedDate": "2011-05-05 12:26:43",
    "calendarYear": "2011",
    "period": "Q1",
    "revenue": 1871000000,
    "costOfRevenue": 1309000000,
    "grossProfit": 562000000,
    "grossProfitRatio": 0.3003741315,
    "researchAndDevelopmentExpenses": 0,
    "generalAndAdministrativeExpenses": 0,
    "sellingAndMarketingExpenses": 0,
    "sellingGeneralAndAdministrativeExpenses": 129000000,
    "otherExpenses": -6000000,
    "operatingExpenses": 123000000,
    "costAndExpenses": 1432000000,
    "interestIncome": 5000000,
    "interestExpense": 156000000,
    "depreciationAndAmortization": 395000000,
    "ebitda": 889000000,
    "ebitdaratio": 0.4751469802,
    "operatingIncome": 439000000,
    "operatingIncomeRatio": 0.2346338856,
    "totalOtherIncomeExpensesNet": -101000000,
    "incomeBeforeTax": 338000000,
    "incomeBeforeTaxRatio": 0.1806520577,
    "incomeTaxExpense": -22000000,
    "netIncome": 321000000,
    "netIncomeRatio": 0.1715660075,
    "eps": 0.55,
    "epsdiluted": 0.54,
    "weightedAverageShsOut": 586977000,
    "weightedAverageShsOutDil": 596567000,
    "link": "https://www.sec.gov/Archives/edgar/data/107263/000095012311045402/0000950123-11-045402-index.htm",
    "finalLink": "https://www.sec.gov/Archives/edgar/data/107263/000095012311045402/c63551e10vq.htm"
  },
  {
    "date": "2010-12-31",
    "symbol": "WMB",
    "reportedCurrency": "USD",
    "cik": "0000107263",
    "fillingDate": "2011-02-25",
    "acceptedDate": "2011-02-24 21:43:46",
    "calendarYear": "2010",
    "period": "Q4",
    "revenue": 2424000000,
    "costOfRevenue": 1788000000,
    "grossProfit": 636000000,
    "grossProfitRatio": 0.2623762376,
    "researchAndDevelopmentExpenses": 0,
    "generalAndAdministrativeExpenses": 0,
    "sellingAndMarketingExpenses": 0,
    "sellingGeneralAndAdministrativeExpenses": 190000000,
    "otherExpenses": 4000000,
    "operatingExpenses": 194000000,
    "costAndExpenses": 1982000000,
    "interestIncome": 8000000,
    "interestExpense": 156000000,
    "depreciationAndAmortization": 406000000,
    "ebitda": 903000000,
    "ebitdaratio": 0.3725247525,
    "operatingIncome": 442000000,
    "operatingIncomeRatio": 0.1823432343,
    "totalOtherIncomeExpensesNet": -101000000,
    "incomeBeforeTax": 341000000,
    "incomeBeforeTaxRatio": 0.1406765677,
    "incomeTaxExpense": 112000000,
    "netIncome": 174000000,
    "netIncomeRatio": 0.0717821782,
    "eps": 0.3,
    "epsdiluted": 0.29,
    "weightedAverageShsOut": 586977000,
    "weightedAverageShsOutDil": 596567000,
    "link": "https://www.sec.gov/Archives/edgar/data/107263/000095012311018126/0000950123-11-018126-index.htm",
    "finalLink": "https://www.sec.gov/Archives/edgar/data/107263/000095012311018126/c61448e10vk.htm"
  },
  {
    "date": "2010-09-30",
    "symbol": "WMB",
    "reportedCurrency": "USD",
    "cik": "0000107263",
    "fillingDate": "2010-10-28",
    "acceptedDate": "2010-10-28 11:32:09",
    "calendarYear": "2010",
    "period": "Q3",
    "revenue": 2300000000,
    "costOfRevenue": 1748000000,
    "grossProfit": 552000000,
    "grossProfitRatio": 0.24,
    "researchAndDevelopmentExpenses": 0,
    "generalAndAdministrativeExpenses": 0,
    "sellingAndMarketingExpenses": 0,
    "sellingGeneralAndAdministrativeExpenses": 165000000,
    "otherExpenses": 1677000000,
    "operatingExpenses": 1842000000,
    "costAndExpenses": 3590000000,
    "interestIncome": 13000000,
    "interestExpense": 158000000,
    "depreciationAndAmortization": 374000000,
    "ebitda": -839000000,
    "ebitdaratio": -0.3647826087,
    "operatingIncome": -1290000000,
    "operatingIncomeRatio": -0.5608695652,
    "totalOtherIncomeExpensesNet": -81000000,
    "incomeBeforeTax": -1371000000,
    "incomeBeforeTaxRatio": -0.5960869565,
    "incomeTaxExpense": -150000000,
    "netIncome": -1263000000,
    "netIncomeRatio": -0.5491304348,
    "eps": -2.16,
    "epsdiluted": -2.16,
    "weightedAverageShsOut": 584744000,
    "weightedAverageShsOutDil": 584744000,
    "link": "https://www.sec.gov/Archives/edgar/data/107263/000095012310097204/0000950123-10-097204-index.htm",
    "finalLink": "https://www.sec.gov/Archives/edgar/data/107263/000095012310097204/c60750e10vq.htm"
  },
  {
    "date": "2010-06-30",
    "symbol": "WMB",
    "reportedCurrency": "USD",
    "cik": "0000107263",
    "fillingDate": "2010-07-29",
    "acceptedDate": "2010-07-29 11:27:10",
    "calendarYear": "2010",
    "period": "Q2",
    "revenue": 2289000000,
    "costOfRevenue": 1717000000,
    "grossProfit": 572000000,
    "grossProfitRatio": 0.249890782,
    "researchAndDevelopmentExpenses": 0,
    "generalAndAdministrativeExpenses": 0,
    "sellingAndMarketingExpenses": 0,
    "sellingGeneralAndAdministrativeExpenses": 168000000,
    "otherExpenses": -12000000,
    "operatingExpenses": 156000000,
    "costAndExpenses": 1873000000,
    "interestIncome": 13000000,
    "interestExpense": 154000000,
    "depreciationAndAmortization": 366000000,
    "ebitda": 849000000,
    "ebitdaratio": 0.370904325,
    "operatingIncome": 416000000,
    "operatingIncomeRatio": 0.1817387505,
    "totalOtherIncomeExpensesNet": -87000000,
    "incomeBeforeTax": 329000000,
    "incomeBeforeTaxRatio": 0.1437308869,
    "incomeTaxExpense": 104000000,
    "netIncome": 185000000,
    "netIncomeRatio": 0.0808213194,
    "eps": 0.32,
    "epsdiluted": 0.31,
    "weightedAverageShsOut": 584414000,
    "weightedAverageShsOutDil": 592498000,
    "link": "https://www.sec.gov/Archives/edgar/data/107263/000095012310069561/0000950123-10-069561-index.htm",
    "finalLink": "https://www.sec.gov/Archives/edgar/data/107263/000095012310069561/c58637e10vq.htm"
  },
  {
    "date": "2010-03-31",
    "symbol": "WMB",
    "reportedCurrency": "USD",
    "cik": "0000107263",
    "fillingDate": "2010-05-05",
    "acceptedDate": "2010-05-05 07:45:47",
    "calendarYear": "2010",
    "period": "Q1",
    "revenue": 2591000000,
    "costOfRevenue": 1917000000,
    "grossProfit": 674000000,
    "grossProfitRatio": 0.2601312235,
    "researchAndDevelopmentExpenses": 0,
    "generalAndAdministrativeExpenses": 0,
    "sellingAndMarketingExpenses": 0,
    "sellingGeneralAndAdministrativeExpenses": 196000000,
    "otherExpenses": -1000000,
    "operatingExpenses": 195000000,
    "costAndExpenses": 2112000000,
    "interestIncome": 17000000,
    "interestExpense": 164000000,
    "depreciationAndAmortization": 361000000,
    "ebitda": 283000000,
    "ebitdaratio": 0.1092242377,
    "operatingIncome": 479000000,
    "operatingIncomeRatio": 0.1848707063,
    "totalOtherIncomeExpensesNet": -721000000,
    "incomeBeforeTax": -242000000,
    "incomeBeforeTaxRatio": -0.0934002316,
    "incomeTaxExpense": -94000000,
    "netIncome": -193000000,
    "netIncomeRatio": -0.0744886144,
    "eps": -0.33,
    "epsdiluted": -0.33,
    "weightedAverageShsOut": 584000000,
    "weightedAverageShsOutDil": 584000000,
    "link": "https://www.sec.gov/Archives/edgar/data/107263/000095012310044054/0000950123-10-044054-index.htm",
    "finalLink": "https://www.sec.gov/Archives/edgar/data/107263/000095012310044054/c57813e10vq.htm"
  },
  {
    "date": "2009-12-31",
    "symbol": "WMB",
    "reportedCurrency": "USD",
    "cik": "0000107263",
    "fillingDate": "2010-02-26",
    "acceptedDate": "2010-02-25 19:56:50",
    "calendarYear": "2009",
    "period": "Q4",
    "revenue": 2326000000,
    "costOfRevenue": 1708000000,
    "grossProfit": 618000000,
    "grossProfitRatio": 0.2656921754,
    "researchAndDevelopmentExpenses": 0,
    "generalAndAdministrativeExpenses": -3038000000,
    "sellingAndMarketingExpenses": 3052000000,
    "sellingGeneralAndAdministrativeExpenses": 14000000,
    "otherExpenses": 148000000,
    "operatingExpenses": 162000000,
    "costAndExpenses": 1870000000,
    "interestIncome": 0,
    "interestExpense": 88000000,
    "depreciationAndAmortization": 382000000,
    "ebitda": 828000000,
    "ebitdaratio": 0.3559759243,
    "operatingIncome": 456000000,
    "operatingIncomeRatio": 0.196044712,
    "totalOtherIncomeExpensesNet": -98000000,
    "incomeBeforeTax": 358000000,
    "incomeBeforeTaxRatio": 0.1539122958,
    "incomeTaxExpense": 136000000,
    "netIncome": 172000000,
    "netIncomeRatio": 0.0739466896,
    "eps": 0.29,
    "epsdiluted": 0.29,
    "weightedAverageShsOut": 583333000,
    "weightedAverageShsOutDil": 584000000,
    "link": "https://www.sec.gov/Archives/edgar/data/107263/000095012310017267/0000950123-10-017267-index.htm",
    "finalLink": "https://www.sec.gov/Archives/edgar/data/107263/000095012310017267/c55976e10vk.htm"
  },
  {
    "date": "2009-09-30",
    "symbol": "WMB",
    "reportedCurrency": "USD",
    "cik": "0000107263",
    "fillingDate": "2009-10-29",
    "acceptedDate": "2009-10-29 07:29:34",
    "calendarYear": "2009",
    "period": "Q3",
    "revenue": 2098000000,
    "costOfRevenue": 1537000000,
    "grossProfit": 561000000,
    "grossProfitRatio": 0.2673975214,
    "researchAndDevelopmentExpenses": 0,
    "generalAndAdministrativeExpenses": -531000000,
    "sellingAndMarketingExpenses": 697000000,
    "sellingGeneralAndAdministrativeExpenses": 166000000,
    "otherExpenses": 1000000,
    "operatingExpenses": 167000000,
    "costAndExpenses": 1704000000,
    "interestIncome": 15000000,
    "interestExpense": 168000000,
    "depreciationAndAmortization": 361000000,
    "ebitda": 808000000,
    "ebitdaratio": 0.385128694,
    "operatingIncome": 394000000,
    "operatingIncomeRatio": 0.1877979028,
    "totalOtherIncomeExpensesNet": -115000000,
    "incomeBeforeTax": 279000000,
    "incomeBeforeTaxRatio": 0.1329837941,
    "incomeTaxExpense": 87000000,
    "netIncome": 143000000,
    "netIncomeRatio": 0.0681601525,
    "eps": 0.24,
    "epsdiluted": 0.24,
    "weightedAverageShsOut": 583103000,
    "weightedAverageShsOutDil": 590059000,
    "link": "https://www.sec.gov/Archives/edgar/data/107263/000095012309054484/0000950123-09-054484-index.htm",
    "finalLink": "https://www.sec.gov/Archives/edgar/data/107263/000095012309054484/c54210e10vq.htm"
  },
  {
    "date": "2009-06-30",
    "symbol": "WMB",
    "reportedCurrency": "USD",
    "cik": "0000107263",
    "fillingDate": "2009-08-06",
    "acceptedDate": "2009-08-06 07:31:26",
    "calendarYear": "2009",
    "period": "Q2",
    "revenue": 1909000000,
    "costOfRevenue": 1392000000,
    "grossProfit": 517000000,
    "grossProfitRatio": 0.2708224201,
    "researchAndDevelopmentExpenses": 0,
    "generalAndAdministrativeExpenses": -431000000,
    "sellingAndMarketingExpenses": 598000000,
    "sellingGeneralAndAdministrativeExpenses": 167000000,
    "otherExpenses": -1000000,
    "operatingExpenses": 166000000,
    "costAndExpenses": 1558000000,
    "interestIncome": 46000000,
    "interestExpense": 145000000,
    "depreciationAndAmortization": 359000000,
    "ebitda": 735000000,
    "ebitdaratio": 0.3850183342,
    "operatingIncome": 351000000,
    "operatingIncomeRatio": 0.1838658984,
    "totalOtherIncomeExpensesNet": -120000000,
    "incomeBeforeTax": 231000000,
    "incomeBeforeTaxRatio": 0.1210057622,
    "incomeTaxExpense": 80000000,
    "netIncome": 142000000,
    "netIncomeRatio": 0.0743844945,
    "eps": 0.24,
    "epsdiluted": 0.24,
    "weightedAverageShsOut": 580726000,
    "weightedAverageShsOutDil": 588780000,
    "link": "https://www.sec.gov/Archives/edgar/data/107263/000095012309030645/0000950123-09-030645-index.htm",
    "finalLink": "https://www.sec.gov/Archives/edgar/data/107263/000095012309030645/c52021e10vq.htm"
  },
  {
    "date": "2009-03-31",
    "symbol": "WMB",
    "reportedCurrency": "USD",
    "cik": "0000107263",
    "fillingDate": "2009-04-30",
    "acceptedDate": "2009-04-30 07:30:44",
    "calendarYear": "2009",
    "period": "Q1",
    "revenue": 1922000000,
    "costOfRevenue": 1444000000,
    "grossProfit": 478000000,
    "grossProfitRatio": 0.2486992716,
    "researchAndDevelopmentExpenses": 0,
    "generalAndAdministrativeExpenses": -704000000,
    "sellingAndMarketingExpenses": 867000000,
    "sellingGeneralAndAdministrativeExpenses": 165000000,
    "otherExpenses": 33000000,
    "operatingExpenses": 198000000,
    "costAndExpenses": 1642000000,
    "interestIncome": 0,
    "interestExpense": 142000000,
    "depreciationAndAmortization": 367000000,
    "ebitda": 584000000,
    "ebitdaratio": 0.3038501561,
    "operatingIncome": 280000000,
    "operatingIncomeRatio": 0.1456815817,
    "totalOtherIncomeExpensesNet": -205000000,
    "incomeBeforeTax": 75000000,
    "incomeBeforeTaxRatio": 0.0390218522,
    "incomeTaxExpense": 56000000,
    "netIncome": -172000000,
    "netIncomeRatio": -0.0894901145,
    "eps": -0.3,
    "epsdiluted": -0.3,
    "weightedAverageShsOut": 579495000,
    "weightedAverageShsOutDil": 582361000,
    "link": "https://www.sec.gov/Archives/edgar/data/107263/000095013709003389/0000950137-09-003389-index.htm",
    "finalLink": "https://www.sec.gov/Archives/edgar/data/107263/000095013709003389/c50664e10vq.htm"
  },
  {
    "date": "2008-12-31",
    "symbol": "WMB",
    "reportedCurrency": "USD",
    "cik": "0000107263",
    "fillingDate": "2009-02-25",
    "acceptedDate": "2009-02-24 21:45:25",
    "calendarYear": "2008",
    "period": "Q4",
    "revenue": 2132000000,
    "costOfRevenue": 0,
    "grossProfit": 0,
    "grossProfitRatio": 0,
    "researchAndDevelopmentExpenses": 0,
    "generalAndAdministrativeExpenses": -6252000000,
    "sellingAndMarketingExpenses": 6412000000,
    "sellingGeneralAndAdministrativeExpenses": 160000000,
    "otherExpenses": 1568000000,
    "operatingExpenses": 1728000000,
    "costAndExpenses": 1728000000,
    "interestIncome": 0,
    "interestExpense": 0,
    "depreciationAndAmortization": 324000000,
    "ebitda": 744000000,
    "ebitdaratio": 0.3489681051,
    "operatingIncome": 404000000,
    "operatingIncomeRatio": 0.1894934334,
    "totalOtherIncomeExpensesNet": -299000000,
    "incomeBeforeTax": 105000000,
    "incomeBeforeTaxRatio": 0.049249531,
    "incomeTaxExpense": -25000000,
    "netIncome": 115000000,
    "netIncomeRatio": 0.0539399625,
    "eps": 0.2,
    "epsdiluted": 0.2,
    "weightedAverageShsOut": 579053000,
    "weightedAverageShsOutDil": 579495000,
    "link": "https://www.sec.gov/Archives/edgar/data/107263/000095013409003632/0000950134-09-003632-index.htm",
    "finalLink": "https://www.sec.gov/Archives/edgar/data/107263/000095013409003632/d66296e10vk.htm"
  },
  {
    "date": "2008-09-30",
    "symbol": "WMB",
    "reportedCurrency": "USD",
    "cik": "0000107263",
    "fillingDate": "2008-11-06",
    "acceptedDate": "2008-11-06 07:31:29",
    "calendarYear": "2008",
    "period": "Q3",
    "revenue": 3201000000,
    "costOfRevenue": 2344000000,
    "grossProfit": 857000000,
    "grossProfitRatio": 0.2677288347,
    "researchAndDevelopmentExpenses": 0,
    "generalAndAdministrativeExpenses": -1549000000,
    "sellingAndMarketingExpenses": 1716000000,
    "sellingGeneralAndAdministrativeExpenses": 167000000,
    "otherExpenses": 1000000,
    "operatingExpenses": 168000000,
    "costAndExpenses": 2512000000,
    "interestIncome": 0,
    "interestExpense": 162000000,
    "depreciationAndAmortization": 299000000,
    "ebitda": 1071000000,
    "ebitdaratio": 0.3345829428,
    "operatingIncome": 689000000,
    "operatingIncomeRatio": 0.2152452359,
    "totalOtherIncomeExpensesNet": -79000000,
    "incomeBeforeTax": 610000000,
    "incomeBeforeTaxRatio": 0.1905654483,
    "incomeTaxExpense": 199000000,
    "netIncome": 366000000,
    "netIncomeRatio": 0.114339269,
    "eps": 0.63,
    "epsdiluted": 0.62,
    "weightedAverageShsOut": 577448000,
    "weightedAverageShsOutDil": 589138000,
    "link": "https://www.sec.gov/Archives/edgar/data/107263/000095013408019582/0000950134-08-019582-index.htm",
    "finalLink": "https://www.sec.gov/Archives/edgar/data/107263/000095013408019582/d64843e10vq.htm"
  },
  {
    "date": "2008-06-30",
    "symbol": "WMB",
    "reportedCurrency": "USD",
    "cik": "0000107263",
    "fillingDate": "2008-08-07",
    "acceptedDate": "2008-08-07 07:30:55",
    "calendarYear": "2008",
    "period": "Q2",
    "revenue": 3729000000,
    "costOfRevenue": 0,
    "grossProfit": 0,
    "grossProfitRatio": 0,
    "researchAndDevelopmentExpenses": 0,
    "generalAndAdministrativeExpenses": -1837000000,
    "sellingAndMarketingExpenses": 2010000000,
    "sellingGeneralAndAdministrativeExpenses": 173000000,
    "otherExpenses": 2747000000,
    "operatingExpenses": 2920000000,
    "costAndExpenses": 2920000000,
    "interestIncome": 0,
    "interestExpense": 0,
    "depreciationAndAmortization": 352000000,
    "ebitda": 1161000000,
    "ebitdaratio": 0.3113435237,
    "operatingIncome": 809000000,
    "operatingIncomeRatio": 0.2169482435,
    "totalOtherIncomeExpensesNet": -122000000,
    "incomeBeforeTax": 687000000,
    "incomeBeforeTaxRatio": 0.1842316975,
    "incomeTaxExpense": 268000000,
    "netIncome": 437000000,
    "netIncomeRatio": 0.1171895951,
    "eps": 0.75,
    "epsdiluted": 0.73,
    "weightedAverageShsOut": 583400000,
    "weightedAverageShsOutDil": 596187000,
    "link": "https://www.sec.gov/Archives/edgar/data/107263/000095013408014487/0000950134-08-014487-index.htm",
    "finalLink": "https://www.sec.gov/Archives/edgar/data/107263/000095013408014487/d59034e10vq.htm"
  },
  {
    "date": "2008-03-31",
    "symbol": "WMB",
    "reportedCurrency": "USD",
    "cik": "0000107263",
    "fillingDate": "2008-05-01",
    "acceptedDate": "2008-05-01 07:31:02",
    "calendarYear": "2008",
    "period": "Q1",
    "revenue": 3204000000,
    "costOfRevenue": 2353000000,
    "grossProfit": 851000000,
    "grossProfitRatio": 0.2656054931,
    "researchAndDevelopmentExpenses": 0,
    "generalAndAdministrativeExpenses": -1497000000,
    "sellingAndMarketingExpenses": 1650000000,
    "sellingGeneralAndAdministrativeExpenses": 154000000,
    "otherExpenses": -118000000,
    "operatingExpenses": 36000000,
    "costAndExpenses": 2389000000,
    "interestIncome": 0,
    "interestExpense": 157000000,
    "depreciationAndAmortization": 302000000,
    "ebitda": 1177000000,
    "ebitdaratio": 0.3673533084,
    "operatingIncome": 815000000,
    "operatingIncomeRatio": 0.2543695381,
    "totalOtherIncomeExpensesNet": -97000000,
    "incomeBeforeTax": 718000000,
    "incomeBeforeTaxRatio": 0.2240948814,
    "incomeTaxExpense": 263000000,
    "netIncome": 500000000,
    "netIncomeRatio": 0.1560549313,
    "eps": 0.85,
    "epsdiluted": 0.84,
    "weightedAverageShsOut": 585518000,
    "weightedAverageShsOutDil": 598627000,
    "link": "https://www.sec.gov/Archives/edgar/data/107263/000095013408008078/0000950134-08-008078-index.htm",
    "finalLink": "https://www.sec.gov/Archives/edgar/data/107263/000095013408008078/d56073e10vq.htm"
  },
  {
    "date": "2007-12-31",
    "symbol": "WMB",
    "reportedCurrency": "USD",
    "cik": "0000107263",
    "fillingDate": "2008-02-26",
    "acceptedDate": "2008-02-26 14:55:29",
    "calendarYear": "2007",
    "period": "Q4",
    "revenue": 2506200000,
    "costOfRevenue": 0,
    "grossProfit": 0,
    "grossProfitRatio": 0,
    "researchAndDevelopmentExpenses": 0,
    "generalAndAdministrativeExpenses": -4434100000,
    "sellingAndMarketingExpenses": 4633000000,
    "sellingGeneralAndAdministrativeExpenses": 198900000,
    "otherExpenses": 1816200000,
    "operatingExpenses": 2015100000,
    "costAndExpenses": 2015100000,
    "interestIncome": 0,
    "interestExpense": 0,
    "depreciationAndAmortization": 231700000,
    "ebitda": 881800000,
    "ebitdaratio": 0.3518474184,
    "operatingIncome": 491100000,
    "operatingIncomeRatio": 0.195954034,
    "totalOtherIncomeExpensesNet": -178500000,
    "incomeBeforeTax": 312600000,
    "incomeBeforeTaxRatio": 0.1247306679,
    "incomeTaxExpense": 107100000,
    "netIncome": 224900000,
    "netIncomeRatio": 0.0897374511,
    "eps": 0.38,
    "epsdiluted": 0.38,
    "weightedAverageShsOut": 585518000,
    "weightedAverageShsOutDil": 598627000,
    "link": "https://www.sec.gov/Archives/edgar/data/107263/000095013408003448/0000950134-08-003448-index.htm",
    "finalLink": "https://www.sec.gov/Archives/edgar/data/107263/000095013408003448/d54039e10vk.htm"
  },
  {
    "date": "2007-09-30",
    "symbol": "WMB",
    "reportedCurrency": "USD",
    "cik": "0000107263",
    "fillingDate": "2007-11-01",
    "acceptedDate": "2007-11-01 07:46:21",
    "calendarYear": "2007",
    "period": "Q3",
    "revenue": 2860000000,
    "costOfRevenue": 0,
    "grossProfit": 0,
    "grossProfitRatio": 0,
    "researchAndDevelopmentExpenses": 0,
    "generalAndAdministrativeExpenses": -1098900000,
    "sellingAndMarketingExpenses": 1246900000,
    "sellingGeneralAndAdministrativeExpenses": 148000000,
    "otherExpenses": 2221000000,
    "operatingExpenses": 2369000000,
    "costAndExpenses": 2369000000,
    "interestIncome": 0,
    "interestExpense": 0,
    "depreciationAndAmortization": 333000000,
    "ebitda": 824000000,
    "ebitdaratio": 0.2881118881,
    "operatingIncome": 491000000,
    "operatingIncomeRatio": 0.1716783217,
    "totalOtherIncomeExpensesNet": -103000000,
    "incomeBeforeTax": 388000000,
    "incomeBeforeTaxRatio": 0.1356643357,
    "incomeTaxExpense": 160000000,
    "netIncome": 198000000,
    "netIncomeRatio": 0.0692307692,
    "eps": 0.33,
    "epsdiluted": 0.33,
    "weightedAverageShsOut": 596836000,
    "weightedAverageShsOutDil": 610651000,
    "link": "https://www.sec.gov/Archives/edgar/data/107263/000095013407022484/0000950134-07-022484-index.htm",
    "finalLink": "https://www.sec.gov/Archives/edgar/data/107263/000095013407022484/d50906e10vq.htm"
  },
  {
    "date": "2007-06-30",
    "symbol": "WMB",
    "reportedCurrency": "USD",
    "cik": "0000107263",
    "fillingDate": "2007-08-07",
    "acceptedDate": "2007-08-07 06:01:45",
    "calendarYear": "2007",
    "period": "Q2",
    "revenue": 2824000000,
    "costOfRevenue": 0,
    "grossProfit": 0,
    "grossProfitRatio": 0,
    "researchAndDevelopmentExpenses": 0,
    "generalAndAdministrativeExpenses": -1250200000,
    "sellingAndMarketingExpenses": 1393400000,
    "sellingGeneralAndAdministrativeExpenses": 143000000,
    "otherExpenses": 2180000000,
    "operatingExpenses": 2323000000,
    "costAndExpenses": 2323000000,
    "interestIncome": 0,
    "interestExpense": 0,
    "depreciationAndAmortization": 252000000,
    "ebitda": 753000000,
    "ebitdaratio": 0.2666430595,
    "operatingIncome": 501000000,
    "operatingIncomeRatio": 0.177407932,
    "totalOtherIncomeExpensesNet": -105000000,
    "incomeBeforeTax": 396000000,
    "incomeBeforeTaxRatio": 0.1402266289,
    "incomeTaxExpense": 152000000,
    "netIncome": 433000000,
    "netIncomeRatio": 0.1533286119,
    "eps": 0.72,
    "epsdiluted": 0.71,
    "weightedAverageShsOut": 599518000,
    "weightedAverageShsOutDil": 613172000,
    "link": "https://www.sec.gov/Archives/edgar/data/107263/000095013407017064/0000950134-07-017064-index.htm",
    "finalLink": "https://www.sec.gov/Archives/edgar/data/107263/000095013407017064/d48727e10vq.htm"
  },
  {
    "date": "2007-03-31",
    "symbol": "WMB",
    "reportedCurrency": "USD",
    "cik": "0000107263",
    "fillingDate": "2007-05-03",
    "acceptedDate": "2007-05-03 07:45:36",
    "calendarYear": "2007",
    "period": "Q1",
    "revenue": 2368000000,
    "costOfRevenue": 0,
    "grossProfit": 0,
    "grossProfitRatio": 0,
    "researchAndDevelopmentExpenses": 0,
    "generalAndAdministrativeExpenses": 0,
    "sellingAndMarketingExpenses": 0,
    "sellingGeneralAndAdministrativeExpenses": 142000000,
    "otherExpenses": 1843000000,
    "operatingExpenses": 1985000000,
    "costAndExpenses": 1985000000,
    "interestIncome": 0,
    "interestExpense": 0,
    "depreciationAndAmortization": 265000000,
    "ebitda": 648000000,
    "ebitdaratio": 0.2736486486,
    "operatingIncome": 383000000,
    "operatingIncomeRatio": 0.1617398649,
    "totalOtherIncomeExpensesNet": -109000000,
    "incomeBeforeTax": 274000000,
    "incomeBeforeTaxRatio": 0.1157094595,
    "incomeTaxExpense": 104000000,
    "netIncome": 134000000,
    "netIncomeRatio": 0.0565878378,
    "eps": 0.22,
    "epsdiluted": 0.22,
    "weightedAverageShsOut": 598031000,
    "weightedAverageShsOutDil": 611470000,
    "link": "https://www.sec.gov/Archives/edgar/data/107263/000095013407010034/0000950134-07-010034-index.htm",
    "finalLink": "https://www.sec.gov/Archives/edgar/data/107263/000095013407010034/d46020e10vq.htm"
  },
  {
    "date": "2006-12-31",
    "symbol": "WMB",
    "reportedCurrency": "USD",
    "cik": "0000107263",
    "fillingDate": "2007-02-28",
    "acceptedDate": "2007-02-28 08:03:30",
    "calendarYear": "2006",
    "period": "Q4",
    "revenue": 2770300000,
    "costOfRevenue": 0,
    "grossProfit": 0,
    "grossProfitRatio": 0,
    "researchAndDevelopmentExpenses": 0,
    "generalAndAdministrativeExpenses": 0,
    "sellingAndMarketingExpenses": 0,
    "sellingGeneralAndAdministrativeExpenses": 273000000,
    "otherExpenses": 2311100000,
    "operatingExpenses": 2584100000,
    "costAndExpenses": 2584100000,
    "interestIncome": 0,
    "interestExpense": 0,
    "depreciationAndAmortization": 249000000,
    "ebitda": 435200000,
    "ebitdaratio": 0.1570948995,
    "operatingIncome": 186200000,
    "operatingIncomeRatio": 0.0672129372,
    "totalOtherIncomeExpensesNet": -14000000,
    "incomeBeforeTax": 172200000,
    "incomeBeforeTaxRatio": 0.0621593329,
    "incomeTaxExpense": 16700000,
    "netIncome": 146400000,
    "netIncomeRatio": 0.0528462621,
    "eps": 0.24,
    "epsdiluted": 0.24,
    "weightedAverageShsOut": 598031000,
    "weightedAverageShsOutDil": 611470000,
    "link": "https://www.sec.gov/Archives/edgar/data/107263/000095013407004337/0000950134-07-004337-index.htm",
    "finalLink": "https://www.sec.gov/Archives/edgar/data/107263/000095013407004337/d43810e10vk.htm"
  },
  {
    "date": "2006-09-30",
    "symbol": "WMB",
    "reportedCurrency": "USD",
    "cik": "0000107263",
    "fillingDate": "2006-11-02",
    "acceptedDate": "2006-11-02 07:01:32",
    "calendarYear": "2006",
    "period": "Q3",
    "revenue": 2511800000,
    "costOfRevenue": 0,
    "grossProfit": 0,
    "grossProfitRatio": 0,
    "researchAndDevelopmentExpenses": 0,
    "generalAndAdministrativeExpenses": 0,
    "sellingAndMarketingExpenses": 0,
    "sellingGeneralAndAdministrativeExpenses": 148000000,
    "otherExpenses": 2043000000,
    "operatingExpenses": 2191000000,
    "costAndExpenses": 2191000000,
    "interestIncome": 0,
    "interestExpense": 0,
    "depreciationAndAmortization": 220400000,
    "ebitda": 541200000,
    "ebitdaratio": 0.2154630146,
    "operatingIncome": 320800000,
    "operatingIncomeRatio": 0.1277171749,
    "totalOtherIncomeExpensesNet": -107300000,
    "incomeBeforeTax": 213500000,
    "incomeBeforeTaxRatio": 0.0849988056,
    "incomeTaxExpense": 100600000,
    "netIncome": 106200000,
    "netIncomeRatio": 0.0422804363,
    "eps": 0.18,
    "epsdiluted": 0.18,
    "weightedAverageShsOut": 596199000,
    "weightedAverageShsOutDil": 609062000,
    "link": "https://www.sec.gov/Archives/edgar/data/107263/000095013406020247/0000950134-06-020247-index.htm",
    "finalLink": "https://www.sec.gov/Archives/edgar/data/107263/000095013406020247/d40612e10vq.htm"
  },
  {
    "date": "2006-06-30",
    "symbol": "WMB",
    "reportedCurrency": "USD",
    "cik": "0000107263",
    "fillingDate": "2006-08-03",
    "acceptedDate": "2006-08-03 17:06:28",
    "calendarYear": "2006",
    "period": "Q2",
    "revenue": 2219900000,
    "costOfRevenue": 0,
    "grossProfit": 0,
    "grossProfitRatio": 0,
    "researchAndDevelopmentExpenses": 0,
    "generalAndAdministrativeExpenses": 0,
    "sellingAndMarketingExpenses": 0,
    "sellingGeneralAndAdministrativeExpenses": 129500000,
    "otherExpenses": 1941900000,
    "operatingExpenses": 2071400000,
    "costAndExpenses": 2071400000,
    "interestIncome": 0,
    "interestExpense": 0,
    "depreciationAndAmortization": 210500000,
    "ebitda": 359000000,
    "ebitdaratio": 0.1617189964,
    "operatingIncome": 148500000,
    "operatingIncomeRatio": 0.0668949052,
    "totalOtherIncomeExpensesNet": -203000000,
    "incomeBeforeTax": -54500000,
    "incomeBeforeTaxRatio": -0.0245506554,
    "incomeTaxExpense": 4300000,
    "netIncome": -76000000,
    "netIncomeRatio": -0.0342357764,
    "eps": -0.13,
    "epsdiluted": -0.13,
    "weightedAverageShsOut": 595561000,
    "weightedAverageShsOutDil": 595561000,
    "link": "https://www.sec.gov/Archives/edgar/data/107263/000095013406014717/0000950134-06-014717-index.htm",
    "finalLink": "https://www.sec.gov/Archives/edgar/data/107263/000095013406014717/d38227e10vq.htm"
  },
  {
    "date": "2006-03-31",
    "symbol": "WMB",
    "reportedCurrency": "USD",
    "cik": "0000107263",
    "fillingDate": "2006-05-04",
    "acceptedDate": "2006-05-04 08:15:30",
    "calendarYear": "2006",
    "period": "Q1",
    "revenue": 3027500000,
    "costOfRevenue": 0,
    "grossProfit": 0,
    "grossProfitRatio": 0,
    "researchAndDevelopmentExpenses": 0,
    "generalAndAdministrativeExpenses": 0,
    "sellingAndMarketingExpenses": 0,
    "sellingGeneralAndAdministrativeExpenses": 80500000,
    "otherExpenses": 2588700000,
    "operatingExpenses": 2669200000,
    "costAndExpenses": 2669200000,
    "interestIncome": 0,
    "interestExpense": 0,
    "depreciationAndAmortization": 197000000,
    "ebitda": 555300000,
    "ebitdaratio": 0.1834186623,
    "operatingIncome": 358300000,
    "operatingIncomeRatio": 0.1183484723,
    "totalOtherIncomeExpensesNet": -138900000,
    "incomeBeforeTax": 219400000,
    "incomeBeforeTaxRatio": 0.0724690339,
    "incomeTaxExpense": 88300000,
    "netIncome": 131900000,
    "netIncomeRatio": 0.0435672998,
    "eps": 0.22,
    "epsdiluted": 0.22,
    "weightedAverageShsOut": 591407000,
    "weightedAverageShsOutDil": 607073000,
    "link": "https://www.sec.gov/Archives/edgar/data/107263/000095013406008714/0000950134-06-008714-index.htm",
    "finalLink": "https://www.sec.gov/Archives/edgar/data/107263/000095013406008714/d35534e10vq.htm"
  },
  {
    "date": "2005-12-31",
    "symbol": "WMB",
    "reportedCurrency": "USD",
    "cik": "0000107263",
    "fillingDate": "2006-03-09",
    "acceptedDate": "2006-03-09 17:11:29",
    "calendarYear": "2005",
    "period": "Q4",
    "revenue": 3676100000,
    "costOfRevenue": 0,
    "grossProfit": 0,
    "grossProfitRatio": 0,
    "researchAndDevelopmentExpenses": 0,
    "generalAndAdministrativeExpenses": 0,
    "sellingAndMarketingExpenses": 0,
    "sellingGeneralAndAdministrativeExpenses": 147200000,
    "otherExpenses": 3162900000,
    "operatingExpenses": 3310100000,
    "costAndExpenses": 3310100000,
    "interestIncome": 0,
    "interestExpense": 0,
    "depreciationAndAmortization": 206800000,
    "ebitda": 572800000,
    "ebitdaratio": 0.1558173064,
    "operatingIncome": 366000000,
    "operatingIncomeRatio": 0.0995620359,
    "totalOtherIncomeExpensesNet": -251900000,
    "incomeBeforeTax": 114100000,
    "incomeBeforeTaxRatio": 0.0310383287,
    "incomeTaxExpense": 45300000,
    "netIncome": 66800000,
    "netIncomeRatio": 0.0181714317,
    "eps": 0.11,
    "epsdiluted": 0.11,
    "weightedAverageShsOut": 591407000,
    "weightedAverageShsOutDil": 607073000,
    "link": "https://www.sec.gov/Archives/edgar/data/107263/000095013406004636/0000950134-06-004636-index.htm",
    "finalLink": "https://www.sec.gov/Archives/edgar/data/107263/000095013406004636/d33568e10vk.htm"
  },
  {
    "date": "2005-09-30",
    "symbol": "WMB",
    "reportedCurrency": "USD",
    "cik": "0000107263",
    "fillingDate": "2005-11-04",
    "acceptedDate": "2005-11-04 09:45:13",
    "calendarYear": "2005",
    "period": "Q3",
    "revenue": 3082300000,
    "costOfRevenue": 0,
    "grossProfit": 0,
    "grossProfitRatio": 0,
    "researchAndDevelopmentExpenses": 0,
    "generalAndAdministrativeExpenses": 0,
    "sellingAndMarketingExpenses": 0,
    "sellingGeneralAndAdministrativeExpenses": 133400000,
    "otherExpenses": 2826200000,
    "operatingExpenses": 2959600000,
    "costAndExpenses": 2959600000,
    "interestIncome": 0,
    "interestExpense": 0,
    "depreciationAndAmortization": 199500000,
    "ebitda": 322200000,
    "ebitdaratio": 0.1045323298,
    "operatingIncome": 122700000,
    "operatingIncomeRatio": 0.0398079356,
    "totalOtherIncomeExpensesNet": -119600000,
    "incomeBeforeTax": 3100000,
    "incomeBeforeTaxRatio": 0.0010057425,
    "incomeTaxExpense": -2600000,
    "netIncome": 4400000,
    "netIncomeRatio": 0.0014275054,
    "eps": 0.01,
    "epsdiluted": 0.01,
    "weightedAverageShsOut": 572543000,
    "weightedAverageShsOutDil": 580735000,
    "link": "https://www.sec.gov/Archives/edgar/data/107263/000095013405020499/0000950134-05-020499-index.htm",
    "finalLink": "https://www.sec.gov/Archives/edgar/data/107263/000095013405020499/d29748a1e10vqza.htm"
  },
  {
    "date": "2005-06-30",
    "symbol": "WMB",
    "reportedCurrency": "USD",
    "cik": "0000107263",
    "fillingDate": "2005-08-04",
    "acceptedDate": "2005-08-04 08:15:50",
    "calendarYear": "2005",
    "period": "Q2",
    "revenue": 2871200000,
    "costOfRevenue": 0,
    "grossProfit": 0,
    "grossProfitRatio": 0,
    "researchAndDevelopmentExpenses": 0,
    "generalAndAdministrativeExpenses": 0,
    "sellingAndMarketingExpenses": 0,
    "sellingGeneralAndAdministrativeExpenses": 98200000,
    "otherExpenses": 2491600000,
    "operatingExpenses": 2589800000,
    "costAndExpenses": 2589800000,
    "interestIncome": 0,
    "interestExpense": 0,
    "depreciationAndAmortization": 178100000,
    "ebitda": 459500000,
    "ebitdaratio": 0.1600376149,
    "operatingIncome": 281400000,
    "operatingIncomeRatio": 0.0980078016,
    "totalOtherIncomeExpensesNet": -199000000,
    "incomeBeforeTax": 82400000,
    "incomeBeforeTaxRatio": 0.0286988019,
    "incomeTaxExpense": 41700000,
    "netIncome": 41300000,
    "netIncomeRatio": 0.0143842296,
    "eps": 0.07,
    "epsdiluted": 0.07,
    "weightedAverageShsOut": 571208000,
    "weightedAverageShsOutDil": 578902000,
    "link": "https://www.sec.gov/Archives/edgar/data/107263/000095013405014802/0000950134-05-014802-index.htm",
    "finalLink": "https://www.sec.gov/Archives/edgar/data/107263/000095013405014802/d27092e10vq.htm"
  },
  {
    "date": "2005-03-31",
    "symbol": "WMB",
    "reportedCurrency": "USD",
    "cik": "0000107263",
    "fillingDate": "2005-05-05",
    "acceptedDate": "2005-05-05 08:16:24",
    "calendarYear": "2005",
    "period": "Q1",
    "revenue": 2954000000,
    "costOfRevenue": 0,
    "grossProfit": 0,
    "grossProfitRatio": 0,
    "researchAndDevelopmentExpenses": 0,
    "generalAndAdministrativeExpenses": 0,
    "sellingAndMarketingExpenses": 0,
    "sellingGeneralAndAdministrativeExpenses": 101500000,
    "otherExpenses": 2390300000,
    "operatingExpenses": 2491800000,
    "costAndExpenses": 2491800000,
    "interestIncome": 0,
    "interestExpense": 0,
    "depreciationAndAmortization": 178200000,
    "ebitda": 640400000,
    "ebitdaratio": 0.2167907921,
    "operatingIncome": 462200000,
    "operatingIncomeRatio": 0.1564658091,
    "totalOtherIncomeExpensesNet": -130500000,
    "incomeBeforeTax": 331700000,
    "incomeBeforeTaxRatio": 0.1122884225,
    "incomeTaxExpense": 129500000,
    "netIncome": 201100000,
    "netIncomeRatio": 0.0680771835,
    "eps": 0.36,
    "epsdiluted": 0.34,
    "weightedAverageShsOut": 564437000,
    "weightedAverageShsOutDil": 599422000,
    "link": "https://www.sec.gov/Archives/edgar/data/107263/000095013405009041/0000950134-05-009041-index.htm",
    "finalLink": "https://www.sec.gov/Archives/edgar/data/107263/000095013405009041/d24724e10vq.htm"
  },
  {
    "date": "2004-12-31",
    "symbol": "WMB",
    "reportedCurrency": "USD",
    "cik": "0000107263",
    "fillingDate": "2005-03-29",
    "acceptedDate": "2005-03-29 17:19:49",
    "calendarYear": "2004",
    "period": "Q4",
    "revenue": 2974300000,
    "costOfRevenue": 0,
    "grossProfit": 0,
    "grossProfitRatio": 0,
    "researchAndDevelopmentExpenses": 0,
    "generalAndAdministrativeExpenses": 0,
    "sellingAndMarketingExpenses": 0,
    "sellingGeneralAndAdministrativeExpenses": 136600000,
    "otherExpenses": 2549000000,
    "operatingExpenses": 2685600000,
    "costAndExpenses": 2685600000,
    "interestIncome": 0,
    "interestExpense": 0,
    "depreciationAndAmortization": 173700000,
    "ebitda": 462400000,
    "ebitdaratio": 0.1554651515,
    "operatingIncome": 288700000,
    "operatingIncomeRatio": 0.0970648556,
    "totalOtherIncomeExpensesNet": -103200000,
    "incomeBeforeTax": 185500000,
    "incomeBeforeTaxRatio": 0.0623676159,
    "incomeTaxExpense": 88900000,
    "netIncome": 73400000,
    "netIncomeRatio": 0.0246780755,
    "eps": 0.13,
    "epsdiluted": 0.12,
    "weightedAverageShsOut": 564437000,
    "weightedAverageShsOutDil": 599422000,
    "link": "https://www.sec.gov/Archives/edgar/data/107263/000095013405006255/0000950134-05-006255-index.htm",
    "finalLink": "https://www.sec.gov/Archives/edgar/data/107263/000095013405006255/d22803ae10vkza.txt"
  },
  {
    "date": "2004-09-30",
    "symbol": "WMB",
    "reportedCurrency": "USD",
    "cik": "0000107263",
    "fillingDate": "2004-11-04",
    "acceptedDate": "2004-11-04 08:06:31",
    "calendarYear": "2004",
    "period": "Q3",
    "revenue": 3375200000,
    "costOfRevenue": 0,
    "grossProfit": 0,
    "grossProfitRatio": 0,
    "researchAndDevelopmentExpenses": 0,
    "generalAndAdministrativeExpenses": 0,
    "sellingAndMarketingExpenses": 0,
    "sellingGeneralAndAdministrativeExpenses": 113500000,
    "otherExpenses": 3011000000,
    "operatingExpenses": 3124500000,
    "costAndExpenses": 3124500000,
    "interestIncome": 0,
    "interestExpense": 0,
    "depreciationAndAmortization": 166900000,
    "ebitda": 417600000,
    "ebitdaratio": 0.1237260014,
    "operatingIncome": 250700000,
    "operatingIncomeRatio": 0.0742770799,
    "totalOtherIncomeExpensesNet": -185900000,
    "incomeBeforeTax": 64800000,
    "incomeBeforeTaxRatio": 0.0191988623,
    "incomeTaxExpense": 48600000,
    "netIncome": 98600000,
    "netIncomeRatio": 0.0292130837,
    "eps": 0.19,
    "epsdiluted": 0.19,
    "weightedAverageShsOut": 523111000,
    "weightedAverageShsOutDil": 529525000,
    "link": "https://www.sec.gov/Archives/edgar/data/107263/000095013404016346/0000950134-04-016346-index.htm",
    "finalLink": "https://www.sec.gov/Archives/edgar/data/107263/000095013404016346/d19585e10vq.htm"
  },
  {
    "date": "2004-06-30",
    "symbol": "WMB",
    "reportedCurrency": "USD",
    "cik": "0000107263",
    "fillingDate": "2004-08-05",
    "acceptedDate": "2004-08-05 07:47:09",
    "calendarYear": "2004",
    "period": "Q2",
    "revenue": 3051900000,
    "costOfRevenue": 0,
    "grossProfit": 0,
    "grossProfitRatio": 0,
    "researchAndDevelopmentExpenses": 0,
    "generalAndAdministrativeExpenses": 0,
    "sellingAndMarketingExpenses": 0,
    "sellingGeneralAndAdministrativeExpenses": 111200000,
    "otherExpenses": 2758200000,
    "operatingExpenses": 2869400000,
    "costAndExpenses": 2869400000,
    "interestIncome": 0,
    "interestExpense": 0,
    "depreciationAndAmortization": 168100000,
    "ebitda": 350600000,
    "ebitdaratio": 0.1148792555,
    "operatingIncome": 182500000,
    "operatingIncomeRatio": 0.0597988139,
    "totalOtherIncomeExpensesNet": -218800000,
    "incomeBeforeTax": -36300000,
    "incomeBeforeTaxRatio": -0.0118942298,
    "incomeTaxExpense": -17800000,
    "netIncome": -18200000,
    "netIncomeRatio": -0.0059634981,
    "eps": -0.0349,
    "epsdiluted": -0.0349,
    "weightedAverageShsOut": 521698000,
    "weightedAverageShsOutDil": 521698000,
    "link": "https://www.sec.gov/Archives/edgar/data/107263/000095013404011381/0000950134-04-011381-index.htm",
    "finalLink": "https://www.sec.gov/Archives/edgar/data/107263/000095013404011381/d17239e10vq.htm"
  },
  {
    "date": "2004-03-31",
    "symbol": "WMB",
    "reportedCurrency": "USD",
    "cik": "0000107263",
    "fillingDate": "2004-05-06",
    "acceptedDate": "2004-05-06 07:17:23",
    "calendarYear": "2004",
    "period": "Q1",
    "revenue": 3070000000,
    "costOfRevenue": 0,
    "grossProfit": 0,
    "grossProfitRatio": 0,
    "researchAndDevelopmentExpenses": 0,
    "generalAndAdministrativeExpenses": 0,
    "sellingAndMarketingExpenses": 0,
    "sellingGeneralAndAdministrativeExpenses": 117500000,
    "otherExpenses": 2690900000,
    "operatingExpenses": 2808400000,
    "costAndExpenses": 2808400000,
    "interestIncome": 0,
    "interestExpense": 0,
    "depreciationAndAmortization": 160400000,
    "ebitda": 422000000,
    "ebitdaratio": 0.1374592834,
    "operatingIncome": 261600000,
    "operatingIncomeRatio": 0.0852117264,
    "totalOtherIncomeExpensesNet": -244500000,
    "incomeBeforeTax": 17100000,
    "incomeBeforeTaxRatio": 0.0055700326,
    "incomeTaxExpense": 12300000,
    "netIncome": 9900000,
    "netIncomeRatio": 0.0032247557,
    "eps": 0.02,
    "epsdiluted": 0.02,
    "weightedAverageShsOut": 519485000,
    "weightedAverageShsOutDil": 519485000,
    "link": "https://www.sec.gov/Archives/edgar/data/107263/000095013404006766/0000950134-04-006766-index.htm",
    "finalLink": "https://www.sec.gov/Archives/edgar/data/107263/000095013404006766/d14925e10vq.htm"
  },
  {
    "date": "2003-12-31",
    "symbol": "WMB",
    "reportedCurrency": "USD",
    "cik": "0000107263",
    "fillingDate": "2004-03-15",
    "acceptedDate": "2004-03-15 15:11:13",
    "calendarYear": "2003",
    "period": "Q4",
    "revenue": 3549200000,
    "costOfRevenue": 0,
    "grossProfit": 0,
    "grossProfitRatio": 0,
    "researchAndDevelopmentExpenses": 0,
    "generalAndAdministrativeExpenses": 0,
    "sellingAndMarketingExpenses": 0,
    "sellingGeneralAndAdministrativeExpenses": 115100000,
    "otherExpenses": 3183700000,
    "operatingExpenses": 3298800000,
    "costAndExpenses": 3298800000,
    "interestIncome": 0,
    "interestExpense": 0,
    "depreciationAndAmortization": 339600000,
    "ebitda": 590000000,
    "ebitdaratio": 0.1662346444,
    "operatingIncome": 250400000,
    "operatingIncomeRatio": 0.0705511101,
    "totalOtherIncomeExpensesNet": -437300000,
    "incomeBeforeTax": -186900000,
    "incomeBeforeTaxRatio": -0.0526597543,
    "incomeTaxExpense": -102400000,
    "netIncome": -53700000,
    "netIncomeRatio": -0.0151301702,
    "eps": -0.1,
    "epsdiluted": -0.1,
    "weightedAverageShsOut": 519485000,
    "weightedAverageShsOutDil": 525752000,
    "link": "https://www.sec.gov/Archives/edgar/data/107263/000095013404003499/0000950134-04-003499-index.htm",
    "finalLink": "https://www.sec.gov/Archives/edgar/data/107263/000095013404003499/d12870e10vk.htm"
  },
  {
    "date": "2003-09-30",
    "symbol": "WMB",
    "reportedCurrency": "USD",
    "cik": "0000107263",
    "fillingDate": "2003-11-06",
    "acceptedDate": "2003-11-06 08:02:22",
    "calendarYear": "2003",
    "period": "Q3",
    "revenue": 4743400000,
    "costOfRevenue": 0,
    "grossProfit": 0,
    "grossProfitRatio": 0,
    "researchAndDevelopmentExpenses": 0,
    "generalAndAdministrativeExpenses": 0,
    "sellingAndMarketingExpenses": 0,
    "sellingGeneralAndAdministrativeExpenses": 113900000,
    "otherExpenses": 4387600000,
    "operatingExpenses": 4501500000,
    "costAndExpenses": 4501500000,
    "interestIncome": 0,
    "interestExpense": 0,
    "depreciationAndAmortization": 164100000,
    "ebitda": 406000000,
    "ebitdaratio": 0.0855926129,
    "operatingIncome": 241900000,
    "operatingIncomeRatio": 0.050997175,
    "totalOtherIncomeExpensesNet": -198900000,
    "incomeBeforeTax": 43000000,
    "incomeBeforeTaxRatio": 0.0090652275,
    "incomeTaxExpense": 23000000,
    "netIncome": 106300000,
    "netIncomeRatio": 0.0224100856,
    "eps": 0.21,
    "epsdiluted": 0.2,
    "weightedAverageShsOut": 518292000,
    "weightedAverageShsOutDil": 524711000,
    "link": "https://www.sec.gov/Archives/edgar/data/107263/000095013403014506/0000950134-03-014506-index.htm",
    "finalLink": "https://www.sec.gov/Archives/edgar/data/107263/000095013403014506/d10156e10vq.txt"
  },
  {
    "date": "2003-06-30",
    "symbol": "WMB",
    "reportedCurrency": "USD",
    "cik": "0000107263",
    "fillingDate": "2003-08-12",
    "acceptedDate": "2003-08-12 08:33:02",
    "calendarYear": "2003",
    "period": "Q2",
    "revenue": 3763800000,
    "costOfRevenue": 0,
    "grossProfit": 0,
    "grossProfitRatio": 0,
    "researchAndDevelopmentExpenses": 0,
    "generalAndAdministrativeExpenses": 0,
    "sellingAndMarketingExpenses": 0,
    "sellingGeneralAndAdministrativeExpenses": 138600000,
    "otherExpenses": 2943800000,
    "operatingExpenses": 3082400000,
    "costAndExpenses": 3082400000,
    "interestIncome": 0,
    "interestExpense": 0,
    "depreciationAndAmortization": 259600000,
    "ebitda": 941000000,
    "ebitdaratio": 0.2500132844,
    "operatingIncome": 681400000,
    "operatingIncomeRatio": 0.1810404379,
    "totalOtherIncomeExpensesNet": -436000000,
    "incomeBeforeTax": 245400000,
    "incomeBeforeTaxRatio": 0.0652000638,
    "incomeTaxExpense": 127400000,
    "netIncome": 269700000,
    "netIncomeRatio": 0.0716563048,
    "eps": 0.48,
    "epsdiluted": 0.46,
    "weightedAverageShsOut": 518090000,
    "weightedAverageShsOutDil": 534839000,
    "link": "https://www.sec.gov/Archives/edgar/data/107263/000095013403011381/0000950134-03-011381-index.htm",
    "finalLink": "https://www.sec.gov/Archives/edgar/data/107263/000095013403011381/d07692e10vq.txt"
  },
  {
    "date": "2003-03-31",
    "symbol": "WMB",
    "reportedCurrency": "USD",
    "cik": "0000107263",
    "fillingDate": "2003-05-13",
    "acceptedDate": "2003-05-13 08:02:20",
    "calendarYear": "2003",
    "period": "Q1",
    "revenue": 4832600000,
    "costOfRevenue": 0,
    "grossProfit": 0,
    "grossProfitRatio": 0,
    "researchAndDevelopmentExpenses": 0,
    "generalAndAdministrativeExpenses": 0,
    "sellingAndMarketingExpenses": 0,
    "sellingGeneralAndAdministrativeExpenses": 130300000,
    "otherExpenses": 4474100000,
    "operatingExpenses": 4604400000,
    "costAndExpenses": 4604400000,
    "interestIncome": 0,
    "interestExpense": 0,
    "depreciationAndAmortization": 249200000,
    "ebitda": 477400000,
    "ebitdaratio": 0.0987874022,
    "operatingIncome": 228200000,
    "operatingIncomeRatio": 0.0472209577,
    "totalOtherIncomeExpensesNet": -278800000,
    "incomeBeforeTax": -50600000,
    "incomeBeforeTaxRatio": -0.0104705542,
    "incomeTaxExpense": -11300000,
    "netIncome": -814500000,
    "netIncomeRatio": -0.1685428134,
    "eps": -0.1,
    "epsdiluted": -0.1,
    "weightedAverageShsOut": 517652000,
    "weightedAverageShsOutDil": 517652000,
    "link": "https://www.sec.gov/Archives/edgar/data/107263/000095013403007654/0000950134-03-007654-index.htm",
    "finalLink": "https://www.sec.gov/Archives/edgar/data/107263/000095013403007654/d05601e10vq.txt"
  },
  {
    "date": "2002-12-31",
    "symbol": "WMB",
    "reportedCurrency": "USD",
    "cik": "0000107263",
    "fillingDate": "2003-03-19",
    "acceptedDate": "2003-03-19 16:24:45",
    "calendarYear": "2002",
    "period": "Q4",
    "revenue": -909800000,
    "costOfRevenue": 0,
    "grossProfit": 0,
    "grossProfitRatio": 0,
    "researchAndDevelopmentExpenses": 0,
    "generalAndAdministrativeExpenses": 0,
    "sellingAndMarketingExpenses": 0,
    "sellingGeneralAndAdministrativeExpenses": 109900000,
    "otherExpenses": -1350300000,
    "operatingExpenses": -1240400000,
    "costAndExpenses": -1240400000,
    "interestIncome": 0,
    "interestExpense": 0,
    "depreciationAndAmortization": 278200000,
    "ebitda": 608800000,
    "ebitdaratio": -0.6691580567,
    "operatingIncome": 330600000,
    "operatingIncomeRatio": -0.3633765663,
    "totalOtherIncomeExpensesNet": -80100000,
    "incomeBeforeTax": 250500000,
    "incomeBeforeTaxRatio": -0.2753352385,
    "incomeTaxExpense": 118000000,
    "netIncome": -219200000,
    "netIncomeRatio": 0.240932073,
    "eps": -0.42,
    "epsdiluted": -0.42,
    "weightedAverageShsOut": 516688000,
    "weightedAverageShsOutDil": 517652000,
    "link": "https://www.sec.gov/Archives/edgar/data/107263/000095013403004171/0000950134-03-004171-index.htm",
    "finalLink": "https://www.sec.gov/Archives/edgar/data/107263/000095013403004171/d03793e10vk.txt"
  },
  {
    "date": "2002-09-30",
    "symbol": "WMB",
    "reportedCurrency": "USD",
    "cik": "0000107263",
    "fillingDate": "2002-11-14",
    "acceptedDate": "2002-11-14 08:17:03",
    "calendarYear": "2002",
    "period": "Q3",
    "revenue": 719200000,
    "costOfRevenue": 0,
    "grossProfit": 0,
    "grossProfitRatio": 0,
    "researchAndDevelopmentExpenses": 0,
    "generalAndAdministrativeExpenses": 0,
    "sellingAndMarketingExpenses": 0,
    "sellingGeneralAndAdministrativeExpenses": 202200000,
    "otherExpenses": 527300000,
    "operatingExpenses": 729500000,
    "costAndExpenses": 729500000,
    "interestIncome": 0,
    "interestExpense": 0,
    "depreciationAndAmortization": 146900000,
    "ebitda": 136600000,
    "ebitdaratio": 0.1899332592,
    "operatingIncome": -10300000,
    "operatingIncomeRatio": -0.0143214683,
    "totalOtherIncomeExpensesNet": -233100000,
    "incomeBeforeTax": -243400000,
    "incomeBeforeTaxRatio": -0.3384315907,
    "incomeTaxExpense": -72200000,
    "netIncome": -294100000,
    "netIncomeRatio": -0.4089265851,
    "eps": -0.57,
    "epsdiluted": -0.57,
    "weightedAverageShsOut": 516901000,
    "weightedAverageShsOutDil": 516901000,
    "link": "https://www.sec.gov/Archives/edgar/data/107263/000095013402014240/0000950134-02-014240-index.htm",
    "finalLink": "https://www.sec.gov/Archives/edgar/data/107263/000095013402014240/d00961e10vq.txt"
  },
  {
    "date": "2002-06-30",
    "symbol": "WMB",
    "reportedCurrency": "USD",
    "cik": "0000107263",
    "fillingDate": "2002-08-14",
    "acceptedDate": "2002-08-14 16:03:36",
    "calendarYear": "2002",
    "period": "Q2",
    "revenue": 747100000,
    "costOfRevenue": 0,
    "grossProfit": 0,
    "grossProfitRatio": 0,
    "researchAndDevelopmentExpenses": 0,
    "generalAndAdministrativeExpenses": 0,
    "sellingAndMarketingExpenses": 0,
    "sellingGeneralAndAdministrativeExpenses": 196700000,
    "otherExpenses": 758800000,
    "operatingExpenses": 955500000,
    "costAndExpenses": 955500000,
    "interestIncome": 0,
    "interestExpense": 0,
    "depreciationAndAmortization": 124000000,
    "ebitda": -84400000,
    "ebitdaratio": -0.1129701513,
    "operatingIncome": -208400000,
    "operatingIncomeRatio": -0.278945255,
    "totalOtherIncomeExpensesNet": -279800000,
    "incomeBeforeTax": -488200000,
    "incomeBeforeTaxRatio": -0.6534600455,
    "incomeTaxExpense": -156400000,
    "netIncome": -349100000,
    "netIncomeRatio": -0.4672734574,
    "eps": -0.67,
    "epsdiluted": -0.67,
    "weightedAverageShsOut": 520427000,
    "weightedAverageShsOutDil": 520427000,
    "link": "https://www.sec.gov/Archives/edgar/data/107263/000095013402010079/0000950134-02-010079-index.htm",
    "finalLink": "https://www.sec.gov/Archives/edgar/data/107263/000095013402010079/d98983e10vq.txt"
  },
  {
    "date": "2002-03-31",
    "symbol": "WMB",
    "reportedCurrency": "USD",
    "cik": "0000107263",
    "fillingDate": "2002-05-09",
    "acceptedDate": "2002-05-09 17:29:04",
    "calendarYear": "2002",
    "period": "Q1",
    "revenue": 2184800000,
    "costOfRevenue": 0,
    "grossProfit": 0,
    "grossProfitRatio": 0,
    "researchAndDevelopmentExpenses": 0,
    "generalAndAdministrativeExpenses": 0,
    "sellingAndMarketingExpenses": 0,
    "sellingGeneralAndAdministrativeExpenses": 196500000,
    "otherExpenses": 1537200000,
    "operatingExpenses": 1733700000,
    "costAndExpenses": 1733700000,
    "interestIncome": 0,
    "interestExpense": 0,
    "depreciationAndAmortization": 211600000,
    "ebitda": 662700000,
    "ebitdaratio": 0.3033229586,
    "operatingIncome": 451100000,
    "operatingIncomeRatio": 0.2064719883,
    "totalOtherIncomeExpensesNet": -240800000,
    "incomeBeforeTax": 210300000,
    "incomeBeforeTaxRatio": 0.0962559502,
    "incomeTaxExpense": 87100000,
    "netIncome": 107700000,
    "netIncomeRatio": 0.04929513,
    "eps": 0.21,
    "epsdiluted": 0.21,
    "weightedAverageShsOut": 519224000,
    "weightedAverageShsOutDil": 521240000,
    "link": "https://www.sec.gov/Archives/edgar/data/107263/000095013402004940/0000950134-02-004940-index.htm",
    "finalLink": "https://www.sec.gov/Archives/edgar/data/107263/000095013402004940/d96548e10-q.txt"
  },
  {
    "date": "2001-12-31",
    "symbol": "WMB",
    "reportedCurrency": "USD",
    "cik": "0000107263",
    "fillingDate": "2002-03-07",
    "acceptedDate": "2002-03-07 00:00:00",
    "calendarYear": "2001",
    "period": "Q4",
    "revenue": 2315700000,
    "costOfRevenue": 0,
    "grossProfit": 0,
    "grossProfitRatio": 0,
    "researchAndDevelopmentExpenses": 0,
    "generalAndAdministrativeExpenses": 0,
    "sellingAndMarketingExpenses": 0,
    "sellingGeneralAndAdministrativeExpenses": 180100000,
    "otherExpenses": 1906800000,
    "operatingExpenses": 2086900000,
    "costAndExpenses": 2086900000,
    "interestIncome": 0,
    "interestExpense": 0,
    "depreciationAndAmortization": 235500000,
    "ebitda": 464300000,
    "ebitdaratio": 0.2005009284,
    "operatingIncome": 228800000,
    "operatingIncomeRatio": 0.0988038174,
    "totalOtherIncomeExpensesNet": -356600000,
    "incomeBeforeTax": -127800000,
    "incomeBeforeTaxRatio": -0.0551884959,
    "incomeTaxExpense": -24100000,
    "netIncome": -1237700000,
    "netIncomeRatio": -0.5344820141,
    "eps": -2.38,
    "epsdiluted": -2.37,
    "weightedAverageShsOut": 519224000,
    "weightedAverageShsOutDil": 521240000,
    "link": "https://www.sec.gov/Archives/edgar/data/107263/000095013402001868/0000950134-02-001868-index.htm",
    "finalLink": "https://www.sec.gov/Archives/edgar/data/107263/000095013402001868/d93687e10-k.txt"
  },
  {
    "date": "2001-09-30",
    "symbol": "WMB",
    "reportedCurrency": "USD",
    "cik": "0000107263",
    "fillingDate": "2001-11-13",
    "acceptedDate": "2001-11-13 00:00:00",
    "calendarYear": "2001",
    "period": "Q3",
    "revenue": 2810400000,
    "costOfRevenue": 0,
    "grossProfit": 0,
    "grossProfitRatio": 0,
    "researchAndDevelopmentExpenses": 0,
    "generalAndAdministrativeExpenses": 0,
    "sellingAndMarketingExpenses": 0,
    "sellingGeneralAndAdministrativeExpenses": 276100000,
    "otherExpenses": 1831000000,
    "operatingExpenses": 2107100000,
    "costAndExpenses": 2107100000,
    "interestIncome": 0,
    "interestExpense": 0,
    "depreciationAndAmortization": 212600000,
    "ebitda": 915900000,
    "ebitdaratio": 0.3258966695,
    "operatingIncome": 703300000,
    "operatingIncomeRatio": 0.2502490749,
    "totalOtherIncomeExpensesNet": -284300000,
    "incomeBeforeTax": 419000000,
    "incomeBeforeTaxRatio": 0.1490890976,
    "incomeTaxExpense": 197700000,
    "netIncome": 221300000,
    "netIncomeRatio": 0.0787432394,
    "eps": 0.44,
    "epsdiluted": 0.44,
    "weightedAverageShsOut": 502877000,
    "weightedAverageShsOutDil": 506165000,
    "link": "https://www.sec.gov/Archives/edgar/data/107263/000095013401508405/0000950134-01-508405-index.htm",
    "finalLink": "https://www.sec.gov/Archives/edgar/data/107263/000095013401508405/d91921e10-q.txt"
  },
  {
    "date": "2001-06-30",
    "symbol": "WMB",
    "reportedCurrency": "USD",
    "cik": "0000107263",
    "fillingDate": "2001-08-13",
    "acceptedDate": "2001-08-13 00:00:00",
    "calendarYear": "2001",
    "period": "Q2",
    "revenue": 2921300000,
    "costOfRevenue": 0,
    "grossProfit": 0,
    "grossProfitRatio": 0,
    "researchAndDevelopmentExpenses": 0,
    "generalAndAdministrativeExpenses": 0,
    "sellingAndMarketingExpenses": 0,
    "sellingGeneralAndAdministrativeExpenses": 220900000,
    "otherExpenses": 2119800000,
    "operatingExpenses": 2340700000,
    "costAndExpenses": 2340700000,
    "interestIncome": 0,
    "interestExpense": 0,
    "depreciationAndAmortization": 175300000,
    "ebitda": 755900000,
    "ebitdaratio": 0.258754664,
    "operatingIncome": 580600000,
    "operatingIncomeRatio": 0.1987471331,
    "totalOtherIncomeExpensesNet": -40900000,
    "incomeBeforeTax": 539700000,
    "incomeBeforeTaxRatio": 0.184746517,
    "incomeTaxExpense": 210900000,
    "netIncome": 339500000,
    "netIncomeRatio": 0.1162153836,
    "eps": 0.7,
    "epsdiluted": 0.7,
    "weightedAverageShsOut": 487211000,
    "weightedAverageShsOutDil": 491698000,
    "link": "https://www.sec.gov/Archives/edgar/data/107263/000095013401505186/0000950134-01-505186-index.htm",
    "finalLink": "https://www.sec.gov/Archives/edgar/data/107263/000095013401505186/d89684e10-q.txt"
  },
  {
    "date": "2001-03-31",
    "symbol": "WMB",
    "reportedCurrency": "USD",
    "cik": "0000107263",
    "fillingDate": "2001-05-15",
    "acceptedDate": "2001-05-15 00:00:00",
    "calendarYear": "2001",
    "period": "Q1",
    "revenue": 3057700000,
    "costOfRevenue": 0,
    "grossProfit": 0,
    "grossProfitRatio": 0,
    "researchAndDevelopmentExpenses": 0,
    "generalAndAdministrativeExpenses": 0,
    "sellingAndMarketingExpenses": 0,
    "sellingGeneralAndAdministrativeExpenses": 224500000,
    "otherExpenses": 2037700000,
    "operatingExpenses": 2262200000,
    "costAndExpenses": 2262200000,
    "interestIncome": 0,
    "interestExpense": 0,
    "depreciationAndAmortization": 174300000,
    "ebitda": 969800000,
    "ebitdaratio": 0.3171664977,
    "operatingIncome": 795500000,
    "operatingIncomeRatio": 0.2601628675,
    "totalOtherIncomeExpensesNet": -195700000,
    "incomeBeforeTax": 599800000,
    "incomeBeforeTaxRatio": 0.1961605128,
    "incomeTaxExpense": 232900000,
    "netIncome": 199200000,
    "netIncomeRatio": 0.0651470059,
    "eps": 0.42,
    "epsdiluted": 0.41,
    "weightedAverageShsOut": 479090000,
    "weightedAverageShsOutDil": 483310000,
    "link": "https://www.sec.gov/Archives/edgar/data/107263/000095013401501933/0000950134-01-501933-index.htm",
    "finalLink": "https://www.sec.gov/Archives/edgar/data/107263/000095013401501933/d86940e10-q.txt"
  },
  {
    "date": "2000-12-31",
    "symbol": "WMB",
    "reportedCurrency": "USD",
    "cik": "0000107263",
    "fillingDate": "2001-03-12",
    "acceptedDate": "2001-03-12 00:00:00",
    "calendarYear": "2000",
    "period": "Q4",
    "revenue": 2252400000,
    "costOfRevenue": 0,
    "grossProfit": 0,
    "grossProfitRatio": 0,
    "researchAndDevelopmentExpenses": 0,
    "generalAndAdministrativeExpenses": 0,
    "sellingAndMarketingExpenses": 0,
    "sellingGeneralAndAdministrativeExpenses": 5300000,
    "otherExpenses": 1560000000,
    "operatingExpenses": 1565300000,
    "costAndExpenses": 1565300000,
    "interestIncome": 0,
    "interestExpense": 0,
    "depreciationAndAmortization": 200400000,
    "ebitda": 887500000,
    "ebitdaratio": 0.394024152,
    "operatingIncome": 687100000,
    "operatingIncomeRatio": 0.3050523886,
    "totalOtherIncomeExpensesNet": -228500000,
    "incomeBeforeTax": 458600000,
    "incomeBeforeTaxRatio": 0.2036050435,
    "incomeTaxExpense": 179600000,
    "netIncome": -48300000,
    "netIncomeRatio": -0.0214437933,
    "eps": -0.1,
    "epsdiluted": -0.0999,
    "weightedAverageShsOut": 479090000,
    "weightedAverageShsOutDil": 483310000,
    "link": "https://www.sec.gov/Archives/edgar/data/107263/000095013401002063/0000950134-01-002063-index.htm",
    "finalLink": "https://www.sec.gov/Archives/edgar/data/107263/000095013401002063/d84653e10-k405.txt"
  },
  {
    "date": "2000-09-30",
    "symbol": "WMB",
    "reportedCurrency": "USD",
    "cik": "0000107263",
    "fillingDate": "2000-11-14",
    "acceptedDate": "2000-11-14 00:00:00",
    "calendarYear": "2000",
    "period": "Q3",
    "revenue": 2858800000,
    "costOfRevenue": 0,
    "grossProfit": 0,
    "grossProfitRatio": 0,
    "researchAndDevelopmentExpenses": 0,
    "generalAndAdministrativeExpenses": 0,
    "sellingAndMarketingExpenses": 0,
    "sellingGeneralAndAdministrativeExpenses": 361000000,
    "otherExpenses": 2170200000,
    "operatingExpenses": 2531200000,
    "costAndExpenses": 2531200000,
    "interestIncome": 0,
    "interestExpense": 0,
    "depreciationAndAmortization": 317600000,
    "ebitda": 645200000,
    "ebitdaratio": 0.2256891003,
    "operatingIncome": 327600000,
    "operatingIncomeRatio": 0.1145935357,
    "totalOtherIncomeExpensesNet": -143600000,
    "incomeBeforeTax": 184000000,
    "incomeBeforeTaxRatio": 0.0643626697,
    "incomeTaxExpense": 62900000,
    "netIncome": 121100000,
    "netIncomeRatio": 0.042360431,
    "eps": 0.27,
    "epsdiluted": 0.27,
    "weightedAverageShsOut": 445066000,
    "weightedAverageShsOutDil": 450294000,
    "link": "https://www.sec.gov/Archives/edgar/data/107263/000095013400009723/0000950134-00-009723-index.htm",
    "finalLink": "https://www.sec.gov/Archives/edgar/data/107263/000095013400009723/d81831e10-q.txt"
  },
  {
    "date": "2000-06-30",
    "symbol": "WMB",
    "reportedCurrency": "USD",
    "cik": "0000107263",
    "fillingDate": "2000-08-11",
    "acceptedDate": "2000-08-11 00:00:00",
    "calendarYear": "2000",
    "period": "Q2",
    "revenue": 2349700000,
    "costOfRevenue": 0,
    "grossProfit": 0,
    "grossProfitRatio": 0,
    "researchAndDevelopmentExpenses": 0,
    "generalAndAdministrativeExpenses": 0,
    "sellingAndMarketingExpenses": 0,
    "sellingGeneralAndAdministrativeExpenses": 237100000,
    "otherExpenses": 1504200000,
    "operatingExpenses": 1741300000,
    "costAndExpenses": 1741300000,
    "interestIncome": 0,
    "interestExpense": 0,
    "depreciationAndAmortization": 159600000,
    "ebitda": 768000000,
    "ebitdaratio": 0.3268502362,
    "operatingIncome": 608400000,
    "operatingIncomeRatio": 0.2589266715,
    "totalOtherIncomeExpensesNet": -139400000,
    "incomeBeforeTax": 469000000,
    "incomeBeforeTaxRatio": 0.1995999489,
    "incomeTaxExpense": 182600000,
    "netIncome": 351800000,
    "netIncomeRatio": 0.149721241,
    "eps": 0.79,
    "epsdiluted": 0.78,
    "weightedAverageShsOut": 443778000,
    "weightedAverageShsOutDil": 448617000,
    "link": "https://www.sec.gov/Archives/edgar/data/107263/000095013400006697/0000950134-00-006697-index.htm",
    "finalLink": "https://www.sec.gov/Archives/edgar/data/107263/000095013400006697/e10-q.txt"
  },
  {
    "date": "2000-03-31",
    "symbol": "WMB",
    "reportedCurrency": "USD",
    "cik": "0000107263",
    "fillingDate": "2000-05-15",
    "acceptedDate": "2000-05-15 00:00:00",
    "calendarYear": "2000",
    "period": "Q1",
    "revenue": 1899300000,
    "costOfRevenue": 0,
    "grossProfit": 0,
    "grossProfitRatio": 0,
    "researchAndDevelopmentExpenses": 0,
    "generalAndAdministrativeExpenses": 0,
    "sellingAndMarketingExpenses": 0,
    "sellingGeneralAndAdministrativeExpenses": 203300000,
    "otherExpenses": 1310000000,
    "operatingExpenses": 1513300000,
    "costAndExpenses": 1513300000,
    "interestIncome": 0,
    "interestExpense": 0,
    "depreciationAndAmortization": 154300000,
    "ebitda": 540300000,
    "ebitdaratio": 0.284473227,
    "operatingIncome": 386000000,
    "operatingIncomeRatio": 0.20323277,
    "totalOtherIncomeExpensesNet": -146800000,
    "incomeBeforeTax": 239200000,
    "incomeBeforeTaxRatio": 0.1259411362,
    "incomeTaxExpense": 100300000,
    "netIncome": 99700000,
    "netIncomeRatio": 0.0524930237,
    "eps": 0.22,
    "epsdiluted": 0.22,
    "weightedAverageShsOut": 442884000,
    "weightedAverageShsOutDil": 448105000,
    "link": "https://www.sec.gov/Archives/edgar/data/107263/000095013400004450/0000950134-00-004450-index.html",
    "finalLink": "https://www.sec.gov/Archives/edgar/data/107263/000095013400004450/"
  },
  {
    "date": "1999-12-31",
    "symbol": "WMB",
    "reportedCurrency": "USD",
    "cik": "0000107263",
    "fillingDate": "2000-03-28",
    "acceptedDate": "2000-03-28 00:00:00",
    "calendarYear": "1999",
    "period": "Q4",
    "revenue": 2410100000,
    "costOfRevenue": 0,
    "grossProfit": 0,
    "grossProfitRatio": 0,
    "researchAndDevelopmentExpenses": 0,
    "generalAndAdministrativeExpenses": 0,
    "sellingAndMarketingExpenses": 0,
    "sellingGeneralAndAdministrativeExpenses": 386700000,
    "otherExpenses": 1792000000,
    "operatingExpenses": 2178700000,
    "costAndExpenses": 2178700000,
    "interestIncome": 0,
    "interestExpense": 0,
    "depreciationAndAmortization": 0,
    "ebitda": 428300000,
    "ebitdaratio": 0.1777104684,
    "operatingIncome": 231400000,
    "operatingIncomeRatio": 0.0960126136,
    "totalOtherIncomeExpensesNet": -118500000,
    "incomeBeforeTax": 112900000,
    "incomeBeforeTaxRatio": 0.0468445293,
    "incomeTaxExpense": 39700000,
    "netIncome": 138400000,
    "netIncomeRatio": 0.0574250031,
    "eps": 0.31,
    "epsdiluted": 0.31,
    "weightedAverageShsOut": 442884000,
    "weightedAverageShsOutDil": 448105000,
    "link": "https://www.sec.gov/Archives/edgar/data/107263/000095013400002540/0000950134-00-002540-index.html",
    "finalLink": "https://www.sec.gov/Archives/edgar/data/107263/000095013400002540/"
  },
  {
    "date": "1999-09-30",
    "symbol": "WMB",
    "reportedCurrency": "USD",
    "cik": "0000107263",
    "fillingDate": "1999-11-12",
    "acceptedDate": "1999-11-12 00:00:00",
    "calendarYear": "1999",
    "period": "Q3",
    "revenue": 2207200000,
    "costOfRevenue": 0,
    "grossProfit": 0,
    "grossProfitRatio": 0,
    "researchAndDevelopmentExpenses": 0,
    "generalAndAdministrativeExpenses": 0,
    "sellingAndMarketingExpenses": 0,
    "sellingGeneralAndAdministrativeExpenses": 323900000,
    "otherExpenses": 1666900000,
    "operatingExpenses": 1990800000,
    "costAndExpenses": 1990800000,
    "interestIncome": 0,
    "interestExpense": 0,
    "depreciationAndAmortization": 194100000,
    "ebitda": 410500000,
    "ebitdaratio": 0.1859822399,
    "operatingIncome": 216400000,
    "operatingIncomeRatio": 0.0980427691,
    "totalOtherIncomeExpensesNet": -147900000,
    "incomeBeforeTax": 68500000,
    "incomeBeforeTaxRatio": 0.0310347952,
    "incomeTaxExpense": 40400000,
    "netIncome": 28100000,
    "netIncomeRatio": 0.012731062,
    "eps": 0.0339,
    "epsdiluted": 0.0339,
    "weightedAverageShsOut": 463333333,
    "weightedAverageShsOutDil": 463333333,
    "link": "https://www.sec.gov/Archives/edgar/data/107263/000095013499009940/0000950134-99-009940-index.html",
    "finalLink": "https://www.sec.gov/Archives/edgar/data/107263/000095013499009940/"
  },
  {
    "date": "1999-06-30",
    "symbol": "WMB",
    "reportedCurrency": "USD",
    "cik": "0000107263",
    "fillingDate": "1999-08-16",
    "acceptedDate": "1999-08-16 00:00:00",
    "calendarYear": "1999",
    "period": "Q2",
    "revenue": 1986300000,
    "costOfRevenue": 0,
    "grossProfit": 0,
    "grossProfitRatio": 0,
    "researchAndDevelopmentExpenses": 0,
    "generalAndAdministrativeExpenses": 0,
    "sellingAndMarketingExpenses": 0,
    "sellingGeneralAndAdministrativeExpenses": 340400000,
    "otherExpenses": 1431000000,
    "operatingExpenses": 1771400000,
    "costAndExpenses": 1771400000,
    "interestIncome": 0,
    "interestExpense": 0,
    "depreciationAndAmortization": 178100000,
    "ebitda": 393000000,
    "ebitdaratio": 0.1978553089,
    "operatingIncome": 214900000,
    "operatingIncomeRatio": 0.1081911091,
    "totalOtherIncomeExpensesNet": -149100000,
    "incomeBeforeTax": 65800000,
    "incomeBeforeTaxRatio": 0.0331269194,
    "incomeTaxExpense": 48800000,
    "netIncome": 17000000,
    "netIncomeRatio": 0.0085586266,
    "eps": 0.04,
    "epsdiluted": 0.04,
    "weightedAverageShsOut": 402500000,
    "weightedAverageShsOutDil": 402500000,
    "link": "https://www.sec.gov/Archives/edgar/data/107263/000095013499007473/0000950134-99-007473-index.html",
    "finalLink": "https://www.sec.gov/Archives/edgar/data/107263/000095013499007473/"
  },
  {
    "date": "1999-03-31",
    "symbol": "WMB",
    "reportedCurrency": "USD",
    "cik": "0000107263",
    "fillingDate": "1999-05-14",
    "acceptedDate": "1999-05-14 00:00:00",
    "calendarYear": "1999",
    "period": "Q1",
    "revenue": 1984000000,
    "costOfRevenue": 0,
    "grossProfit": 0,
    "grossProfitRatio": 0,
    "researchAndDevelopmentExpenses": 0,
    "generalAndAdministrativeExpenses": 0,
    "sellingAndMarketingExpenses": 0,
    "sellingGeneralAndAdministrativeExpenses": 321600000,
    "otherExpenses": 1442600000,
    "operatingExpenses": 1764200000,
    "costAndExpenses": 1764200000,
    "interestIncome": 0,
    "interestExpense": 0,
    "depreciationAndAmortization": 172900000,
    "ebitda": 392700000,
    "ebitdaratio": 0.1979334677,
    "operatingIncome": 219800000,
    "operatingIncomeRatio": 0.1107862903,
    "totalOtherIncomeExpensesNet": -124000000,
    "incomeBeforeTax": 95800000,
    "incomeBeforeTaxRatio": 0.0482862903,
    "incomeTaxExpense": 39900000,
    "netIncome": 50300000,
    "netIncomeRatio": 0.0253528226,
    "eps": 0.12,
    "epsdiluted": 0.12,
    "weightedAverageShsOut": 405833333,
    "weightedAverageShsOutDil": 405833333,
    "link": "https://www.sec.gov/Archives/edgar/data/107263/000095013499004247/0000950134-99-004247-index.html",
    "finalLink": "https://www.sec.gov/Archives/edgar/data/107263/"
  },
  {
    "date": "1998-12-31",
    "symbol": "WMB",
    "reportedCurrency": "USD",
    "cik": "0000107263",
    "fillingDate": "1999-03-30",
    "acceptedDate": "1999-03-30 00:00:00",
    "calendarYear": "1998",
    "period": "Q4",
    "revenue": 2016900000,
    "costOfRevenue": 0,
    "grossProfit": 0,
    "grossProfitRatio": 0,
    "researchAndDevelopmentExpenses": 0,
    "generalAndAdministrativeExpenses": 0,
    "sellingAndMarketingExpenses": 0,
    "sellingGeneralAndAdministrativeExpenses": 374400000,
    "otherExpenses": 1473000000,
    "operatingExpenses": 1847400000,
    "costAndExpenses": 1847400000,
    "interestIncome": 0,
    "interestExpense": 0,
    "depreciationAndAmortization": 0,
    "ebitda": 344000000,
    "ebitdaratio": 0.1705587783,
    "operatingIncome": 169500000,
    "operatingIncomeRatio": 0.0840398632,
    "totalOtherIncomeExpensesNet": -189700000,
    "incomeBeforeTax": -20200000,
    "incomeBeforeTaxRatio": -0.0100153701,
    "incomeTaxExpense": -1100000,
    "netIncome": -33400000,
    "netIncomeRatio": -0.0165600674,
    "eps": -0.0823,
    "epsdiluted": -0.0823,
    "weightedAverageShsOut": 405833333,
    "weightedAverageShsOutDil": 405833333,
    "link": "https://www.sec.gov/Archives/edgar/data/107263/000095013499002181/0000950134-99-002181-index.html",
    "finalLink": "https://www.sec.gov/Archives/edgar/data/107263/"
  },
  {
    "date": "1998-09-30",
    "symbol": "WMB",
    "reportedCurrency": "USD",
    "cik": "0000107263",
    "fillingDate": "1998-11-13",
    "acceptedDate": "1998-11-13 00:00:00",
    "calendarYear": "1998",
    "period": "Q3",
    "revenue": 1886800000,
    "costOfRevenue": 0,
    "grossProfit": 0,
    "grossProfitRatio": 0,
    "researchAndDevelopmentExpenses": 0,
    "generalAndAdministrativeExpenses": 0,
    "sellingAndMarketingExpenses": 0,
    "sellingGeneralAndAdministrativeExpenses": 297000000,
    "otherExpenses": 1377200000,
    "operatingExpenses": 1674200000,
    "costAndExpenses": 1674200000,
    "interestIncome": 0,
    "interestExpense": 0,
    "depreciationAndAmortization": 0,
    "ebitda": 378600000,
    "ebitdaratio": 0.2006571974,
    "operatingIncome": 212600000,
    "operatingIncomeRatio": 0.1126775493,
    "totalOtherIncomeExpensesNet": -156800000,
    "incomeBeforeTax": 55800000,
    "incomeBeforeTaxRatio": 0.0295738817,
    "incomeTaxExpense": 23700000,
    "netIncome": 32100000,
    "netIncomeRatio": 0.0170129319,
    "eps": 0.07,
    "epsdiluted": 0.07,
    "weightedAverageShsOut": 431428571,
    "weightedAverageShsOutDil": 431428571,
    "link": "https://www.sec.gov/Archives/edgar/data/107263/000095013498008869/0000950134-98-008869-index.html",
    "finalLink": "https://www.sec.gov/Archives/edgar/data/107263/"
  },
  {
    "date": "1998-06-30",
    "symbol": "WMB",
    "reportedCurrency": "USD",
    "cik": "0000107263",
    "fillingDate": "1998-08-14",
    "acceptedDate": "1998-08-14 00:00:00",
    "calendarYear": "1998",
    "period": "Q2",
    "revenue": 1774300000,
    "costOfRevenue": 0,
    "grossProfit": 0,
    "grossProfitRatio": 0,
    "researchAndDevelopmentExpenses": 0,
    "generalAndAdministrativeExpenses": 0,
    "sellingAndMarketingExpenses": 0,
    "sellingGeneralAndAdministrativeExpenses": 267000000,
    "otherExpenses": 1259100000,
    "operatingExpenses": 1526100000,
    "costAndExpenses": 1526100000,
    "interestIncome": 0,
    "interestExpense": 0,
    "depreciationAndAmortization": 0,
    "ebitda": 398700000,
    "ebitdaratio": 0.2247083357,
    "operatingIncome": 248200000,
    "operatingIncomeRatio": 0.1398861523,
    "totalOtherIncomeExpensesNet": -145200000,
    "incomeBeforeTax": 103000000,
    "incomeBeforeTaxRatio": 0.0580510624,
    "incomeTaxExpense": 42300000,
    "netIncome": 60700000,
    "netIncomeRatio": 0.0342106746,
    "eps": 0.14,
    "epsdiluted": 0.14,
    "weightedAverageShsOut": 422142857,
    "weightedAverageShsOutDil": 422142857,
    "link": "https://www.sec.gov/Archives/edgar/data/107263/000095013498006922/0000950134-98-006922-index.html",
    "finalLink": "https://www.sec.gov/Archives/edgar/data/107263/"
  },
  {
    "date": "1998-03-31",
    "symbol": "WMB",
    "reportedCurrency": "USD",
    "cik": "0000107263",
    "fillingDate": "1998-05-15",
    "acceptedDate": "1998-05-15 00:00:00",
    "calendarYear": "1998",
    "period": "Q1",
    "revenue": 1958800000,
    "costOfRevenue": 0,
    "grossProfit": 0,
    "grossProfitRatio": 0,
    "researchAndDevelopmentExpenses": 0,
    "generalAndAdministrativeExpenses": 0,
    "sellingAndMarketingExpenses": 0,
    "sellingGeneralAndAdministrativeExpenses": 276400000,
    "otherExpenses": 1423100000,
    "operatingExpenses": 1699500000,
    "costAndExpenses": 1699500000,
    "interestIncome": 0,
    "interestExpense": 0,
    "depreciationAndAmortization": 0,
    "ebitda": 414600000,
    "ebitdaratio": 0.2116602001,
    "operatingIncome": 259300000,
    "operatingIncomeRatio": 0.1323769655,
    "totalOtherIncomeExpensesNet": -140900000,
    "incomeBeforeTax": 118400000,
    "incomeBeforeTaxRatio": 0.0604451705,
    "incomeTaxExpense": 45500000,
    "netIncome": 68100000,
    "netIncomeRatio": 0.0347661834,
    "eps": 0.16,
    "epsdiluted": 0.16,
    "weightedAverageShsOut": 411875000,
    "weightedAverageShsOutDil": 411875000,
    "link": "https://www.sec.gov/Archives/edgar/data/107263/000095013498004532/0000950134-98-004532-index.html",
    "finalLink": "https://www.sec.gov/Archives/edgar/data/107263/"
  },
  {
    "date": "1997-12-31",
    "symbol": "WMB",
    "reportedCurrency": "USD",
    "cik": "0000107263",
    "fillingDate": "1998-03-30",
    "acceptedDate": "1998-03-30 00:00:00",
    "calendarYear": "1997",
    "period": "Q4",
    "revenue": 1266600000,
    "costOfRevenue": 0,
    "grossProfit": 0,
    "grossProfitRatio": 0,
    "researchAndDevelopmentExpenses": 0,
    "generalAndAdministrativeExpenses": 0,
    "sellingAndMarketingExpenses": 0,
    "sellingGeneralAndAdministrativeExpenses": 247700000,
    "otherExpenses": 752800000,
    "operatingExpenses": 1000500000,
    "costAndExpenses": 1000500000,
    "interestIncome": 0,
    "interestExpense": 0,
    "depreciationAndAmortization": 0,
    "ebitda": 396000000,
    "ebitdaratio": 0.3126480341,
    "operatingIncome": 266100000,
    "operatingIncomeRatio": 0.2100900047,
    "totalOtherIncomeExpensesNet": -150200000,
    "incomeBeforeTax": 115900000,
    "incomeBeforeTaxRatio": 0.091504816,
    "incomeTaxExpense": 44400000,
    "netIncome": 66100000,
    "netIncomeRatio": 0.0521869572,
    "eps": 0.16,
    "epsdiluted": 0.16,
    "weightedAverageShsOut": 411875000,
    "weightedAverageShsOutDil": 411875000,
    "link": "https://www.sec.gov/Archives/edgar/data/107263/000095013498002643/0000950134-98-002643-index.html",
    "finalLink": "https://www.sec.gov/Archives/edgar/data/107263/"
  },
  {
    "date": "1997-09-30",
    "symbol": "WMB",
    "reportedCurrency": "USD",
    "cik": "0000107263",
    "fillingDate": "1997-11-14",
    "acceptedDate": "1997-11-14 00:00:00",
    "calendarYear": "1997",
    "period": "Q3",
    "revenue": 2099000000,
    "costOfRevenue": 0,
    "grossProfit": 0,
    "grossProfitRatio": 0,
    "researchAndDevelopmentExpenses": 0,
    "generalAndAdministrativeExpenses": 0,
    "sellingAndMarketingExpenses": 0,
    "sellingGeneralAndAdministrativeExpenses": 238200000,
    "otherExpenses": 1609500000,
    "operatingExpenses": 1847700000,
    "costAndExpenses": 1847700000,
    "interestIncome": 0,
    "interestExpense": 0,
    "depreciationAndAmortization": 0,
    "ebitda": 397400000,
    "ebitdaratio": 0.1893282515,
    "operatingIncome": 251300000,
    "operatingIncomeRatio": 0.1197236779,
    "totalOtherIncomeExpensesNet": -106800000,
    "incomeBeforeTax": 144500000,
    "incomeBeforeTaxRatio": 0.0688423059,
    "incomeTaxExpense": 57100000,
    "netIncome": 13700000,
    "netIncomeRatio": 0.0065269176,
    "eps": -0.0258,
    "epsdiluted": -0.0254,
    "weightedAverageShsOut": 325781250,
    "weightedAverageShsOutDil": 330952381,
    "link": "https://www.sec.gov/Archives/edgar/data/107263/000095013497008515/0000950134-97-008515-index.html",
    "finalLink": "https://www.sec.gov/Archives/edgar/data/107263/"
  },
  {
    "date": "1997-06-30",
    "symbol": "WMB",
    "reportedCurrency": "USD",
    "cik": "0000107263",
    "fillingDate": "1997-08-14",
    "acceptedDate": "1997-08-14 00:00:00",
    "calendarYear": "1997",
    "period": "Q2",
    "revenue": 1870900000,
    "costOfRevenue": 0,
    "grossProfit": 0,
    "grossProfitRatio": 0,
    "researchAndDevelopmentExpenses": 0,
    "generalAndAdministrativeExpenses": 0,
    "sellingAndMarketingExpenses": 0,
    "sellingGeneralAndAdministrativeExpenses": 223100000,
    "otherExpenses": 1374700000,
    "operatingExpenses": 1597800000,
    "costAndExpenses": 1597800000,
    "interestIncome": 0,
    "interestExpense": 0,
    "depreciationAndAmortization": 0,
    "ebitda": 419200000,
    "ebitdaratio": 0.224063285,
    "operatingIncome": 273100000,
    "operatingIncomeRatio": 0.1459725266,
    "totalOtherIncomeExpensesNet": -113400000,
    "incomeBeforeTax": 159700000,
    "incomeBeforeTaxRatio": 0.0853599872,
    "incomeTaxExpense": 41200000,
    "netIncome": 118500000,
    "netIncomeRatio": 0.0633385002,
    "eps": 0.33,
    "epsdiluted": 0.32,
    "weightedAverageShsOut": 351212121,
    "weightedAverageShsOutDil": 362187500,
    "link": "https://www.sec.gov/Archives/edgar/data/107263/000095013497006154/0000950134-97-006154-index.html",
    "finalLink": "https://www.sec.gov/Archives/edgar/data/107263/"
  },
  {
    "date": "1997-03-31",
    "symbol": "WMB",
    "reportedCurrency": "USD",
    "cik": "0000107263",
    "fillingDate": "1997-05-15",
    "acceptedDate": "1997-05-15 00:00:00",
    "calendarYear": "1997",
    "period": "Q1",
    "revenue": 1928600000,
    "costOfRevenue": 0,
    "grossProfit": 0,
    "grossProfitRatio": 0,
    "researchAndDevelopmentExpenses": 0,
    "generalAndAdministrativeExpenses": 0,
    "sellingAndMarketingExpenses": 0,
    "sellingGeneralAndAdministrativeExpenses": 188800000,
    "otherExpenses": 1359600000,
    "operatingExpenses": 1548400000,
    "costAndExpenses": 1548400000,
    "interestIncome": 0,
    "interestExpense": 0,
    "depreciationAndAmortization": 0,
    "ebitda": 520800000,
    "ebitdaratio": 0.2700404438,
    "operatingIncome": 380200000,
    "operatingIncomeRatio": 0.1971378202,
    "totalOtherIncomeExpensesNet": -96500000,
    "incomeBeforeTax": 283700000,
    "incomeBeforeTaxRatio": 0.1471015244,
    "incomeTaxExpense": 105100000,
    "netIncome": 178600000,
    "netIncomeRatio": 0.0926060355,
    "eps": 0.33,
    "epsdiluted": 0.33,
    "weightedAverageShsOut": 316884000,
    "weightedAverageShsOutDil": 316884000,
    "link": "https://www.sec.gov/Archives/edgar/data/107263/000095013497003933/0000950134-97-003933-index.html",
    "finalLink": "https://www.sec.gov/Archives/edgar/data/107263/"
  },
  {
    "date": "1996-12-31",
    "symbol": "WMB",
    "reportedCurrency": "USD",
    "cik": "0000107263",
    "fillingDate": "1997-03-26",
    "acceptedDate": "1997-03-26 00:00:00",
    "calendarYear": "1996",
    "period": "Q4",
    "revenue": 957800000,
    "costOfRevenue": 0,
    "grossProfit": 0,
    "grossProfitRatio": 0,
    "researchAndDevelopmentExpenses": 0,
    "generalAndAdministrativeExpenses": 0,
    "sellingAndMarketingExpenses": 0,
    "sellingGeneralAndAdministrativeExpenses": 181700000,
    "otherExpenses": 561500000,
    "operatingExpenses": 743200000,
    "costAndExpenses": 743200000,
    "interestIncome": 0,
    "interestExpense": 0,
    "depreciationAndAmortization": 0,
    "ebitda": 299600000,
    "ebitdaratio": 0.312800167,
    "operatingIncome": 214600000,
    "operatingIncomeRatio": 0.2240551263,
    "totalOtherIncomeExpensesNet": -48200000,
    "incomeBeforeTax": 166400000,
    "incomeBeforeTaxRatio": 0.1737314679,
    "incomeTaxExpense": 60400000,
    "netIncome": 106000000,
    "netIncomeRatio": 0.1106702861,
    "eps": 0.33,
    "epsdiluted": 0.33,
    "weightedAverageShsOut": 314954000,
    "weightedAverageShsOutDil": 322812500,
    "link": "https://www.sec.gov/Archives/edgar/data/107263/000095013497002224/0000950134-97-002224-index.html",
    "finalLink": "https://www.sec.gov/Archives/edgar/data/107263/"
  },
  {
    "date": "1996-09-30",
    "symbol": "WMB",
    "reportedCurrency": "USD",
    "cik": "0000107263",
    "fillingDate": "1996-11-14",
    "acceptedDate": "1996-11-14 00:00:00",
    "calendarYear": "1996",
    "period": "Q3",
    "revenue": 842200000,
    "costOfRevenue": 0,
    "grossProfit": 0,
    "grossProfitRatio": 0,
    "researchAndDevelopmentExpenses": 0,
    "generalAndAdministrativeExpenses": 0,
    "sellingAndMarketingExpenses": 0,
    "sellingGeneralAndAdministrativeExpenses": 149600000,
    "otherExpenses": 509300000,
    "operatingExpenses": 658900000,
    "costAndExpenses": 658900000,
    "interestIncome": 0,
    "interestExpense": 0,
    "depreciationAndAmortization": 0,
    "ebitda": 290700000,
    "ebitdaratio": 0.3451674187,
    "operatingIncome": 183300000,
    "operatingIncomeRatio": 0.217644265,
    "totalOtherIncomeExpensesNet": -79700000,
    "incomeBeforeTax": 103600000,
    "incomeBeforeTaxRatio": 0.1230111612,
    "incomeTaxExpense": 32600000,
    "netIncome": 71000000,
    "netIncomeRatio": 0.0843030159,
    "eps": 0.21,
    "epsdiluted": 0.21,
    "weightedAverageShsOut": 325714286,
    "weightedAverageShsOutDil": 325714286,
    "link": "https://www.sec.gov/Archives/edgar/data/107263/000095013496006212/0000950134-96-006212-index.html",
    "finalLink": "https://www.sec.gov/Archives/edgar/data/107263/"
  },
  {
    "date": "1996-06-30",
    "symbol": "WMB",
    "reportedCurrency": "USD",
    "cik": "0000107263",
    "fillingDate": "1996-08-14",
    "acceptedDate": "1996-08-14 00:00:00",
    "calendarYear": "1996",
    "period": "Q2",
    "revenue": 837500000,
    "costOfRevenue": 0,
    "grossProfit": 0,
    "grossProfitRatio": 0,
    "researchAndDevelopmentExpenses": 0,
    "generalAndAdministrativeExpenses": 0,
    "sellingAndMarketingExpenses": 0,
    "sellingGeneralAndAdministrativeExpenses": 149100000,
    "otherExpenses": 493900000,
    "operatingExpenses": 643000000,
    "costAndExpenses": 643000000,
    "interestIncome": 0,
    "interestExpense": 0,
    "depreciationAndAmortization": 0,
    "ebitda": 837500000,
    "ebitdaratio": 1,
    "operatingIncome": 194500000,
    "operatingIncomeRatio": 0.232238806,
    "totalOtherIncomeExpensesNet": -85000000,
    "incomeBeforeTax": 109500000,
    "incomeBeforeTaxRatio": 0.1307462687,
    "incomeTaxExpense": 29100000,
    "netIncome": 80400000,
    "netIncomeRatio": 0.096,
    "eps": 0.24,
    "epsdiluted": 0.24,
    "weightedAverageShsOut": 324166667,
    "weightedAverageShsOutDil": 324166667,
    "link": "https://www.sec.gov/Archives/edgar/data/107263/000095013496004293/0000950134-96-004293-index.html",
    "finalLink": "https://www.sec.gov/Archives/edgar/data/107263/"
  },
  {
    "date": "1996-03-31",
    "symbol": "WMB",
    "reportedCurrency": "USD",
    "cik": "0000107263",
    "fillingDate": "1996-05-15",
    "acceptedDate": "1996-05-15 00:00:00",
    "calendarYear": "1996",
    "period": "Q1",
    "revenue": 893700000,
    "costOfRevenue": 0,
    "grossProfit": 0,
    "grossProfitRatio": 0,
    "researchAndDevelopmentExpenses": 0,
    "generalAndAdministrativeExpenses": 0,
    "sellingAndMarketingExpenses": 0,
    "sellingGeneralAndAdministrativeExpenses": 146500000,
    "otherExpenses": 499400000,
    "operatingExpenses": 645900000,
    "costAndExpenses": 645900000,
    "interestIncome": 0,
    "interestExpense": 0,
    "depreciationAndAmortization": 0,
    "ebitda": 360600000,
    "ebitdaratio": 0.4034911044,
    "operatingIncome": 247800000,
    "operatingIncomeRatio": 0.2772742531,
    "totalOtherIncomeExpensesNet": -81900000,
    "incomeBeforeTax": 165900000,
    "incomeBeforeTaxRatio": 0.1856327627,
    "incomeTaxExpense": 61000000,
    "netIncome": 104900000,
    "netIncomeRatio": 0.1173771959,
    "eps": 0.32,
    "epsdiluted": 0.32,
    "weightedAverageShsOut": 319687500,
    "weightedAverageShsOutDil": 319687500,
    "link": "https://www.sec.gov/Archives/edgar/data/107263/000095013496002149/0000950134-96-002149-index.html",
    "finalLink": "https://www.sec.gov/Archives/edgar/data/107263/"
  },
  {
    "date": "1995-12-31",
    "symbol": "WMB",
    "reportedCurrency": "USD",
    "cik": "0000107263",
    "fillingDate": "1996-03-27",
    "acceptedDate": "1996-03-27 00:00:00",
    "calendarYear": "1995",
    "period": "Q4",
    "revenue": 837000000,
    "costOfRevenue": 0,
    "grossProfit": 0,
    "grossProfitRatio": 0,
    "researchAndDevelopmentExpenses": 0,
    "generalAndAdministrativeExpenses": 0,
    "sellingAndMarketingExpenses": 0,
    "sellingGeneralAndAdministrativeExpenses": 146900000,
    "otherExpenses": 552000000,
    "operatingExpenses": 698900000,
    "costAndExpenses": 698900000,
    "interestIncome": 0,
    "interestExpense": 0,
    "depreciationAndAmortization": 0,
    "ebitda": 234700000,
    "ebitdaratio": 0.2804062127,
    "operatingIncome": 138100000,
    "operatingIncomeRatio": 0.1649940263,
    "totalOtherIncomeExpensesNet": -56200000,
    "incomeBeforeTax": 81900000,
    "incomeBeforeTaxRatio": 0.0978494624,
    "incomeTaxExpense": 17500000,
    "netIncome": 77500000,
    "netIncomeRatio": 0.0925925926,
    "eps": 0.24,
    "epsdiluted": 0.24,
    "weightedAverageShsOut": 319687500,
    "weightedAverageShsOutDil": 319687500,
    "link": "https://www.sec.gov/Archives/edgar/data/107263/000095013496000927/0000950134-96-000927-index.html",
    "finalLink": "https://www.sec.gov/Archives/edgar/data/107263/"
  },
  {
    "date": "1995-09-30",
    "symbol": "WMB",
    "reportedCurrency": "USD",
    "cik": "0000107263",
    "fillingDate": "1995-11-14",
    "acceptedDate": "1995-11-14 00:00:00",
    "calendarYear": "1995",
    "period": "Q3",
    "revenue": 712400000,
    "costOfRevenue": 0,
    "grossProfit": 0,
    "grossProfitRatio": 0,
    "researchAndDevelopmentExpenses": 0,
    "generalAndAdministrativeExpenses": 0,
    "sellingAndMarketingExpenses": 0,
    "sellingGeneralAndAdministrativeExpenses": 126500000,
    "otherExpenses": 438900000,
    "operatingExpenses": 565400000,
    "costAndExpenses": 565400000,
    "interestIncome": 0,
    "interestExpense": 0,
    "depreciationAndAmortization": 0,
    "ebitda": 246400000,
    "ebitdaratio": 0.345873105,
    "operatingIncome": 147000000,
    "operatingIncomeRatio": 0.2063447501,
    "totalOtherIncomeExpensesNet": -41800000,
    "incomeBeforeTax": 105200000,
    "incomeBeforeTaxRatio": 0.1476698484,
    "incomeTaxExpense": 36700000,
    "netIncome": 68500000,
    "netIncomeRatio": 0.0961538462,
    "eps": 0.2,
    "epsdiluted": 0.2,
    "weightedAverageShsOut": 307000000,
    "weightedAverageShsOutDil": 307000000,
    "link": "https://www.sec.gov/Archives/edgar/data/107263/000095013495002896/0000950134-95-002896-index.html",
    "finalLink": "https://www.sec.gov/Archives/edgar/data/107263/"
  }
]