[
  {
    "date": "2024-12-31",
    "symbol": "WMB",
    "reportedCurrency": "USD",
    "cik": "0000107263",
    "fillingDate": "2025-02-25",
    "acceptedDate": "2025-02-25 17:07:14",
    "calendarYear": "2024",
    "period": "FY",
    "revenue": 10503000000,
    "costOfRevenue": 4337000000,
    "grossProfit": 6166000000,
    "grossProfitRatio": 0.5870703608,
    "researchAndDevelopmentExpenses": 0,
    "generalAndAdministrativeExpenses": 0,
    "sellingAndMarketingExpenses": 0,
    "sellingGeneralAndAdministrativeExpenses": 708000000,
    "otherExpenses": 2119000000,
    "operatingExpenses": 2827000000,
    "costAndExpenses": 7164000000,
    "interestIncome": 67000000,
    "interestExpense": 1364000000,
    "depreciationAndAmortization": 2219000000,
    "ebitda": 6569000000,
    "ebitdaratio": 0.6254403504,
    "operatingIncome": 3339000000,
    "operatingIncomeRatio": 0.3179091688,
    "totalOtherIncomeExpensesNet": -353000000,
    "incomeBeforeTax": 2986000000,
    "incomeBeforeTaxRatio": 0.2842997239,
    "incomeTaxExpense": 640000000,
    "netIncome": 2225000000,
    "netIncomeRatio": 0.211844235,
    "eps": 1.82,
    "epsdiluted": 1.82,
    "weightedAverageShsOut": 1219184000,
    "weightedAverageShsOutDil": 1222954000,
    "link": "https://www.sec.gov/Archives/edgar/data/107263/000010726325000031/0000107263-25-000031-index.htm",
    "finalLink": "https://www.sec.gov/Archives/edgar/data/107263/000010726325000031/wmb-20241231.htm"
  },
  {
    "date": "2023-12-31",
    "symbol": "WMB",
    "reportedCurrency": "USD",
    "cik": "0000107263",
    "fillingDate": "2024-02-21",
    "acceptedDate": "2024-02-21 16:07:47",
    "calendarYear": "2023",
    "period": "FY",
    "revenue": 10907000000,
    "costOfRevenue": 4106000000,
    "grossProfit": 6801000000,
    "grossProfitRatio": 0.6235445127,
    "researchAndDevelopmentExpenses": 0,
    "generalAndAdministrativeExpenses": 0,
    "sellingAndMarketingExpenses": 0,
    "sellingGeneralAndAdministrativeExpenses": 665000000,
    "otherExpenses": 1825000000,
    "operatingExpenses": 2490000000,
    "costAndExpenses": 6596000000,
    "interestIncome": 79000000,
    "interestExpense": 1236000000,
    "depreciationAndAmortization": 2071000000,
    "ebitda": 7712000000,
    "ebitdaratio": 0.7070688549,
    "operatingIncome": 4311000000,
    "operatingIncomeRatio": 0.3952507564,
    "totalOtherIncomeExpensesNet": 94000000,
    "incomeBeforeTax": 4405000000,
    "incomeBeforeTaxRatio": 0.4038690749,
    "incomeTaxExpense": 1005000000,
    "netIncome": 3179000000,
    "netIncomeRatio": 0.2914641973,
    "eps": 2.61,
    "epsdiluted": 2.6,
    "weightedAverageShsOut": 1217784000,
    "weightedAverageShsOutDil": 1222715000,
    "link": "https://www.sec.gov/Archives/edgar/data/107263/000010726324000019/0000107263-24-000019-index.htm",
    "finalLink": "https://www.sec.gov/Archives/edgar/data/107263/000010726324000019/wmb-20231231.htm"
  },
  {
    "date": "2022-12-31",
    "symbol": "WMB",
    "reportedCurrency": "USD",
    "cik": "0000107263",
    "fillingDate": "2023-02-27",
    "acceptedDate": "2023-02-27 08:24:01",
    "calendarYear": "2022",
    "period": "FY",
    "revenue": 10965000000,
    "costOfRevenue": 5466000000,
    "grossProfit": 5499000000,
    "grossProfitRatio": 0.501504788,
    "researchAndDevelopmentExpenses": 0,
    "generalAndAdministrativeExpenses": 0,
    "sellingAndMarketingExpenses": 0,
    "sellingGeneralAndAdministrativeExpenses": 636000000,
    "otherExpenses": 1845000000,
    "operatingExpenses": 2481000000,
    "costAndExpenses": 7947000000,
    "interestIncome": 15000000,
    "interestExpense": 1147000000,
    "depreciationAndAmortization": 2009000000,
    "ebitda": 5698000000,
    "ebitdaratio": 0.5196534428,
    "operatingIncome": 3018000000,
    "operatingIncomeRatio": 0.2752393981,
    "totalOtherIncomeExpensesNet": -476000000,
    "incomeBeforeTax": 2542000000,
    "incomeBeforeTaxRatio": 0.2318285454,
    "incomeTaxExpense": 425000000,
    "netIncome": 2049000000,
    "netIncomeRatio": 0.1868673051,
    "eps": 1.68,
    "epsdiluted": 1.67,
    "weightedAverageShsOut": 1218362000,
    "weightedAverageShsOutDil": 1222672000,
    "link": "https://www.sec.gov/Archives/edgar/data/107263/000010726323000007/0000107263-23-000007-index.htm",
    "finalLink": "https://www.sec.gov/Archives/edgar/data/107263/000010726323000007/wmb-20221231.htm"
  },
  {
    "date": "2021-12-31",
    "symbol": "WMB",
    "reportedCurrency": "USD",
    "cik": "0000107263",
    "fillingDate": "2022-02-28",
    "acceptedDate": "2022-02-28 16:11:30",
    "calendarYear": "2021",
    "period": "FY",
    "revenue": 10627000000,
    "costOfRevenue": 5874000000,
    "grossProfit": 4753000000,
    "grossProfitRatio": 0.4472569869,
    "researchAndDevelopmentExpenses": 0,
    "generalAndAdministrativeExpenses": 0,
    "sellingAndMarketingExpenses": 0,
    "sellingGeneralAndAdministrativeExpenses": 558000000,
    "otherExpenses": 1564000000,
    "operatingExpenses": 2122000000,
    "costAndExpenses": 7996000000,
    "interestIncome": 7000000,
    "interestExpense": 1179000000,
    "depreciationAndAmortization": 1842000000,
    "ebitda": 5094000000,
    "ebitdaratio": 0.4793450645,
    "operatingIncome": 2631000000,
    "operatingIncomeRatio": 0.2475769267,
    "totalOtherIncomeExpensesNet": -558000000,
    "incomeBeforeTax": 2073000000,
    "incomeBeforeTaxRatio": 0.1950691635,
    "incomeTaxExpense": 511000000,
    "netIncome": 1517000000,
    "netIncomeRatio": 0.1427496001,
    "eps": 1.25,
    "epsdiluted": 1.24,
    "weightedAverageShsOut": 1215221000,
    "weightedAverageShsOutDil": 1218215000,
    "link": "https://www.sec.gov/Archives/edgar/data/107263/000010726322000007/0000107263-22-000007-index.htm",
    "finalLink": "https://www.sec.gov/Archives/edgar/data/107263/000010726322000007/wmb-20211231.htm"
  },
  {
    "date": "2020-12-31",
    "symbol": "WMB",
    "reportedCurrency": "USD",
    "cik": "0000107263",
    "fillingDate": "2021-02-24",
    "acceptedDate": "2021-02-24 16:03:07",
    "calendarYear": "2020",
    "period": "FY",
    "revenue": 7719000000,
    "costOfRevenue": 3334000000,
    "grossProfit": 4385000000,
    "grossProfitRatio": 0.5680787667,
    "researchAndDevelopmentExpenses": 0,
    "generalAndAdministrativeExpenses": 0,
    "sellingAndMarketingExpenses": 0,
    "sellingGeneralAndAdministrativeExpenses": 466000000,
    "otherExpenses": 1717000000,
    "operatingExpenses": 2183000000,
    "costAndExpenses": 5517000000,
    "interestIncome": 0,
    "interestExpense": 1172000000,
    "depreciationAndAmortization": 1721000000,
    "ebitda": 3170000000,
    "ebitdaratio": 0.4106749579,
    "operatingIncome": 2202000000,
    "operatingIncomeRatio": 0.2852701127,
    "totalOtherIncomeExpensesNet": -1925000000,
    "incomeBeforeTax": 277000000,
    "incomeBeforeTaxRatio": 0.0358854774,
    "incomeTaxExpense": 79000000,
    "netIncome": 211000000,
    "netIncomeRatio": 0.027335147,
    "eps": 0.17,
    "epsdiluted": 0.17,
    "weightedAverageShsOut": 1213631000,
    "weightedAverageShsOutDil": 1215165000,
    "link": "https://www.sec.gov/Archives/edgar/data/107263/000010726321000006/0000107263-21-000006-index.htm",
    "finalLink": "https://www.sec.gov/Archives/edgar/data/107263/000010726321000006/wmb-20201231.htm"
  },
  {
    "date": "2019-12-31",
    "symbol": "WMB",
    "reportedCurrency": "USD",
    "cik": "0000107263",
    "fillingDate": "2020-02-24",
    "acceptedDate": "2020-02-24 16:18:43",
    "calendarYear": "2019",
    "period": "FY",
    "revenue": 8201000000,
    "costOfRevenue": 3780000000,
    "grossProfit": 4421000000,
    "grossProfitRatio": 0.5390805999,
    "researchAndDevelopmentExpenses": 0,
    "generalAndAdministrativeExpenses": 0,
    "sellingAndMarketingExpenses": 0,
    "sellingGeneralAndAdministrativeExpenses": 558000000,
    "otherExpenses": 1942000000,
    "operatingExpenses": 2500000000,
    "costAndExpenses": 6280000000,
    "interestIncome": 0,
    "interestExpense": 1186000000,
    "depreciationAndAmortization": 1714000000,
    "ebitda": 3964000000,
    "ebitdaratio": 0.4833556883,
    "operatingIncome": 1921000000,
    "operatingIncomeRatio": 0.2342397269,
    "totalOtherIncomeExpensesNet": -857000000,
    "incomeBeforeTax": 1064000000,
    "incomeBeforeTaxRatio": 0.1297402756,
    "incomeTaxExpense": 335000000,
    "netIncome": 850000000,
    "netIncomeRatio": 0.1036458968,
    "eps": 0.7,
    "epsdiluted": 0.7,
    "weightedAverageShsOut": 1212037000,
    "weightedAverageShsOutDil": 1214011000,
    "link": "https://www.sec.gov/Archives/edgar/data/107263/000010726320000005/0000107263-20-000005-index.htm",
    "finalLink": "https://www.sec.gov/Archives/edgar/data/107263/000010726320000005/wmb2019123110k.htm"
  },
  {
    "date": "2018-12-31",
    "symbol": "WMB",
    "reportedCurrency": "USD",
    "cik": "0000107263",
    "fillingDate": "2019-02-21",
    "acceptedDate": "2019-02-21 08:42:08",
    "calendarYear": "2018",
    "period": "FY",
    "revenue": 8686000000,
    "costOfRevenue": 4569000000,
    "grossProfit": 4117000000,
    "grossProfitRatio": 0.473981119,
    "researchAndDevelopmentExpenses": 0,
    "generalAndAdministrativeExpenses": 0,
    "sellingAndMarketingExpenses": 0,
    "sellingGeneralAndAdministrativeExpenses": 569000000,
    "otherExpenses": 2780000000,
    "operatingExpenses": 3349000000,
    "costAndExpenses": 7918000000,
    "interestIncome": 0,
    "interestExpense": 1112000000,
    "depreciationAndAmortization": 1725000000,
    "ebitda": 3168000000,
    "ebitdaratio": 0.3647248446,
    "operatingIncome": 768000000,
    "operatingIncomeRatio": 0.0884181441,
    "totalOtherIncomeExpensesNet": -437000000,
    "incomeBeforeTax": 331000000,
    "incomeBeforeTaxRatio": 0.0381072991,
    "incomeTaxExpense": 138000000,
    "netIncome": -155000000,
    "netIncomeRatio": -0.0178448077,
    "eps": -0.16,
    "epsdiluted": -0.16,
    "weightedAverageShsOut": 973626000,
    "weightedAverageShsOutDil": 973626000,
    "link": "https://www.sec.gov/Archives/edgar/data/107263/000010726319000007/0000107263-19-000007-index.htm",
    "finalLink": "https://www.sec.gov/Archives/edgar/data/107263/000010726319000007/wmb_20181231x10k.htm"
  },
  {
    "date": "2017-12-31",
    "symbol": "WMB",
    "reportedCurrency": "USD",
    "cik": "0000107263",
    "fillingDate": "2018-02-22",
    "acceptedDate": "2018-02-22 08:40:25",
    "calendarYear": "2017",
    "period": "FY",
    "revenue": 8031000000,
    "costOfRevenue": 4036000000,
    "grossProfit": 3995000000,
    "grossProfitRatio": 0.4974473914,
    "researchAndDevelopmentExpenses": 0,
    "generalAndAdministrativeExpenses": 0,
    "sellingAndMarketingExpenses": 0,
    "sellingGeneralAndAdministrativeExpenses": 594000000,
    "otherExpenses": 2474000000,
    "operatingExpenses": 3068000000,
    "costAndExpenses": 7104000000,
    "interestIncome": 0,
    "interestExpense": 1083000000,
    "depreciationAndAmortization": 1736000000,
    "ebitda": 3354000000,
    "ebitdaratio": 0.4176316773,
    "operatingIncome": 927000000,
    "operatingIncomeRatio": 0.1154277176,
    "totalOtherIncomeExpensesNet": -392000000,
    "incomeBeforeTax": 535000000,
    "incomeBeforeTaxRatio": 0.0666168597,
    "incomeTaxExpense": -1974000000,
    "netIncome": 2174000000,
    "netIncomeRatio": 0.2707010335,
    "eps": 2.63,
    "epsdiluted": 2.62,
    "weightedAverageShsOut": 826000000,
    "weightedAverageShsOutDil": 828518000,
    "link": "https://www.sec.gov/Archives/edgar/data/107263/000010726318000006/0000107263-18-000006-index.htm",
    "finalLink": "https://www.sec.gov/Archives/edgar/data/107263/000010726318000006/wmb_20171231x10k.htm"
  },
  {
    "date": "2016-12-31",
    "symbol": "WMB",
    "reportedCurrency": "USD",
    "cik": "0000107263",
    "fillingDate": "2017-02-22",
    "acceptedDate": "2017-02-22 09:11:36",
    "calendarYear": "2016",
    "period": "FY",
    "revenue": 7499000000,
    "costOfRevenue": 3488000000,
    "grossProfit": 4011000000,
    "grossProfitRatio": 0.5348713162,
    "researchAndDevelopmentExpenses": 0,
    "generalAndAdministrativeExpenses": 0,
    "sellingAndMarketingExpenses": 0,
    "sellingGeneralAndAdministrativeExpenses": 722000000,
    "otherExpenses": 2600000000,
    "operatingExpenses": 3322000000,
    "costAndExpenses": 6810000000,
    "interestIncome": 0,
    "interestExpense": 1179000000,
    "depreciationAndAmortization": 1763000000,
    "ebitda": 2567000000,
    "ebitdaratio": 0.3423123083,
    "operatingIncome": 689000000,
    "operatingIncomeRatio": 0.0918789172,
    "totalOtherIncomeExpensesNet": -1064000000,
    "incomeBeforeTax": -375000000,
    "incomeBeforeTaxRatio": -0.0500066676,
    "incomeTaxExpense": -25000000,
    "netIncome": -424000000,
    "netIncomeRatio": -0.0565408721,
    "eps": -0.57,
    "epsdiluted": -0.56,
    "weightedAverageShsOut": 750000000,
    "weightedAverageShsOutDil": 750673000,
    "link": "https://www.sec.gov/Archives/edgar/data/107263/000010726317000003/0000107263-17-000003-index.htm",
    "finalLink": "https://www.sec.gov/Archives/edgar/data/107263/000010726317000003/wmb_20161231x10k.htm"
  },
  {
    "date": "2015-12-31",
    "symbol": "WMB",
    "reportedCurrency": "USD",
    "cik": "0000107263",
    "fillingDate": "2016-02-26",
    "acceptedDate": "2016-02-26 17:32:15",
    "calendarYear": "2015",
    "period": "FY",
    "revenue": 7360000000,
    "costOfRevenue": 3517000000,
    "grossProfit": 3843000000,
    "grossProfitRatio": 0.5221467391,
    "researchAndDevelopmentExpenses": 0,
    "generalAndAdministrativeExpenses": 0,
    "sellingAndMarketingExpenses": 0,
    "sellingGeneralAndAdministrativeExpenses": 741000000,
    "otherExpenses": 2876000000,
    "operatingExpenses": 3617000000,
    "costAndExpenses": 7134000000,
    "interestIncome": 0,
    "interestExpense": 1044000000,
    "depreciationAndAmortization": 1738000000,
    "ebitda": 1069000000,
    "ebitdaratio": 0.1452445652,
    "operatingIncome": 226000000,
    "operatingIncomeRatio": 0.0307065217,
    "totalOtherIncomeExpensesNet": -1939000000,
    "incomeBeforeTax": -1713000000,
    "incomeBeforeTaxRatio": -0.2327445652,
    "incomeTaxExpense": -399000000,
    "netIncome": -571000000,
    "netIncomeRatio": -0.0775815217,
    "eps": -0.74,
    "epsdiluted": -0.74,
    "weightedAverageShsOut": 749000000,
    "weightedAverageShsOutDil": 749271000,
    "link": "https://www.sec.gov/Archives/edgar/data/107263/000010726316000021/0000107263-16-000021-index.htm",
    "finalLink": "https://www.sec.gov/Archives/edgar/data/107263/000010726316000021/wmb_20151231x10k.htm"
  },
  {
    "date": "2014-12-31",
    "symbol": "WMB",
    "reportedCurrency": "USD",
    "cik": "0000107263",
    "fillingDate": "2015-02-25",
    "acceptedDate": "2015-02-25 10:42:20",
    "calendarYear": "2014",
    "period": "FY",
    "revenue": 7637000000,
    "costOfRevenue": 4192000000,
    "grossProfit": 3445000000,
    "grossProfitRatio": 0.4510933613,
    "researchAndDevelopmentExpenses": 0,
    "generalAndAdministrativeExpenses": 0,
    "sellingAndMarketingExpenses": 0,
    "sellingGeneralAndAdministrativeExpenses": 661000000,
    "otherExpenses": 1215000000,
    "operatingExpenses": 1876000000,
    "costAndExpenses": 6068000000,
    "interestIncome": 0,
    "interestExpense": 747000000,
    "depreciationAndAmortization": 1176000000,
    "ebitda": 5507000000,
    "ebitdaratio": 0.7210946707,
    "operatingIncome": 1569000000,
    "operatingIncomeRatio": 0.2054471651,
    "totalOtherIncomeExpensesNet": 2015000000,
    "incomeBeforeTax": 3584000000,
    "incomeBeforeTaxRatio": 0.4692942255,
    "incomeTaxExpense": 1249000000,
    "netIncome": 2114000000,
    "netIncomeRatio": 0.2768102658,
    "eps": 2.83,
    "epsdiluted": 2.83,
    "weightedAverageShsOut": 725085910,
    "weightedAverageShsOutDil": 747000000,
    "link": "https://www.sec.gov/Archives/edgar/data/107263/000010726315000003/0000107263-15-000003-index.htm",
    "finalLink": "https://www.sec.gov/Archives/edgar/data/107263/000010726315000003/wmb_20141231x10k.htm"
  },
  {
    "date": "2013-12-31",
    "symbol": "WMB",
    "reportedCurrency": "USD",
    "cik": "0000107263",
    "fillingDate": "2014-02-26",
    "acceptedDate": "2014-02-26 16:38:16",
    "calendarYear": "2013",
    "period": "FY",
    "revenue": 6860000000,
    "costOfRevenue": 3842000000,
    "grossProfit": 3018000000,
    "grossProfitRatio": 0.439941691,
    "researchAndDevelopmentExpenses": 0,
    "generalAndAdministrativeExpenses": 0,
    "sellingAndMarketingExpenses": 0,
    "sellingGeneralAndAdministrativeExpenses": 512000000,
    "otherExpenses": 1131000000,
    "operatingExpenses": 1643000000,
    "costAndExpenses": 5485000000,
    "interestIncome": 0,
    "interestExpense": 510000000,
    "depreciationAndAmortization": 815000000,
    "ebitda": 2405000000,
    "ebitdaratio": 0.3505830904,
    "operatingIncome": 1375000000,
    "operatingIncomeRatio": 0.2004373178,
    "totalOtherIncomeExpensesNet": -295000000,
    "incomeBeforeTax": 1080000000,
    "incomeBeforeTaxRatio": 0.1574344023,
    "incomeTaxExpense": 401000000,
    "netIncome": 430000000,
    "netIncomeRatio": 0.0626822157,
    "eps": 0.63,
    "epsdiluted": 0.62,
    "weightedAverageShsOut": 683000000,
    "weightedAverageShsOutDil": 687185000,
    "link": "https://www.sec.gov/Archives/edgar/data/107263/000010726314000003/0000107263-14-000003-index.htm",
    "finalLink": "https://www.sec.gov/Archives/edgar/data/107263/000010726314000003/wmb_20131231x10k.htm"
  },
  {
    "date": "2012-12-31",
    "symbol": "WMB",
    "reportedCurrency": "USD",
    "cik": "0000107263",
    "fillingDate": "2013-02-27",
    "acceptedDate": "2013-02-27 16:19:41",
    "calendarYear": "2012",
    "period": "FY",
    "revenue": 7486000000,
    "costOfRevenue": 4252000000,
    "grossProfit": 3234000000,
    "grossProfitRatio": 0.432006412,
    "researchAndDevelopmentExpenses": 0,
    "generalAndAdministrativeExpenses": 0,
    "sellingAndMarketingExpenses": 0,
    "sellingGeneralAndAdministrativeExpenses": 571000000,
    "otherExpenses": 1051000000,
    "operatingExpenses": 1622000000,
    "costAndExpenses": 5874000000,
    "interestIncome": 0,
    "interestExpense": 509000000,
    "depreciationAndAmortization": 756000000,
    "ebitda": 2554000000,
    "ebitdaratio": 0.3411701843,
    "operatingIncome": 1612000000,
    "operatingIncomeRatio": 0.2153352925,
    "totalOtherIncomeExpensesNet": -323000000,
    "incomeBeforeTax": 1289000000,
    "incomeBeforeTaxRatio": 0.1721880844,
    "incomeTaxExpense": 360000000,
    "netIncome": 859000000,
    "netIncomeRatio": 0.1147475287,
    "eps": 1.26,
    "epsdiluted": 1.26,
    "weightedAverageShsOut": 681000000,
    "weightedAverageShsOutDil": 681000000,
    "link": "https://www.sec.gov/Archives/edgar/data/107263/000119312513080025/0001193125-13-080025-index.htm",
    "finalLink": "https://www.sec.gov/Archives/edgar/data/107263/000119312513080025/d476830d10k.htm"
  },
  {
    "date": "2011-12-31",
    "symbol": "WMB",
    "reportedCurrency": "USD",
    "cik": "0000107263",
    "fillingDate": "2012-02-28",
    "acceptedDate": "2012-02-27 20:47:35",
    "calendarYear": "2011",
    "period": "FY",
    "revenue": 7930000000,
    "costOfRevenue": 4595000000,
    "grossProfit": 3335000000,
    "grossProfitRatio": 0.420554855,
    "researchAndDevelopmentExpenses": 0,
    "generalAndAdministrativeExpenses": 0,
    "sellingAndMarketingExpenses": 0,
    "sellingGeneralAndAdministrativeExpenses": 477000000,
    "otherExpenses": 991000000,
    "operatingExpenses": 1468000000,
    "costAndExpenses": 6063000000,
    "interestIncome": 25000000,
    "interestExpense": 573000000,
    "depreciationAndAmortization": 1614000000,
    "ebitda": 3389000000,
    "ebitdaratio": 0.4273644388,
    "operatingIncome": 1867000000,
    "operatingIncomeRatio": 0.2354350567,
    "totalOtherIncomeExpensesNet": -665000000,
    "incomeBeforeTax": 1202000000,
    "incomeBeforeTaxRatio": 0.1515762926,
    "incomeTaxExpense": 124000000,
    "netIncome": 376000000,
    "netIncomeRatio": 0.0474148802,
    "eps": 0.64,
    "epsdiluted": 0.63,
    "weightedAverageShsOut": 588553000,
    "weightedAverageShsOutDil": 598175000,
    "link": "https://www.sec.gov/Archives/edgar/data/107263/000119312512082513/0001193125-12-082513-index.htm",
    "finalLink": "https://www.sec.gov/Archives/edgar/data/107263/000119312512082513/d282641d10k.htm"
  },
  {
    "date": "2010-12-31",
    "symbol": "WMB",
    "reportedCurrency": "USD",
    "cik": "0000107263",
    "fillingDate": "2011-02-25",
    "acceptedDate": "2011-02-24 21:43:46",
    "calendarYear": "2010",
    "period": "FY",
    "revenue": 6638000000,
    "costOfRevenue": 3872000000,
    "grossProfit": 2766000000,
    "grossProfitRatio": 0.4166917746,
    "researchAndDevelopmentExpenses": 0,
    "generalAndAdministrativeExpenses": 0,
    "sellingAndMarketingExpenses": 0,
    "sellingGeneralAndAdministrativeExpenses": 504000000,
    "otherExpenses": 855000000,
    "operatingExpenses": 1359000000,
    "costAndExpenses": 5231000000,
    "interestIncome": 51000000,
    "interestExpense": 592000000,
    "depreciationAndAmortization": 1507000000,
    "ebitda": 2484000000,
    "ebitdaratio": 0.3742090991,
    "operatingIncome": 1407000000,
    "operatingIncomeRatio": 0.2119614342,
    "totalOtherIncomeExpensesNet": -1022000000,
    "incomeBeforeTax": 385000000,
    "incomeBeforeTaxRatio": 0.0579993974,
    "incomeTaxExpense": 114000000,
    "netIncome": -1097000000,
    "netIncomeRatio": -0.1652606207,
    "eps": -1.88,
    "epsdiluted": -1.88,
    "weightedAverageShsOut": 585000000,
    "weightedAverageShsOutDil": 585000000,
    "link": "https://www.sec.gov/Archives/edgar/data/107263/000095012311018126/0000950123-11-018126-index.htm",
    "finalLink": "https://www.sec.gov/Archives/edgar/data/107263/000095012311018126/c61448e10vk.htm"
  },
  {
    "date": "2009-12-31",
    "symbol": "WMB",
    "reportedCurrency": "USD",
    "cik": "0000107263",
    "fillingDate": "2010-02-26",
    "acceptedDate": "2010-02-25 19:56:50",
    "calendarYear": "2009",
    "period": "FY",
    "revenue": 5278000000,
    "costOfRevenue": 3712000000,
    "grossProfit": 1566000000,
    "grossProfitRatio": 0.2967032967,
    "researchAndDevelopmentExpenses": 0,
    "generalAndAdministrativeExpenses": -2376000000,
    "sellingAndMarketingExpenses": 3052000000,
    "sellingGeneralAndAdministrativeExpenses": 494000000,
    "otherExpenses": -34000000,
    "operatingExpenses": 460000000,
    "costAndExpenses": 4172000000,
    "interestIncome": 61000000,
    "interestExpense": 656000000,
    "depreciationAndAmortization": 1469000000,
    "ebitda": 2675000000,
    "ebitdaratio": 0.5068207654,
    "operatingIncome": 1106000000,
    "operatingIncomeRatio": 0.2095490716,
    "totalOtherIncomeExpensesNet": -556000000,
    "incomeBeforeTax": 550000000,
    "incomeBeforeTaxRatio": 0.1042061387,
    "incomeTaxExpense": 204000000,
    "netIncome": 285000000,
    "netIncomeRatio": 0.0539977264,
    "eps": 0.49,
    "epsdiluted": 0.49,
    "weightedAverageShsOut": 581121000,
    "weightedAverageShsOutDil": 589385000,
    "link": "https://www.sec.gov/Archives/edgar/data/107263/000095012310017267/0000950123-10-017267-index.htm",
    "finalLink": "https://www.sec.gov/Archives/edgar/data/107263/000095012310017267/c55976e10vk.htm"
  },
  {
    "date": "2008-12-31",
    "symbol": "WMB",
    "reportedCurrency": "USD",
    "cik": "0000107263",
    "fillingDate": "2009-02-25",
    "acceptedDate": "2009-02-24 21:45:25",
    "calendarYear": "2008",
    "period": "FY",
    "revenue": 11890000000,
    "costOfRevenue": 8776000000,
    "grossProfit": 3114000000,
    "grossProfitRatio": 0.2619007569,
    "researchAndDevelopmentExpenses": 0,
    "generalAndAdministrativeExpenses": -5759000000,
    "sellingAndMarketingExpenses": 6412000000,
    "sellingGeneralAndAdministrativeExpenses": 504000000,
    "otherExpenses": 77000000,
    "operatingExpenses": 581000000,
    "costAndExpenses": 9357000000,
    "interestIncome": 0,
    "interestExpense": 577000000,
    "depreciationAndAmortization": 1310000000,
    "ebitda": 4031000000,
    "ebitdaratio": 0.3390243902,
    "operatingIncome": 2533000000,
    "operatingIncomeRatio": 0.2130361648,
    "totalOtherIncomeExpensesNet": -389000000,
    "incomeBeforeTax": 2144000000,
    "incomeBeforeTaxRatio": 0.1803195963,
    "incomeTaxExpense": 677000000,
    "netIncome": 1418000000,
    "netIncomeRatio": 0.1192598823,
    "eps": 2.44,
    "epsdiluted": 2.4,
    "weightedAverageShsOut": 581342000,
    "weightedAverageShsOutDil": 592719000,
    "link": "https://www.sec.gov/Archives/edgar/data/107263/000095013409003632/0000950134-09-003632-index.htm",
    "finalLink": "https://www.sec.gov/Archives/edgar/data/107263/000095013409003632/d66296e10vk.htm"
  },
  {
    "date": "2007-12-31",
    "symbol": "WMB",
    "reportedCurrency": "USD",
    "cik": "0000107263",
    "fillingDate": "2008-02-26",
    "acceptedDate": "2008-02-26 14:55:29",
    "calendarYear": "2007",
    "period": "FY",
    "revenue": 10486000000,
    "costOfRevenue": 8007000000,
    "grossProfit": 2479000000,
    "grossProfitRatio": 0.236410452,
    "researchAndDevelopmentExpenses": 0,
    "generalAndAdministrativeExpenses": -4001000000,
    "sellingAndMarketingExpenses": 4633000000,
    "sellingGeneralAndAdministrativeExpenses": 632000000,
    "otherExpenses": -18000000,
    "operatingExpenses": 614000000,
    "costAndExpenses": 8621000000,
    "interestIncome": 0,
    "interestExpense": 653000000,
    "depreciationAndAmortization": 1082000000,
    "ebitda": 3106000000,
    "ebitdaratio": 0.2962044631,
    "operatingIncome": 1865000000,
    "operatingIncomeRatio": 0.1778561892,
    "totalOtherIncomeExpensesNet": -494000000,
    "incomeBeforeTax": 1371000000,
    "incomeBeforeTaxRatio": 0.1307457562,
    "incomeTaxExpense": 524000000,
    "netIncome": 990000000,
    "netIncomeRatio": 0.0944115964,
    "eps": 1.66,
    "epsdiluted": 1.63,
    "weightedAverageShsOut": 596174000,
    "weightedAverageShsOutDil": 609866000,
    "link": "https://www.sec.gov/Archives/edgar/data/107263/000095013408003448/0000950134-08-003448-index.htm",
    "finalLink": "https://www.sec.gov/Archives/edgar/data/107263/000095013408003448/d54039e10vk.htm"
  },
  {
    "date": "2006-12-31",
    "symbol": "WMB",
    "reportedCurrency": "USD",
    "cik": "0000107263",
    "fillingDate": "2007-02-28",
    "acceptedDate": "2007-02-28 08:03:30",
    "calendarYear": "2006",
    "period": "FY",
    "revenue": 9376000000,
    "costOfRevenue": 7566000000,
    "grossProfit": 1810000000,
    "grossProfitRatio": 0.1930460751,
    "researchAndDevelopmentExpenses": 0,
    "generalAndAdministrativeExpenses": 0,
    "sellingAndMarketingExpenses": 0,
    "sellingGeneralAndAdministrativeExpenses": 521000000,
    "otherExpenses": 201000000,
    "operatingExpenses": 722000000,
    "costAndExpenses": 8288000000,
    "interestIncome": 0,
    "interestExpense": 653000000,
    "depreciationAndAmortization": 866000000,
    "ebitda": 2077000000,
    "ebitdaratio": 0.2215230375,
    "operatingIncome": 1088000000,
    "operatingIncomeRatio": 0.1160409556,
    "totalOtherIncomeExpensesNet": -530000000,
    "incomeBeforeTax": 558000000,
    "incomeBeforeTaxRatio": 0.0595136519,
    "incomeTaxExpense": 211000000,
    "netIncome": 309000000,
    "netIncomeRatio": 0.0329564846,
    "eps": 0.52,
    "epsdiluted": 0.51,
    "weightedAverageShsOut": 595053000,
    "weightedAverageShsOutDil": 608627000,
    "link": "https://www.sec.gov/Archives/edgar/data/107263/000095013407004337/0000950134-07-004337-index.htm",
    "finalLink": "https://www.sec.gov/Archives/edgar/data/107263/000095013407004337/d43810e10vk.htm"
  },
  {
    "date": "2005-12-31",
    "symbol": "WMB",
    "reportedCurrency": "USD",
    "cik": "0000107263",
    "fillingDate": "2006-03-09",
    "acceptedDate": "2006-03-09 17:11:29",
    "calendarYear": "2005",
    "period": "FY",
    "revenue": 9781000000,
    "costOfRevenue": 7885000000,
    "grossProfit": 1896000000,
    "grossProfitRatio": 0.1938452101,
    "researchAndDevelopmentExpenses": 0,
    "generalAndAdministrativeExpenses": 0,
    "sellingAndMarketingExpenses": 0,
    "sellingGeneralAndAdministrativeExpenses": 422000000,
    "otherExpenses": 66000000,
    "operatingExpenses": 488000000,
    "costAndExpenses": 8373000000,
    "interestIncome": 0,
    "interestExpense": 660000000,
    "depreciationAndAmortization": 740000000,
    "ebitda": 2174000000,
    "ebitdaratio": 0.2222676618,
    "operatingIncome": 1408000000,
    "operatingIncomeRatio": 0.1439525611,
    "totalOtherIncomeExpensesNet": -634000000,
    "incomeBeforeTax": 774000000,
    "incomeBeforeTaxRatio": 0.079133013,
    "incomeTaxExpense": 301000000,
    "netIncome": 314000000,
    "netIncomeRatio": 0.0321030569,
    "eps": 0.55,
    "epsdiluted": 0.53,
    "weightedAverageShsOut": 570420000,
    "weightedAverageShsOutDil": 605847000,
    "link": "https://www.sec.gov/Archives/edgar/data/107263/000095013406004636/0000950134-06-004636-index.htm",
    "finalLink": "https://www.sec.gov/Archives/edgar/data/107263/000095013406004636/d33568e10vk.htm"
  },
  {
    "date": "2004-12-31",
    "symbol": "WMB",
    "reportedCurrency": "USD",
    "cik": "0000107263",
    "fillingDate": "2005-03-29",
    "acceptedDate": "2005-03-29 17:19:49",
    "calendarYear": "2004",
    "period": "FY",
    "revenue": 12461300000,
    "costOfRevenue": 0,
    "grossProfit": 0,
    "grossProfitRatio": 0,
    "researchAndDevelopmentExpenses": 0,
    "generalAndAdministrativeExpenses": 0,
    "sellingAndMarketingExpenses": 0,
    "sellingGeneralAndAdministrativeExpenses": 475300000,
    "otherExpenses": 10751700000,
    "operatingExpenses": 11227000000,
    "costAndExpenses": 11227000000,
    "interestIncome": 0,
    "interestExpense": 0,
    "depreciationAndAmortization": 678000000,
    "ebitda": 1912300000,
    "ebitdaratio": 0.1534591094,
    "operatingIncome": 1234300000,
    "operatingIncomeRatio": 0.0990506608,
    "totalOtherIncomeExpensesNet": -1009800000,
    "incomeBeforeTax": 224500000,
    "incomeBeforeTaxRatio": 0.0180157768,
    "incomeTaxExpense": 131300000,
    "netIncome": 163700000,
    "netIncomeRatio": 0.0131366711,
    "eps": 0.31,
    "epsdiluted": 0.31,
    "weightedAverageShsOut": 528064516,
    "weightedAverageShsOutDil": 528064516,
    "link": "https://www.sec.gov/Archives/edgar/data/107263/000095013405006255/0000950134-05-006255-index.htm",
    "finalLink": "https://www.sec.gov/Archives/edgar/data/107263/000095013405006255/d22803ae10vkza.txt"
  },
  {
    "date": "2003-12-31",
    "symbol": "WMB",
    "reportedCurrency": "USD",
    "cik": "0000107263",
    "fillingDate": "2004-03-15",
    "acceptedDate": "2004-03-15 15:11:13",
    "calendarYear": "2003",
    "period": "FY",
    "revenue": 16651000000,
    "costOfRevenue": 0,
    "grossProfit": 0,
    "grossProfitRatio": 0,
    "researchAndDevelopmentExpenses": 0,
    "generalAndAdministrativeExpenses": 0,
    "sellingAndMarketingExpenses": 0,
    "sellingGeneralAndAdministrativeExpenses": 508300000,
    "otherExpenses": 15004300000,
    "operatingExpenses": 15512600000,
    "costAndExpenses": 15512600000,
    "interestIncome": 0,
    "interestExpense": 0,
    "depreciationAndAmortization": 843900000,
    "ebitda": 1982300000,
    "ebitdaratio": 0.1190499069,
    "operatingIncome": 1138400000,
    "operatingIncomeRatio": 0.0683682662,
    "totalOtherIncomeExpensesNet": -1201200000,
    "incomeBeforeTax": -62800000,
    "incomeBeforeTaxRatio": -0.0037715453,
    "incomeTaxExpense": -5300000,
    "netIncome": -492200000,
    "netIncomeRatio": -0.0295597862,
    "eps": -0.95,
    "epsdiluted": -0.95,
    "weightedAverageShsOut": 516534653,
    "weightedAverageShsOutDil": 516534653,
    "link": "https://www.sec.gov/Archives/edgar/data/107263/000095013404003499/0000950134-04-003499-index.htm",
    "finalLink": "https://www.sec.gov/Archives/edgar/data/107263/000095013404003499/d12870e10vk.htm"
  },
  {
    "date": "2002-12-31",
    "symbol": "WMB",
    "reportedCurrency": "USD",
    "cik": "0000107263",
    "fillingDate": "2003-03-19",
    "acceptedDate": "2003-03-19 16:24:45",
    "calendarYear": "2002",
    "period": "FY",
    "revenue": 3716600000,
    "costOfRevenue": 0,
    "grossProfit": 0,
    "grossProfitRatio": 0,
    "researchAndDevelopmentExpenses": 0,
    "generalAndAdministrativeExpenses": 0,
    "sellingAndMarketingExpenses": 0,
    "sellingGeneralAndAdministrativeExpenses": 711500000,
    "otherExpenses": 2218600000,
    "operatingExpenses": 2930100000,
    "costAndExpenses": 2930100000,
    "interestIncome": 0,
    "interestExpense": 0,
    "depreciationAndAmortization": 804800000,
    "ebitda": 1591300000,
    "ebitdaratio": 0.4281601464,
    "operatingIncome": 786500000,
    "operatingIncomeRatio": 0.2116181456,
    "totalOtherIncomeExpensesNet": -1663900000,
    "incomeBeforeTax": -877400000,
    "incomeBeforeTaxRatio": -0.2360759834,
    "incomeTaxExpense": -265700000,
    "netIncome": -754700000,
    "netIncomeRatio": -0.2030619383,
    "eps": -1.46,
    "epsdiluted": -1.46,
    "weightedAverageShsOut": 516688000,
    "weightedAverageShsOutDil": 518282209,
    "link": "https://www.sec.gov/Archives/edgar/data/107263/000095013403004171/0000950134-03-004171-index.htm",
    "finalLink": "https://www.sec.gov/Archives/edgar/data/107263/000095013403004171/d03793e10vk.txt"
  },
  {
    "date": "2001-12-31",
    "symbol": "WMB",
    "reportedCurrency": "USD",
    "cik": "0000107263",
    "fillingDate": "2002-03-07",
    "acceptedDate": "2002-03-07 00:00:00",
    "calendarYear": "2001",
    "period": "FY",
    "revenue": 5303200000,
    "costOfRevenue": 0,
    "grossProfit": 0,
    "grossProfitRatio": 0,
    "researchAndDevelopmentExpenses": 0,
    "generalAndAdministrativeExpenses": 0,
    "sellingAndMarketingExpenses": 0,
    "sellingGeneralAndAdministrativeExpenses": 784800000,
    "otherExpenses": 2498400000,
    "operatingExpenses": 3283200000,
    "costAndExpenses": 3283200000,
    "interestIncome": 0,
    "interestExpense": 0,
    "depreciationAndAmortization": 628200000,
    "ebitda": 2648200000,
    "ebitdaratio": 0.4993588777,
    "operatingIncome": 2020000000,
    "operatingIncomeRatio": 0.3809020968,
    "totalOtherIncomeExpensesNet": -860600000,
    "incomeBeforeTax": 1159400000,
    "incomeBeforeTaxRatio": 0.2186227184,
    "incomeTaxExpense": 511100000,
    "netIncome": -477700000,
    "netIncomeRatio": -0.0900776889,
    "eps": -0.98,
    "epsdiluted": -0.95,
    "weightedAverageShsOut": 489813000,
    "weightedAverageShsOutDil": 502842105,
    "link": "https://www.sec.gov/Archives/edgar/data/107263/000095013402001868/0000950134-02-001868-index.htm",
    "finalLink": "https://www.sec.gov/Archives/edgar/data/107263/000095013402001868/d93687e10-k.txt"
  },
  {
    "date": "2000-12-31",
    "symbol": "WMB",
    "reportedCurrency": "USD",
    "cik": "0000107263",
    "fillingDate": "2001-03-12",
    "acceptedDate": "2001-03-12 00:00:00",
    "calendarYear": "2000",
    "period": "FY",
    "revenue": 6559300000,
    "costOfRevenue": 0,
    "grossProfit": 0,
    "grossProfitRatio": 0,
    "researchAndDevelopmentExpenses": 0,
    "generalAndAdministrativeExpenses": 0,
    "sellingAndMarketingExpenses": 0,
    "sellingGeneralAndAdministrativeExpenses": 617800000,
    "otherExpenses": 3926100000,
    "operatingExpenses": 4543900000,
    "costAndExpenses": 4543900000,
    "interestIncome": 0,
    "interestExpense": 0,
    "depreciationAndAmortization": 646800000,
    "ebitda": 2662200000,
    "ebitdaratio": 0.4058664797,
    "operatingIncome": 2015400000,
    "operatingIncomeRatio": 0.3072583965,
    "totalOtherIncomeExpensesNet": -653500000,
    "incomeBeforeTax": 1361900000,
    "incomeBeforeTaxRatio": 0.2076288628,
    "incomeTaxExpense": 541500000,
    "netIncome": 524300000,
    "netIncomeRatio": 0.0799323099,
    "eps": 1.17,
    "epsdiluted": 1.17,
    "weightedAverageShsOut": 443914000,
    "weightedAverageShsOutDil": 448119658,
    "link": "https://www.sec.gov/Archives/edgar/data/107263/000095013401002063/0000950134-01-002063-index.htm",
    "finalLink": "https://www.sec.gov/Archives/edgar/data/107263/000095013401002063/d84653e10-k405.txt"
  },
  {
    "date": "1999-12-31",
    "symbol": "WMB",
    "reportedCurrency": "USD",
    "cik": "0000107263",
    "fillingDate": "2000-03-28",
    "acceptedDate": "2000-03-28 00:00:00",
    "calendarYear": "1999",
    "period": "FY",
    "revenue": 6629400000,
    "costOfRevenue": 0,
    "grossProfit": 0,
    "grossProfitRatio": 0,
    "researchAndDevelopmentExpenses": 0,
    "generalAndAdministrativeExpenses": 0,
    "sellingAndMarketingExpenses": 0,
    "sellingGeneralAndAdministrativeExpenses": 686200000,
    "otherExpenses": 4807300000,
    "operatingExpenses": 5493500000,
    "costAndExpenses": 5493500000,
    "interestIncome": 0,
    "interestExpense": 0,
    "depreciationAndAmortization": 742000000,
    "ebitda": 1877900000,
    "ebitdaratio": 0.2832684708,
    "operatingIncome": 1135900000,
    "operatingIncomeRatio": 0.1713428063,
    "totalOtherIncomeExpensesNet": -550200000,
    "incomeBeforeTax": 585700000,
    "incomeBeforeTaxRatio": 0.0883488702,
    "incomeTaxExpense": 230800000,
    "netIncome": 221400000,
    "netIncomeRatio": 0.0333966875,
    "eps": 0.5,
    "epsdiluted": 0.35,
    "weightedAverageShsOut": 441111111,
    "weightedAverageShsOutDil": 441111111,
    "link": "https://www.sec.gov/Archives/edgar/data/107263/000095013400002540/0000950134-00-002540-index.html",
    "finalLink": "https://www.sec.gov/Archives/edgar/data/107263/000095013400002540/"
  },
  {
    "date": "1998-12-31",
    "symbol": "WMB",
    "reportedCurrency": "USD",
    "cik": "0000107263",
    "fillingDate": "1999-03-30",
    "acceptedDate": "1999-03-30 00:00:00",
    "calendarYear": "1998",
    "period": "FY",
    "revenue": 7658300000,
    "costOfRevenue": 0,
    "grossProfit": 0,
    "grossProfitRatio": 0,
    "researchAndDevelopmentExpenses": 0,
    "generalAndAdministrativeExpenses": 0,
    "sellingAndMarketingExpenses": 0,
    "sellingGeneralAndAdministrativeExpenses": 1204900000,
    "otherExpenses": 5532400000,
    "operatingExpenses": 6737300000,
    "costAndExpenses": 6737300000,
    "interestIncome": 0,
    "interestExpense": 0,
    "depreciationAndAmortization": 0,
    "ebitda": 7658300000,
    "ebitdaratio": 1,
    "operatingIncome": 921000000,
    "operatingIncomeRatio": 0.1202616769,
    "totalOtherIncomeExpensesNet": -664000000,
    "incomeBeforeTax": 257000000,
    "incomeBeforeTaxRatio": 0.0335583615,
    "incomeTaxExpense": 110400000,
    "netIncome": 127500000,
    "netIncomeRatio": 0.0166486035,
    "eps": 0.28,
    "epsdiluted": 0.28,
    "weightedAverageShsOut": 430000000,
    "weightedAverageShsOutDil": 430000000,
    "link": "https://www.sec.gov/Archives/edgar/data/107263/000095013499002181/0000950134-99-002181-index.html",
    "finalLink": "https://www.sec.gov/Archives/edgar/data/107263/"
  },
  {
    "date": "1997-12-31",
    "symbol": "WMB",
    "reportedCurrency": "USD",
    "cik": "0000107263",
    "fillingDate": "1998-03-30",
    "acceptedDate": "1998-03-30 00:00:00",
    "calendarYear": "1997",
    "period": "FY",
    "revenue": 8249500000,
    "costOfRevenue": 0,
    "grossProfit": 0,
    "grossProfitRatio": 0,
    "researchAndDevelopmentExpenses": 0,
    "generalAndAdministrativeExpenses": 0,
    "sellingAndMarketingExpenses": 0,
    "sellingGeneralAndAdministrativeExpenses": 944000000,
    "otherExpenses": 6116700000,
    "operatingExpenses": 7060700000,
    "costAndExpenses": 7060700000,
    "interestIncome": 0,
    "interestExpense": 0,
    "depreciationAndAmortization": 0,
    "ebitda": 1774700000,
    "ebitdaratio": 0.2151281896,
    "operatingIncome": 1188800000,
    "operatingIncomeRatio": 0.1441057034,
    "totalOtherIncomeExpensesNet": -483900000,
    "incomeBeforeTax": 704900000,
    "incomeBeforeTaxRatio": 0.0854476029,
    "incomeTaxExpense": 251200000,
    "netIncome": 368300000,
    "netIncomeRatio": 0.04464513,
    "eps": 0.81,
    "epsdiluted": 0.8,
    "weightedAverageShsOut": 324098361,
    "weightedAverageShsOutDil": 324098361,
    "link": "https://www.sec.gov/Archives/edgar/data/107263/000095013498002643/0000950134-98-002643-index.html",
    "finalLink": "https://www.sec.gov/Archives/edgar/data/107263/"
  },
  {
    "date": "1996-12-31",
    "symbol": "WMB",
    "reportedCurrency": "USD",
    "cik": "0000107263",
    "fillingDate": "1997-03-26",
    "acceptedDate": "1997-03-26 00:00:00",
    "calendarYear": "1996",
    "period": "FY",
    "revenue": 6849000000,
    "costOfRevenue": 0,
    "grossProfit": 0,
    "grossProfitRatio": 0,
    "researchAndDevelopmentExpenses": 0,
    "generalAndAdministrativeExpenses": 0,
    "sellingAndMarketingExpenses": 0,
    "sellingGeneralAndAdministrativeExpenses": 701500000,
    "otherExpenses": 5027400000,
    "operatingExpenses": 5728900000,
    "costAndExpenses": 5728900000,
    "interestIncome": 0,
    "interestExpense": 0,
    "depreciationAndAmortization": 0,
    "ebitda": 1620400000,
    "ebitdaratio": 0.2365892831,
    "operatingIncome": 1120100000,
    "operatingIncomeRatio": 0.1635421229,
    "totalOtherIncomeExpensesNet": -361700000,
    "incomeBeforeTax": 758400000,
    "incomeBeforeTaxRatio": 0.1107314936,
    "incomeTaxExpense": 265900000,
    "netIncome": 459800000,
    "netIncomeRatio": 0.0671338882,
    "eps": 1.1,
    "epsdiluted": 1.07,
    "weightedAverageShsOut": 408545455,
    "weightedAverageShsOutDil": 408545455,
    "link": "https://www.sec.gov/Archives/edgar/data/107263/000095013497002224/0000950134-97-002224-index.html",
    "finalLink": "https://www.sec.gov/Archives/edgar/data/107263/"
  },
  {
    "date": "1995-12-31",
    "symbol": "WMB",
    "reportedCurrency": "USD",
    "cik": "0000107263",
    "fillingDate": "1996-03-27",
    "acceptedDate": "1996-03-27 00:00:00",
    "calendarYear": "1995",
    "period": "FY",
    "revenue": 2855700000,
    "costOfRevenue": 0,
    "grossProfit": 0,
    "grossProfitRatio": 0,
    "researchAndDevelopmentExpenses": 0,
    "generalAndAdministrativeExpenses": 0,
    "sellingAndMarketingExpenses": 0,
    "sellingGeneralAndAdministrativeExpenses": 526500000,
    "otherExpenses": 1742100000,
    "operatingExpenses": 2268600000,
    "costAndExpenses": 2268600000,
    "interestIncome": 0,
    "interestExpense": 0,
    "depreciationAndAmortization": 0,
    "ebitda": 956500000,
    "ebitdaratio": 0.3349441468,
    "operatingIncome": 587100000,
    "operatingIncomeRatio": 0.2055888224,
    "totalOtherIncomeExpensesNet": -185700000,
    "incomeBeforeTax": 401400000,
    "incomeBeforeTaxRatio": 0.1405609833,
    "incomeTaxExpense": 102000000,
    "netIncome": 1318200000,
    "netIncomeRatio": 0.4616031096,
    "eps": 4.3,
    "epsdiluted": 4.17,
    "weightedAverageShsOut": 303000000,
    "weightedAverageShsOutDil": 312446043,
    "link": "https://www.sec.gov/Archives/edgar/data/107263/000095013496000927/0000950134-96-000927-index.html",
    "finalLink": "https://www.sec.gov/Archives/edgar/data/107263/"
  },
  {
    "date": "1994-12-31",
    "symbol": "WMB",
    "reportedCurrency": "USD",
    "cik": "0000107263",
    "fillingDate": "1995-03-02",
    "acceptedDate": "1995-03-02 00:00:00",
    "calendarYear": "1994",
    "period": "FY",
    "revenue": 1751100000,
    "costOfRevenue": 0,
    "grossProfit": 0,
    "grossProfitRatio": 0,
    "researchAndDevelopmentExpenses": 0,
    "generalAndAdministrativeExpenses": 0,
    "sellingAndMarketingExpenses": 0,
    "sellingGeneralAndAdministrativeExpenses": 257200000,
    "otherExpenses": 1187700000,
    "operatingExpenses": 1444900000,
    "costAndExpenses": 1444900000,
    "interestIncome": 0,
    "interestExpense": 0,
    "depreciationAndAmortization": 0,
    "ebitda": 456500000,
    "ebitdaratio": 0.2606932785,
    "operatingIncome": 306200000,
    "operatingIncomeRatio": 0.1748615156,
    "totalOtherIncomeExpensesNet": -59600000,
    "incomeBeforeTax": 246600000,
    "incomeBeforeTaxRatio": 0.1408257667,
    "incomeTaxExpense": 81700000,
    "netIncome": 246700000,
    "netIncomeRatio": 0.1408828736,
    "eps": 0.73,
    "epsdiluted": 0.73,
    "weightedAverageShsOut": 325890411,
    "weightedAverageShsOutDil": 325890411,
    "link": "https://www.sec.gov/Archives/edgar/data/107263/000095013495000291/0000950134-95-000291-index.html",
    "finalLink": "https://www.sec.gov/Archives/edgar/data/107263/"
  },
  {
    "date": "1993-12-31",
    "symbol": "WMB",
    "reportedCurrency": "USD",
    "cik": "0000107263",
    "fillingDate": "1994-03-29",
    "acceptedDate": "1994-03-29 00:00:00",
    "calendarYear": "1993",
    "period": "FY",
    "revenue": 2438200000,
    "costOfRevenue": 0,
    "grossProfit": 0,
    "grossProfitRatio": 0,
    "researchAndDevelopmentExpenses": 0,
    "generalAndAdministrativeExpenses": 0,
    "sellingAndMarketingExpenses": 0,
    "sellingGeneralAndAdministrativeExpenses": 0,
    "otherExpenses": 2438200000,
    "operatingExpenses": 2438200000,
    "costAndExpenses": 2438200000,
    "interestIncome": 0,
    "interestExpense": 0,
    "depreciationAndAmortization": 0,
    "ebitda": 2438200000,
    "ebitdaratio": 1,
    "operatingIncome": 2438200000,
    "operatingIncomeRatio": 1,
    "totalOtherIncomeExpensesNet": -2438200000,
    "incomeBeforeTax": 0,
    "incomeBeforeTaxRatio": 0,
    "incomeTaxExpense": 0,
    "netIncome": 231800000,
    "netIncomeRatio": 0.0950701337,
    "eps": 0.72,
    "epsdiluted": 0.72,
    "weightedAverageShsOut": 305555556,
    "weightedAverageShsOutDil": 305555556,
    "link": "https://www.sec.gov/Archives/edgar/data/107263/000095013494000275/0000950134-94-000275-index.html",
    "finalLink": "https://www.sec.gov/Archives/edgar/data/107263/"
  },
  {
    "date": "1992-12-31",
    "symbol": "WMB",
    "reportedCurrency": "USD",
    "cik": "0000107263",
    "fillingDate": "1992-12-31",
    "acceptedDate": "1992-12-30 19:00:00",
    "calendarYear": "1992",
    "period": "FY",
    "revenue": 2448100000,
    "costOfRevenue": 0,
    "grossProfit": 0,
    "grossProfitRatio": 0,
    "researchAndDevelopmentExpenses": 0,
    "generalAndAdministrativeExpenses": 0,
    "sellingAndMarketingExpenses": 0,
    "sellingGeneralAndAdministrativeExpenses": 0,
    "otherExpenses": 2448100000,
    "operatingExpenses": 2448100000,
    "costAndExpenses": 2448100000,
    "interestIncome": 0,
    "interestExpense": 0,
    "depreciationAndAmortization": 0,
    "ebitda": 2448100000,
    "ebitdaratio": 1,
    "operatingIncome": 2448100000,
    "operatingIncomeRatio": 1,
    "totalOtherIncomeExpensesNet": -2448100000,
    "incomeBeforeTax": 0,
    "incomeBeforeTaxRatio": 0,
    "incomeTaxExpense": 0,
    "netIncome": 138200000,
    "netIncomeRatio": 0.0564519423,
    "eps": 0.46,
    "epsdiluted": 0.46,
    "weightedAverageShsOut": 268913043,
    "weightedAverageShsOutDil": 268913043,
    "link": "",
    "finalLink": ""
  },
  {
    "date": "1991-12-31",
    "symbol": "WMB",
    "reportedCurrency": "USD",
    "cik": "0000107263",
    "fillingDate": "1991-12-31",
    "acceptedDate": "1991-12-30 19:00:00",
    "calendarYear": "1991",
    "period": "FY",
    "revenue": 2104700000,
    "costOfRevenue": 0,
    "grossProfit": 0,
    "grossProfitRatio": 0,
    "researchAndDevelopmentExpenses": 0,
    "generalAndAdministrativeExpenses": 0,
    "sellingAndMarketingExpenses": 0,
    "sellingGeneralAndAdministrativeExpenses": 0,
    "otherExpenses": 2104700000,
    "operatingExpenses": 2104700000,
    "costAndExpenses": 2104700000,
    "interestIncome": 0,
    "interestExpense": 0,
    "depreciationAndAmortization": 0,
    "ebitda": 2104700000,
    "ebitdaratio": 1,
    "operatingIncome": 2104700000,
    "operatingIncomeRatio": 1,
    "totalOtherIncomeExpensesNet": -2104700000,
    "incomeBeforeTax": 0,
    "incomeBeforeTaxRatio": 0,
    "incomeTaxExpense": 0,
    "netIncome": 110000000,
    "netIncomeRatio": 0.0522639806,
    "eps": 0.4,
    "epsdiluted": 0.4,
    "weightedAverageShsOut": 246000000,
    "weightedAverageShsOutDil": 246000000,
    "link": "",
    "finalLink": ""
  },
  {
    "date": "1990-12-31",
    "symbol": "WMB",
    "reportedCurrency": "USD",
    "cik": "0000107263",
    "fillingDate": "1990-12-31",
    "acceptedDate": "1990-12-30 19:00:00",
    "calendarYear": "1990",
    "period": "FY",
    "revenue": 1822100000,
    "costOfRevenue": 0,
    "grossProfit": 0,
    "grossProfitRatio": 0,
    "researchAndDevelopmentExpenses": 0,
    "generalAndAdministrativeExpenses": 0,
    "sellingAndMarketingExpenses": 0,
    "sellingGeneralAndAdministrativeExpenses": 0,
    "otherExpenses": 1822100000,
    "operatingExpenses": 1822100000,
    "costAndExpenses": 1822100000,
    "interestIncome": 0,
    "interestExpense": 0,
    "depreciationAndAmortization": 0,
    "ebitda": 1822100000,
    "ebitdaratio": 1,
    "operatingIncome": 1822100000,
    "operatingIncomeRatio": 1,
    "totalOtherIncomeExpensesNet": -1822100000,
    "incomeBeforeTax": 0,
    "incomeBeforeTaxRatio": 0,
    "incomeTaxExpense": 0,
    "netIncome": 77000000,
    "netIncomeRatio": 0.042258932,
    "eps": 0.27,
    "epsdiluted": 0.27,
    "weightedAverageShsOut": 242222222,
    "weightedAverageShsOutDil": 242222222,
    "link": "",
    "finalLink": ""
  },
  {
    "date": "1989-12-31",
    "symbol": "WMB",
    "reportedCurrency": "USD",
    "cik": "0000107263",
    "fillingDate": "1989-12-31",
    "acceptedDate": "1989-12-30 19:00:00",
    "calendarYear": "1989",
    "period": "FY",
    "revenue": 1717400000,
    "costOfRevenue": 0,
    "grossProfit": 0,
    "grossProfitRatio": 0,
    "researchAndDevelopmentExpenses": 0,
    "generalAndAdministrativeExpenses": 0,
    "sellingAndMarketingExpenses": 0,
    "sellingGeneralAndAdministrativeExpenses": 0,
    "otherExpenses": 1717400000,
    "operatingExpenses": 1717400000,
    "costAndExpenses": 1717400000,
    "interestIncome": 0,
    "interestExpense": 0,
    "depreciationAndAmortization": 0,
    "ebitda": 1717400000,
    "ebitdaratio": 1,
    "operatingIncome": 1717400000,
    "operatingIncomeRatio": 1,
    "totalOtherIncomeExpensesNet": -1717400000,
    "incomeBeforeTax": 0,
    "incomeBeforeTaxRatio": 0,
    "incomeTaxExpense": 0,
    "netIncome": 52500000,
    "netIncomeRatio": 0.0305694655,
    "eps": 0.2,
    "epsdiluted": 0.2,
    "weightedAverageShsOut": 224000000,
    "weightedAverageShsOutDil": 224000000,
    "link": "",
    "finalLink": ""
  },
  {
    "date": "1988-12-31",
    "symbol": "WMB",
    "reportedCurrency": "USD",
    "cik": "0000107263",
    "fillingDate": "1988-12-31",
    "acceptedDate": "1988-12-30 19:00:00",
    "calendarYear": "1988",
    "period": "FY",
    "revenue": 1673100000,
    "costOfRevenue": 0,
    "grossProfit": 0,
    "grossProfitRatio": 0,
    "researchAndDevelopmentExpenses": 0,
    "generalAndAdministrativeExpenses": 0,
    "sellingAndMarketingExpenses": 0,
    "sellingGeneralAndAdministrativeExpenses": 0,
    "otherExpenses": 1673100000,
    "operatingExpenses": 1673100000,
    "costAndExpenses": 1673100000,
    "interestIncome": 0,
    "interestExpense": 0,
    "depreciationAndAmortization": 0,
    "ebitda": 1673100000,
    "ebitdaratio": 1,
    "operatingIncome": 1673100000,
    "operatingIncomeRatio": 1,
    "totalOtherIncomeExpensesNet": -1673100000,
    "incomeBeforeTax": 0,
    "incomeBeforeTaxRatio": 0,
    "incomeTaxExpense": 0,
    "netIncome": 98000000,
    "netIncomeRatio": 0.0585739047,
    "eps": 0.42,
    "epsdiluted": 0.42,
    "weightedAverageShsOut": 233333333,
    "weightedAverageShsOutDil": 233333333,
    "link": "",
    "finalLink": ""
  },
  {
    "date": "1987-12-31",
    "symbol": "WMB",
    "reportedCurrency": "USD",
    "cik": "0000107263",
    "fillingDate": "1987-12-31",
    "acceptedDate": "1987-12-30 19:00:00",
    "calendarYear": "1987",
    "period": "FY",
    "revenue": 1779800000,
    "costOfRevenue": 0,
    "grossProfit": 0,
    "grossProfitRatio": 0,
    "researchAndDevelopmentExpenses": 0,
    "generalAndAdministrativeExpenses": 0,
    "sellingAndMarketingExpenses": 0,
    "sellingGeneralAndAdministrativeExpenses": 0,
    "otherExpenses": 1779800000,
    "operatingExpenses": 1779800000,
    "costAndExpenses": 1779800000,
    "interestIncome": 0,
    "interestExpense": 0,
    "depreciationAndAmortization": 0,
    "ebitda": 1779800000,
    "ebitdaratio": 1,
    "operatingIncome": 1779800000,
    "operatingIncomeRatio": 1,
    "totalOtherIncomeExpensesNet": -1779800000,
    "incomeBeforeTax": 0,
    "incomeBeforeTaxRatio": 0,
    "incomeTaxExpense": 0,
    "netIncome": 90300000,
    "netIncomeRatio": 0.0507360378,
    "eps": 0.43,
    "epsdiluted": 0.43,
    "weightedAverageShsOut": 210000000,
    "weightedAverageShsOutDil": 210000000,
    "link": "",
    "finalLink": ""
  },
  {
    "date": "1986-12-31",
    "symbol": "WMB",
    "reportedCurrency": "USD",
    "cik": "0000107263",
    "fillingDate": "1986-12-31",
    "acceptedDate": "1986-12-30 19:00:00",
    "calendarYear": "1986",
    "period": "FY",
    "revenue": 1858600000,
    "costOfRevenue": 0,
    "grossProfit": 0,
    "grossProfitRatio": 0,
    "researchAndDevelopmentExpenses": 0,
    "generalAndAdministrativeExpenses": 0,
    "sellingAndMarketingExpenses": 0,
    "sellingGeneralAndAdministrativeExpenses": 0,
    "otherExpenses": 1858600000,
    "operatingExpenses": 1858600000,
    "costAndExpenses": 1858600000,
    "interestIncome": 0,
    "interestExpense": 0,
    "depreciationAndAmortization": 0,
    "ebitda": 1858600000,
    "ebitdaratio": 1,
    "operatingIncome": 1858600000,
    "operatingIncomeRatio": 1,
    "totalOtherIncomeExpensesNet": -1858600000,
    "incomeBeforeTax": 0,
    "incomeBeforeTaxRatio": 0,
    "incomeTaxExpense": 0,
    "netIncome": -249300000,
    "netIncomeRatio": -0.1341332186,
    "eps": -1.22,
    "epsdiluted": -1.22,
    "weightedAverageShsOut": 204344262,
    "weightedAverageShsOutDil": 204344262,
    "link": "",
    "finalLink": ""
  },
  {
    "date": "1985-12-31",
    "symbol": "WMB",
    "reportedCurrency": "USD",
    "cik": "0000107263",
    "fillingDate": "1985-12-31",
    "acceptedDate": "1985-12-30 19:00:00",
    "calendarYear": "1985",
    "period": "FY",
    "revenue": 3139600000,
    "costOfRevenue": 0,
    "grossProfit": 0,
    "grossProfitRatio": 0,
    "researchAndDevelopmentExpenses": 0,
    "generalAndAdministrativeExpenses": 0,
    "sellingAndMarketingExpenses": 0,
    "sellingGeneralAndAdministrativeExpenses": 0,
    "otherExpenses": 3139600000,
    "operatingExpenses": 3139600000,
    "costAndExpenses": 3139600000,
    "interestIncome": 0,
    "interestExpense": 0,
    "depreciationAndAmortization": 0,
    "ebitda": 3139600000,
    "ebitdaratio": 1,
    "operatingIncome": 3139600000,
    "operatingIncomeRatio": 1,
    "totalOtherIncomeExpensesNet": -3139600000,
    "incomeBeforeTax": 0,
    "incomeBeforeTaxRatio": 0,
    "incomeTaxExpense": 0,
    "netIncome": 31600000,
    "netIncomeRatio": 0.0100649764,
    "eps": 0.16,
    "epsdiluted": 0.16,
    "weightedAverageShsOut": 197500000,
    "weightedAverageShsOutDil": 197500000,
    "link": "",
    "finalLink": ""
  }
]