[
  {
    "date": "2025-07-31",
    "symbol": "WMT",
    "reportedCurrency": "USD",
    "cik": "0000104169",
    "fillingDate": "2025-08-29",
    "acceptedDate": "2025-08-29 16:13:07",
    "calendarYear": "2025",
    "period": "Q2",
    "revenue": 177402000000,
    "costOfRevenue": 132771000000,
    "grossProfit": 44631000000,
    "grossProfitRatio": 0.2515811547,
    "researchAndDevelopmentExpenses": 0,
    "generalAndAdministrativeExpenses": 0,
    "sellingAndMarketingExpenses": 0,
    "sellingGeneralAndAdministrativeExpenses": 37345000000,
    "otherExpenses": 0,
    "operatingExpenses": 37345000000,
    "costAndExpenses": 170116000000,
    "interestIncome": 94000000,
    "interestExpense": 769000000,
    "depreciationAndAmortization": 3487000000,
    "ebitda": 13575000000,
    "ebitdaratio": 0.0765211215,
    "operatingIncome": 7286000000,
    "operatingIncomeRatio": 0.0410705629,
    "totalOtherIncomeExpensesNet": 2033000000,
    "incomeBeforeTax": 9319000000,
    "incomeBeforeTaxRatio": 0.0525304112,
    "incomeTaxExpense": 2168000000,
    "netIncome": 7026000000,
    "netIncomeRatio": 0.039604965,
    "eps": 0.88,
    "epsdiluted": 0.88,
    "weightedAverageShsOut": 7978000000,
    "weightedAverageShsOutDil": 8016000000,
    "link": "https://www.sec.gov/Archives/edgar/data/104169/000010416925000137/0000104169-25-000137-index.htm",
    "finalLink": "https://www.sec.gov/Archives/edgar/data/104169/000010416925000137/wmt-20250731.htm"
  },
  {
    "date": "2025-04-30",
    "symbol": "WMT",
    "reportedCurrency": "USD",
    "cik": "0000104169",
    "fillingDate": "2025-06-06",
    "acceptedDate": "2025-06-06 16:36:50",
    "calendarYear": "2025",
    "period": "Q1",
    "revenue": 165609000000,
    "costOfRevenue": 124303000000,
    "grossProfit": 41306000000,
    "grossProfitRatio": 0.2494188118,
    "researchAndDevelopmentExpenses": 0,
    "generalAndAdministrativeExpenses": 34171000000,
    "sellingAndMarketingExpenses": 0,
    "sellingGeneralAndAdministrativeExpenses": 34171000000,
    "otherExpenses": 0,
    "operatingExpenses": 34171000000,
    "costAndExpenses": 158474000000,
    "interestIncome": 93000000,
    "interestExpense": 637000000,
    "depreciationAndAmortization": 3369000000,
    "ebitda": 10000000000,
    "ebitdaratio": 0.0603831917,
    "operatingIncome": 7135000000,
    "operatingIncomeRatio": 0.0430834073,
    "totalOtherIncomeExpensesNet": -1141000000,
    "incomeBeforeTax": 5994000000,
    "incomeBeforeTaxRatio": 0.0361936851,
    "incomeTaxExpense": 1355000000,
    "netIncome": 4487000000,
    "netIncomeRatio": 0.0270939381,
    "eps": 0.56,
    "epsdiluted": 0.56,
    "weightedAverageShsOut": 8011000000,
    "weightedAverageShsOutDil": 8051000000,
    "link": "https://www.sec.gov/Archives/edgar/data/104169/000010416925000090/0000104169-25-000090-index.htm",
    "finalLink": "https://www.sec.gov/Archives/edgar/data/104169/000010416925000090/wmt-20250430.htm"
  },
  {
    "date": "2025-01-31",
    "symbol": "WMT",
    "reportedCurrency": "USD",
    "cik": "0000104169",
    "fillingDate": "2025-03-14",
    "acceptedDate": "2025-03-14 16:40:52",
    "calendarYear": "2024",
    "period": "Q4",
    "revenue": 180554000000,
    "costOfRevenue": 136172000000,
    "grossProfit": 44382000000,
    "grossProfitRatio": 0.2458101177,
    "researchAndDevelopmentExpenses": 0,
    "generalAndAdministrativeExpenses": 36523000000,
    "sellingAndMarketingExpenses": 0,
    "sellingGeneralAndAdministrativeExpenses": 36523000000,
    "otherExpenses": 0,
    "operatingExpenses": 36523000000,
    "costAndExpenses": 172695000000,
    "interestIncome": 115000000,
    "interestExpense": 717000000,
    "depreciationAndAmortization": 3374000000,
    "ebitda": 11054000000,
    "ebitdaratio": 0.0612226813,
    "operatingIncome": 7859000000,
    "operatingIncomeRatio": 0.0435271442,
    "totalOtherIncomeExpensesNet": -896000000,
    "incomeBeforeTax": 6963000000,
    "incomeBeforeTaxRatio": 0.0385646399,
    "incomeTaxExpense": 1538000000,
    "netIncome": 5254000000,
    "netIncomeRatio": 0.0290993276,
    "eps": 0.65,
    "epsdiluted": 0.65,
    "weightedAverageShsOut": 8029000000,
    "weightedAverageShsOutDil": 8078000000,
    "link": "https://www.sec.gov/Archives/edgar/data/104169/000010416925000021/0000104169-25-000021-index.htm",
    "finalLink": "https://www.sec.gov/Archives/edgar/data/104169/000010416925000021/wmt-20250131.htm"
  },
  {
    "date": "2024-10-31",
    "symbol": "WMT",
    "reportedCurrency": "USD",
    "cik": "0000104169",
    "fillingDate": "2024-12-06",
    "acceptedDate": "2024-12-06 16:15:42",
    "calendarYear": "2024",
    "period": "Q3",
    "revenue": 169588000000,
    "costOfRevenue": 127340000000,
    "grossProfit": 42248000000,
    "grossProfitRatio": 0.2491214001,
    "researchAndDevelopmentExpenses": 0,
    "generalAndAdministrativeExpenses": 35540000000,
    "sellingAndMarketingExpenses": 0,
    "sellingGeneralAndAdministrativeExpenses": 35540000000,
    "otherExpenses": 0,
    "operatingExpenses": 35540000000,
    "costAndExpenses": 162880000000,
    "interestIncome": 140000000,
    "interestExpense": 618000000,
    "depreciationAndAmortization": 3260000000,
    "ebitda": 9976000000,
    "ebitdaratio": 0.0588249169,
    "operatingIncome": 6708000000,
    "operatingIncomeRatio": 0.0395546855,
    "totalOtherIncomeExpensesNet": -610000000,
    "incomeBeforeTax": 6098000000,
    "incomeBeforeTaxRatio": 0.0359577329,
    "incomeTaxExpense": 1384000000,
    "netIncome": 4577000000,
    "netIncomeRatio": 0.0269889379,
    "eps": 0.57,
    "epsdiluted": 0.57,
    "weightedAverageShsOut": 8038000000,
    "weightedAverageShsOutDil": 8082000000,
    "link": "https://www.sec.gov/Archives/edgar/data/104169/000010416924000178/0000104169-24-000178-index.htm",
    "finalLink": "https://www.sec.gov/Archives/edgar/data/104169/000010416924000178/wmt-20241031.htm"
  },
  {
    "date": "2024-07-31",
    "symbol": "WMT",
    "reportedCurrency": "USD",
    "cik": "0000104169",
    "fillingDate": "2024-08-30",
    "acceptedDate": "2024-08-30 16:50:41",
    "calendarYear": "2024",
    "period": "Q2",
    "revenue": 169335000000,
    "costOfRevenue": 126810000000,
    "grossProfit": 42525000000,
    "grossProfitRatio": 0.251129418,
    "researchAndDevelopmentExpenses": 0,
    "generalAndAdministrativeExpenses": 34585000000,
    "sellingAndMarketingExpenses": 0,
    "sellingGeneralAndAdministrativeExpenses": 34585000000,
    "otherExpenses": 0,
    "operatingExpenses": 34585000000,
    "costAndExpenses": 161395000000,
    "interestIncome": 114000000,
    "interestExpense": 679000000,
    "depreciationAndAmortization": 3211000000,
    "ebitda": 10103000000,
    "ebitdaratio": 0.0596627986,
    "operatingIncome": 7940000000,
    "operatingIncomeRatio": 0.0468893023,
    "totalOtherIncomeExpensesNet": -1727000000,
    "incomeBeforeTax": 6213000000,
    "incomeBeforeTaxRatio": 0.0366905838,
    "incomeTaxExpense": 1502000000,
    "netIncome": 4501000000,
    "netIncomeRatio": 0.026580447,
    "eps": 0.56,
    "epsdiluted": 0.56,
    "weightedAverageShsOut": 8044000000,
    "weightedAverageShsOutDil": 8081000000,
    "link": "https://www.sec.gov/Archives/edgar/data/104169/000010416924000141/0000104169-24-000141-index.htm",
    "finalLink": "https://www.sec.gov/Archives/edgar/data/104169/000010416924000141/wmt-20240731.htm"
  },
  {
    "date": "2024-04-30",
    "symbol": "WMT",
    "reportedCurrency": "USD",
    "cik": "0000104169",
    "fillingDate": "2024-06-07",
    "acceptedDate": "2024-06-07 16:45:14",
    "calendarYear": "2024",
    "period": "Q1",
    "revenue": 161508000000,
    "costOfRevenue": 121431000000,
    "grossProfit": 40077000000,
    "grossProfitRatio": 0.2481425069,
    "researchAndDevelopmentExpenses": 0,
    "generalAndAdministrativeExpenses": 33236000000,
    "sellingAndMarketingExpenses": 0,
    "sellingGeneralAndAdministrativeExpenses": 33236000000,
    "otherExpenses": 0,
    "operatingExpenses": 33236000000,
    "costAndExpenses": 154667000000,
    "interestIncome": 114000000,
    "interestExpense": 714000000,
    "depreciationAndAmortization": 3128000000,
    "ebitda": 10877000000,
    "ebitdaratio": 0.0673465092,
    "operatingIncome": 6841000000,
    "operatingIncomeRatio": 0.0423570349,
    "totalOtherIncomeExpensesNet": 194000000,
    "incomeBeforeTax": 7035000000,
    "incomeBeforeTaxRatio": 0.0435582138,
    "incomeTaxExpense": 1728000000,
    "netIncome": 5104000000,
    "netIncomeRatio": 0.0316021497,
    "eps": 0.63,
    "epsdiluted": 0.63,
    "weightedAverageShsOut": 8053000000,
    "weightedAverageShsOutDil": 8084000000,
    "link": "https://www.sec.gov/Archives/edgar/data/104169/000010416924000105/0000104169-24-000105-index.htm",
    "finalLink": "https://www.sec.gov/Archives/edgar/data/104169/000010416924000105/wmt-20240430.htm"
  },
  {
    "date": "2024-01-31",
    "symbol": "WMT",
    "reportedCurrency": "USD",
    "cik": "0000104169",
    "fillingDate": "2024-03-15",
    "acceptedDate": "2024-03-15 16:54:48",
    "calendarYear": "2023",
    "period": "Q4",
    "revenue": 173388000000,
    "costOfRevenue": 131825000000,
    "grossProfit": 41563000000,
    "grossProfitRatio": 0.2397109373,
    "researchAndDevelopmentExpenses": 0,
    "generalAndAdministrativeExpenses": 34309000000,
    "sellingAndMarketingExpenses": 0,
    "sellingGeneralAndAdministrativeExpenses": 34309000000,
    "otherExpenses": 0,
    "operatingExpenses": 34309000000,
    "costAndExpenses": 166134000000,
    "interestIncome": 146000000,
    "interestExpense": 695000000,
    "depreciationAndAmortization": 3117000000,
    "ebitda": 11330000000,
    "ebitdaratio": 0.0653447759,
    "operatingIncome": 7254000000,
    "operatingIncomeRatio": 0.0418368053,
    "totalOtherIncomeExpensesNet": 264000000,
    "incomeBeforeTax": 7518000000,
    "incomeBeforeTaxRatio": 0.043359402,
    "incomeTaxExpense": 1840000000,
    "netIncome": 5494000000,
    "netIncomeRatio": 0.0316861605,
    "eps": 0.68,
    "epsdiluted": 0.68,
    "weightedAverageShsOut": 8070000000,
    "weightedAverageShsOutDil": 8103000000,
    "link": "https://www.sec.gov/Archives/edgar/data/104169/000010416924000056/0000104169-24-000056-index.htm",
    "finalLink": "https://www.sec.gov/Archives/edgar/data/104169/000010416924000056/wmt-20240131.htm"
  },
  {
    "date": "2023-10-31",
    "symbol": "WMT",
    "reportedCurrency": "USD",
    "cik": "0000104169",
    "fillingDate": "2023-11-30",
    "acceptedDate": "2023-11-30 17:21:40",
    "calendarYear": "2023",
    "period": "Q3",
    "revenue": 160804000000,
    "costOfRevenue": 121183000000,
    "grossProfit": 39621000000,
    "grossProfitRatio": 0.2463931245,
    "researchAndDevelopmentExpenses": 0,
    "generalAndAdministrativeExpenses": 33419000000,
    "sellingAndMarketingExpenses": 0,
    "sellingGeneralAndAdministrativeExpenses": 33419000000,
    "otherExpenses": 0,
    "operatingExpenses": 33419000000,
    "costAndExpenses": 154602000000,
    "interestIncome": 145000000,
    "interestExpense": 682000000,
    "depreciationAndAmortization": 2986000000,
    "ebitda": 4583000000,
    "ebitdaratio": 0.0285005348,
    "operatingIncome": 6202000000,
    "operatingIncomeRatio": 0.0385686923,
    "totalOtherIncomeExpensesNet": -5287000000,
    "incomeBeforeTax": 915000000,
    "incomeBeforeTaxRatio": 0.005690157,
    "incomeTaxExpense": 272000000,
    "netIncome": 453000000,
    "netIncomeRatio": 0.0028170941,
    "eps": 0.0561,
    "epsdiluted": 0.0559,
    "weightedAverageShsOut": 8078999838,
    "weightedAverageShsOutDil": 8108999837,
    "link": "https://www.sec.gov/Archives/edgar/data/104169/000010416923000132/0000104169-23-000132-index.htm",
    "finalLink": "https://www.sec.gov/Archives/edgar/data/104169/000010416923000132/wmt-20231031.htm"
  },
  {
    "date": "2023-07-31",
    "symbol": "WMT",
    "reportedCurrency": "USD",
    "cik": "0000104169",
    "fillingDate": "2023-09-01",
    "acceptedDate": "2023-09-01 16:46:53",
    "calendarYear": "2023",
    "period": "Q2",
    "revenue": 161632000000,
    "costOfRevenue": 121850000000,
    "grossProfit": 39782000000,
    "grossProfitRatio": 0.2461270046,
    "researchAndDevelopmentExpenses": 0,
    "generalAndAdministrativeExpenses": 32466000000,
    "sellingAndMarketingExpenses": 0,
    "sellingGeneralAndAdministrativeExpenses": 32466000000,
    "otherExpenses": 0,
    "operatingExpenses": 32466000000,
    "costAndExpenses": 154316000000,
    "interestIncome": 148000000,
    "interestExpense": 642000000,
    "depreciationAndAmortization": 2905000000,
    "ebitda": 14274000000,
    "ebitdaratio": 0.0883117205,
    "operatingIncome": 7316000000,
    "operatingIncomeRatio": 0.0452633142,
    "totalOtherIncomeExpensesNet": 3411000000,
    "incomeBeforeTax": 10727000000,
    "incomeBeforeTaxRatio": 0.0663668086,
    "incomeTaxExpense": 2674000000,
    "netIncome": 7891000000,
    "netIncomeRatio": 0.0488207781,
    "eps": 0.98,
    "epsdiluted": 0.97,
    "weightedAverageShsOut": 8079000000,
    "weightedAverageShsOutDil": 8109000000,
    "link": "https://www.sec.gov/Archives/edgar/data/104169/000010416923000097/0000104169-23-000097-index.htm",
    "finalLink": "https://www.sec.gov/Archives/edgar/data/104169/000010416923000097/wmt-20230731.htm"
  },
  {
    "date": "2023-04-30",
    "symbol": "WMT",
    "reportedCurrency": "USD",
    "cik": "0000104169",
    "fillingDate": "2023-06-02",
    "acceptedDate": "2023-06-02 16:25:13",
    "calendarYear": "2023",
    "period": "Q1",
    "revenue": 152301000000,
    "costOfRevenue": 115284000000,
    "grossProfit": 37017000000,
    "grossProfitRatio": 0.2430515886,
    "researchAndDevelopmentExpenses": 0,
    "generalAndAdministrativeExpenses": 30777000000,
    "sellingAndMarketingExpenses": 0,
    "sellingGeneralAndAdministrativeExpenses": 30777000000,
    "otherExpenses": 0,
    "operatingExpenses": 30777000000,
    "costAndExpenses": 146061000000,
    "interestIncome": 107000000,
    "interestExpense": 664000000,
    "depreciationAndAmortization": 2845000000,
    "ebitda": 6197000000,
    "ebitdaratio": 0.0406891616,
    "operatingIncome": 6240000000,
    "operatingIncomeRatio": 0.0409714972,
    "totalOtherIncomeExpensesNet": -3552000000,
    "incomeBeforeTax": 2688000000,
    "incomeBeforeTaxRatio": 0.0176492603,
    "incomeTaxExpense": 792000000,
    "netIncome": 1673000000,
    "netIncomeRatio": 0.0109848261,
    "eps": 0.21,
    "epsdiluted": 0.21,
    "weightedAverageShsOut": 8082000000,
    "weightedAverageShsOutDil": 8112000000,
    "link": "https://www.sec.gov/Archives/edgar/data/104169/000010416923000052/0000104169-23-000052-index.htm",
    "finalLink": "https://www.sec.gov/Archives/edgar/data/104169/000010416923000052/wmt-20230430.htm"
  },
  {
    "date": "2023-01-31",
    "symbol": "WMT",
    "reportedCurrency": "USD",
    "cik": "0000104169",
    "fillingDate": "2023-03-17",
    "acceptedDate": "2023-03-17 17:02:59",
    "calendarYear": "2022",
    "period": "Q4",
    "revenue": 164048000000,
    "costOfRevenue": 125423000000,
    "grossProfit": 38625000000,
    "grossProfitRatio": 0.2354493807,
    "researchAndDevelopmentExpenses": 0,
    "generalAndAdministrativeExpenses": 33064000000,
    "sellingAndMarketingExpenses": 0,
    "sellingGeneralAndAdministrativeExpenses": 33064000000,
    "otherExpenses": 0,
    "operatingExpenses": 33064000000,
    "costAndExpenses": 158487000000,
    "interestIncome": 103000000,
    "interestExpense": 610000000,
    "depreciationAndAmortization": 2811000000,
    "ebitda": 12323000000,
    "ebitdaratio": 0.0751182581,
    "operatingIncome": 5561000000,
    "operatingIncomeRatio": 0.033898615,
    "totalOtherIncomeExpensesNet": 3341000000,
    "incomeBeforeTax": 8902000000,
    "incomeBeforeTaxRatio": 0.0542646055,
    "incomeTaxExpense": 3093000000,
    "netIncome": 6275000000,
    "netIncomeRatio": 0.0382509997,
    "eps": 0.78,
    "epsdiluted": 0.77,
    "weightedAverageShsOut": 8088000000,
    "weightedAverageShsOutDil": 8121000000,
    "link": "https://www.sec.gov/Archives/edgar/data/104169/000010416923000020/0000104169-23-000020-index.htm",
    "finalLink": "https://www.sec.gov/Archives/edgar/data/104169/000010416923000020/wmt-20230131.htm"
  },
  {
    "date": "2022-10-31",
    "symbol": "WMT",
    "reportedCurrency": "USD",
    "cik": "0000104169",
    "fillingDate": "2022-12-01",
    "acceptedDate": "2022-12-01 17:02:02",
    "calendarYear": "2022",
    "period": "Q3",
    "revenue": 152813000000,
    "costOfRevenue": 115613000000,
    "grossProfit": 37200000000,
    "grossProfitRatio": 0.2434347863,
    "researchAndDevelopmentExpenses": 0,
    "generalAndAdministrativeExpenses": 34505000000,
    "sellingAndMarketingExpenses": 0,
    "sellingGeneralAndAdministrativeExpenses": 34505000000,
    "otherExpenses": 0,
    "operatingExpenses": 34505000000,
    "costAndExpenses": 150118000000,
    "interestIncome": 84000000,
    "interestExpense": 584000000,
    "depreciationAndAmortization": 2755000000,
    "ebitda": 1908000000,
    "ebitdaratio": 0.0124858487,
    "operatingIncome": 2695000000,
    "operatingIncomeRatio": 0.0176359341,
    "totalOtherIncomeExpensesNet": -4126000000,
    "incomeBeforeTax": -1431000000,
    "incomeBeforeTaxRatio": -0.0093643865,
    "incomeTaxExpense": 336000000,
    "netIncome": -1798000000,
    "netIncomeRatio": -0.0117660147,
    "eps": -0.22,
    "epsdiluted": -0.22,
    "weightedAverageShsOut": 8133000000,
    "weightedAverageShsOutDil": 8133000000,
    "link": "https://www.sec.gov/Archives/edgar/data/104169/000010416922000083/0000104169-22-000083-index.htm",
    "finalLink": "https://www.sec.gov/Archives/edgar/data/104169/000010416922000083/wmt-20221031.htm"
  },
  {
    "date": "2022-07-31",
    "symbol": "WMT",
    "reportedCurrency": "USD",
    "cik": "0000104169",
    "fillingDate": "2022-09-02",
    "acceptedDate": "2022-09-02 17:01:12",
    "calendarYear": "2022",
    "period": "Q2",
    "revenue": 152859000000,
    "costOfRevenue": 115838000000,
    "grossProfit": 37021000000,
    "grossProfitRatio": 0.2421905154,
    "researchAndDevelopmentExpenses": 0,
    "generalAndAdministrativeExpenses": 30167000000,
    "sellingAndMarketingExpenses": 0,
    "sellingGeneralAndAdministrativeExpenses": 30167000000,
    "otherExpenses": 0,
    "operatingExpenses": 30167000000,
    "costAndExpenses": 146005000000,
    "interestIncome": 31000000,
    "interestExpense": 479000000,
    "depreciationAndAmortization": 2699000000,
    "ebitda": 9822000000,
    "ebitdaratio": 0.0642552941,
    "operatingIncome": 6854000000,
    "operatingIncomeRatio": 0.0448387076,
    "totalOtherIncomeExpensesNet": -210000000,
    "incomeBeforeTax": 6644000000,
    "incomeBeforeTaxRatio": 0.0434648925,
    "incomeTaxExpense": 1497000000,
    "netIncome": 5149000000,
    "netIncomeRatio": 0.0336846375,
    "eps": 0.63,
    "epsdiluted": 0.63,
    "weightedAverageShsOut": 8216052000,
    "weightedAverageShsOutDil": 8235000000,
    "link": "https://www.sec.gov/Archives/edgar/data/104169/000010416922000072/0000104169-22-000072-index.htm",
    "finalLink": "https://www.sec.gov/Archives/edgar/data/104169/000010416922000072/wmt-20220731.htm"
  },
  {
    "date": "2022-04-30",
    "symbol": "WMT",
    "reportedCurrency": "USD",
    "cik": "0000104169",
    "fillingDate": "2022-06-03",
    "acceptedDate": "2022-06-03 17:04:10",
    "calendarYear": "2022",
    "period": "Q1",
    "revenue": 141569000000,
    "costOfRevenue": 106847000000,
    "grossProfit": 34722000000,
    "grossProfitRatio": 0.2452655596,
    "researchAndDevelopmentExpenses": 0,
    "generalAndAdministrativeExpenses": 29404000000,
    "sellingAndMarketingExpenses": 0,
    "sellingGeneralAndAdministrativeExpenses": 29404000000,
    "otherExpenses": 0,
    "operatingExpenses": 29404000000,
    "costAndExpenses": 136251000000,
    "interestIncome": 36000000,
    "interestExpense": 455000000,
    "depreciationAndAmortization": 2680000000,
    "ebitda": 6036000000,
    "ebitdaratio": 0.0426364529,
    "operatingIncome": 5318000000,
    "operatingIncomeRatio": 0.0375647211,
    "totalOtherIncomeExpensesNet": -2417000000,
    "incomeBeforeTax": 2901000000,
    "incomeBeforeTaxRatio": 0.0204917743,
    "incomeTaxExpense": 798000000,
    "netIncome": 2054000000,
    "netIncomeRatio": 0.0145088261,
    "eps": 0.25,
    "epsdiluted": 0.25,
    "weightedAverageShsOut": 8262000000,
    "weightedAverageShsOutDil": 8295000000,
    "link": "https://www.sec.gov/Archives/edgar/data/104169/000010416922000029/0000104169-22-000029-index.htm",
    "finalLink": "https://www.sec.gov/Archives/edgar/data/104169/000010416922000029/wmt-20220430.htm"
  },
  {
    "date": "2022-01-31",
    "symbol": "WMT",
    "reportedCurrency": "USD",
    "cik": "0000104169",
    "fillingDate": "2022-03-18",
    "acceptedDate": "2022-03-18 17:03:00",
    "calendarYear": "2021",
    "period": "Q4",
    "revenue": 152871000000,
    "costOfRevenue": 115522000000,
    "grossProfit": 37349000000,
    "grossProfitRatio": 0.244317104,
    "researchAndDevelopmentExpenses": 0,
    "generalAndAdministrativeExpenses": 31462000000,
    "sellingAndMarketingExpenses": 0,
    "sellingGeneralAndAdministrativeExpenses": 31462000000,
    "otherExpenses": 0,
    "operatingExpenses": 31462000000,
    "costAndExpenses": 146984000000,
    "interestIncome": 47000000,
    "interestExpense": 427000000,
    "depreciationAndAmortization": 2706000000,
    "ebitda": 7915000000,
    "ebitdaratio": 0.0517756801,
    "operatingIncome": 5887000000,
    "operatingIncomeRatio": 0.0385095931,
    "totalOtherIncomeExpensesNet": -1105000000,
    "incomeBeforeTax": 4782000000,
    "incomeBeforeTaxRatio": 0.0312812764,
    "incomeTaxExpense": 1149000000,
    "netIncome": 3562000000,
    "netIncomeRatio": 0.0233006914,
    "eps": 0.43,
    "epsdiluted": 0.43,
    "weightedAverageShsOut": 8307000000,
    "weightedAverageShsOutDil": 8346000000,
    "link": "https://www.sec.gov/Archives/edgar/data/104169/000010416922000012/0000104169-22-000012-index.htm",
    "finalLink": "https://www.sec.gov/Archives/edgar/data/104169/000010416922000012/wmt-20220131.htm"
  },
  {
    "date": "2021-10-31",
    "symbol": "WMT",
    "reportedCurrency": "USD",
    "cik": "0000104169",
    "fillingDate": "2021-12-01",
    "acceptedDate": "2021-12-01 17:02:58",
    "calendarYear": "2021",
    "period": "Q3",
    "revenue": 140525000000,
    "costOfRevenue": 105023000000,
    "grossProfit": 35502000000,
    "grossProfitRatio": 0.2526383206,
    "researchAndDevelopmentExpenses": 0,
    "generalAndAdministrativeExpenses": 29710000000,
    "sellingAndMarketingExpenses": 0,
    "sellingGeneralAndAdministrativeExpenses": 29710000000,
    "otherExpenses": 0,
    "operatingExpenses": 29710000000,
    "costAndExpenses": 134733000000,
    "interestIncome": 44000000,
    "interestExpense": 486000000,
    "depreciationAndAmortization": 2650000000,
    "ebitda": 7283000000,
    "ebitdaratio": 0.051827077,
    "operatingIncome": 5792000000,
    "operatingIncomeRatio": 0.0412168653,
    "totalOtherIncomeExpensesNet": -1645000000,
    "incomeBeforeTax": 4147000000,
    "incomeBeforeTaxRatio": 0.0295107632,
    "incomeTaxExpense": 1015000000,
    "netIncome": 3105000000,
    "netIncomeRatio": 0.0220957125,
    "eps": 0.37,
    "epsdiluted": 0.37,
    "weightedAverageShsOut": 8355000000,
    "weightedAverageShsOutDil": 8391000000,
    "link": "https://www.sec.gov/Archives/edgar/data/104169/000010416921000072/0000104169-21-000072-index.htm",
    "finalLink": "https://www.sec.gov/Archives/edgar/data/104169/000010416921000072/wmt-20211031.htm"
  },
  {
    "date": "2021-07-31",
    "symbol": "WMT",
    "reportedCurrency": "USD",
    "cik": "0000104169",
    "fillingDate": "2021-09-02",
    "acceptedDate": "2021-09-02 17:13:23",
    "calendarYear": "2021",
    "period": "Q2",
    "revenue": 141048000000,
    "costOfRevenue": 105183000000,
    "grossProfit": 35865000000,
    "grossProfitRatio": 0.2542751404,
    "researchAndDevelopmentExpenses": 0,
    "generalAndAdministrativeExpenses": 28511000000,
    "sellingAndMarketingExpenses": 0,
    "sellingGeneralAndAdministrativeExpenses": 28511000000,
    "otherExpenses": 0,
    "operatingExpenses": 28511000000,
    "costAndExpenses": 133694000000,
    "interestIncome": 37000000,
    "interestExpense": 515000000,
    "depreciationAndAmortization": 2641000000,
    "ebitda": 9079000000,
    "ebitdaratio": 0.0643681584,
    "operatingIncome": 7354000000,
    "operatingIncomeRatio": 0.0521382792,
    "totalOtherIncomeExpensesNet": -1431000000,
    "incomeBeforeTax": 5923000000,
    "incomeBeforeTaxRatio": 0.0419927968,
    "incomeTaxExpense": 1559000000,
    "netIncome": 4276000000,
    "netIncomeRatio": 0.0303159208,
    "eps": 0.51,
    "epsdiluted": 0.51,
    "weightedAverageShsOut": 8397000000,
    "weightedAverageShsOutDil": 8436000000,
    "link": "https://www.sec.gov/Archives/edgar/data/104169/000010416921000058/0000104169-21-000058-index.htm",
    "finalLink": "https://www.sec.gov/Archives/edgar/data/104169/000010416921000058/wmt-20210731.htm"
  },
  {
    "date": "2021-04-30",
    "symbol": "WMT",
    "reportedCurrency": "USD",
    "cik": "0000104169",
    "fillingDate": "2021-06-04",
    "acceptedDate": "2021-06-04 17:11:17",
    "calendarYear": "2021",
    "period": "Q1",
    "revenue": 138310000000,
    "costOfRevenue": 103272000000,
    "grossProfit": 35038000000,
    "grossProfitRatio": 0.2533294773,
    "researchAndDevelopmentExpenses": 0,
    "generalAndAdministrativeExpenses": 28129000000,
    "sellingAndMarketingExpenses": 0,
    "sellingGeneralAndAdministrativeExpenses": 28129000000,
    "otherExpenses": 0,
    "operatingExpenses": 28129000000,
    "costAndExpenses": 131401000000,
    "interestIncome": 30000000,
    "interestExpense": 566000000,
    "depreciationAndAmortization": 2661000000,
    "ebitda": 7071000000,
    "ebitdaratio": 0.051124286,
    "operatingIncome": 6909000000,
    "operatingIncomeRatio": 0.0499530041,
    "totalOtherIncomeExpensesNet": -3065000000,
    "incomeBeforeTax": 3844000000,
    "incomeBeforeTaxRatio": 0.0277926397,
    "incomeTaxExpense": 1033000000,
    "netIncome": 2730000000,
    "netIncomeRatio": 0.0197382691,
    "eps": 0.32,
    "epsdiluted": 0.32,
    "weightedAverageShsOut": 8445000000,
    "weightedAverageShsOutDil": 8487000000,
    "link": "https://www.sec.gov/Archives/edgar/data/104169/000010416921000042/0000104169-21-000042-index.htm",
    "finalLink": "https://www.sec.gov/Archives/edgar/data/104169/000010416921000042/wmt-20210430.htm"
  },
  {
    "date": "2021-01-31",
    "symbol": "WMT",
    "reportedCurrency": "USD",
    "cik": "0000104169",
    "fillingDate": "2021-03-19",
    "acceptedDate": "2021-03-19 16:40:44",
    "calendarYear": "2020",
    "period": "Q4",
    "revenue": 152079000000,
    "costOfRevenue": 115261000000,
    "grossProfit": 36818000000,
    "grossProfitRatio": 0.242097857,
    "researchAndDevelopmentExpenses": 0,
    "generalAndAdministrativeExpenses": 31331000000,
    "sellingAndMarketingExpenses": 0,
    "sellingGeneralAndAdministrativeExpenses": 31331000000,
    "otherExpenses": 0,
    "operatingExpenses": 31331000000,
    "costAndExpenses": 146592000000,
    "interestIncome": 30000000,
    "interestExpense": 524000000,
    "depreciationAndAmortization": 2819000000,
    "ebitda": 2750000000,
    "ebitdaratio": 0.018082707,
    "operatingIncome": 5487000000,
    "operatingIncomeRatio": 0.0360799321,
    "totalOtherIncomeExpensesNet": -6080000000,
    "incomeBeforeTax": -593000000,
    "incomeBeforeTaxRatio": -0.0038992892,
    "incomeTaxExpense": 1415000000,
    "netIncome": -2091000000,
    "netIncomeRatio": -0.0137494329,
    "eps": -0.25,
    "epsdiluted": -0.25,
    "weightedAverageShsOut": 8478000000,
    "weightedAverageShsOutDil": 8478000000,
    "link": "https://www.sec.gov/Archives/edgar/data/104169/000010416921000033/0000104169-21-000033-index.htm",
    "finalLink": "https://www.sec.gov/Archives/edgar/data/104169/000010416921000033/wmt-20210131.htm"
  },
  {
    "date": "2020-10-31",
    "symbol": "WMT",
    "reportedCurrency": "USD",
    "cik": "0000104169",
    "fillingDate": "2020-12-02",
    "acceptedDate": "2020-12-02 17:10:24",
    "calendarYear": "2020",
    "period": "Q3",
    "revenue": 134708000000,
    "costOfRevenue": 100339000000,
    "grossProfit": 34369000000,
    "grossProfitRatio": 0.2551370371,
    "researchAndDevelopmentExpenses": 0,
    "generalAndAdministrativeExpenses": 28591000000,
    "sellingAndMarketingExpenses": 0,
    "sellingGeneralAndAdministrativeExpenses": 28591000000,
    "otherExpenses": 0,
    "operatingExpenses": 28591000000,
    "costAndExpenses": 128930000000,
    "interestIncome": 25000000,
    "interestExpense": 541000000,
    "depreciationAndAmortization": 2771000000,
    "ebitda": 10427000000,
    "ebitdaratio": 0.07740446,
    "operatingIncome": 5778000000,
    "operatingIncomeRatio": 0.0428927755,
    "totalOtherIncomeExpensesNet": 1337000000,
    "incomeBeforeTax": 7115000000,
    "incomeBeforeTaxRatio": 0.052817947,
    "incomeTaxExpense": 1914000000,
    "netIncome": 5135000000,
    "netIncomeRatio": 0.0381194881,
    "eps": 0.6,
    "epsdiluted": 0.6,
    "weightedAverageShsOut": 8499000000,
    "weightedAverageShsOutDil": 8547000000,
    "link": "https://www.sec.gov/Archives/edgar/data/104169/000010416920000076/0000104169-20-000076-index.htm",
    "finalLink": "https://www.sec.gov/Archives/edgar/data/104169/000010416920000076/wmt-20201031.htm"
  },
  {
    "date": "2020-07-31",
    "symbol": "WMT",
    "reportedCurrency": "USD",
    "cik": "0000104169",
    "fillingDate": "2020-09-02",
    "acceptedDate": "2020-09-02 17:05:25",
    "calendarYear": "2020",
    "period": "Q2",
    "revenue": 137742000000,
    "costOfRevenue": 102689000000,
    "grossProfit": 35053000000,
    "grossProfitRatio": 0.254483019,
    "researchAndDevelopmentExpenses": 0,
    "generalAndAdministrativeExpenses": 28994000000,
    "sellingAndMarketingExpenses": 0,
    "sellingGeneralAndAdministrativeExpenses": 28994000000,
    "otherExpenses": 0,
    "operatingExpenses": 28994000000,
    "costAndExpenses": 131683000000,
    "interestIncome": 23000000,
    "interestExpense": 658000000,
    "depreciationAndAmortization": 2771000000,
    "ebitda": 12075000000,
    "ebitdaratio": 0.0876638934,
    "operatingIncome": 6059000000,
    "operatingIncomeRatio": 0.0439880356,
    "totalOtherIncomeExpensesNet": 2587000000,
    "incomeBeforeTax": 8646000000,
    "incomeBeforeTaxRatio": 0.0627695256,
    "incomeTaxExpense": 2207000000,
    "netIncome": 6476000000,
    "netIncomeRatio": 0.0470154347,
    "eps": 0.76,
    "epsdiluted": 0.76,
    "weightedAverageShsOut": 8496000000,
    "weightedAverageShsOutDil": 8544000000,
    "link": "https://www.sec.gov/Archives/edgar/data/104169/000010416920000042/0000104169-20-000042-index.htm",
    "finalLink": "https://www.sec.gov/Archives/edgar/data/104169/000010416920000042/wmtform10-qx7312020.htm"
  },
  {
    "date": "2020-04-30",
    "symbol": "WMT",
    "reportedCurrency": "USD",
    "cik": "0000104169",
    "fillingDate": "2020-06-03",
    "acceptedDate": "2020-06-03 17:10:33",
    "calendarYear": "2020",
    "period": "Q1",
    "revenue": 134622000000,
    "costOfRevenue": 102026000000,
    "grossProfit": 32596000000,
    "grossProfitRatio": 0.2421298153,
    "researchAndDevelopmentExpenses": 0,
    "generalAndAdministrativeExpenses": 27372000000,
    "sellingAndMarketingExpenses": 0,
    "sellingGeneralAndAdministrativeExpenses": 27372000000,
    "otherExpenses": 0,
    "operatingExpenses": 27372000000,
    "costAndExpenses": 129398000000,
    "interestIncome": 43000000,
    "interestExpense": 592000000,
    "depreciationAndAmortization": 2791000000,
    "ebitda": 8779000000,
    "ebitdaratio": 0.0652122239,
    "operatingIncome": 5224000000,
    "operatingIncomeRatio": 0.0388049502,
    "totalOtherIncomeExpensesNet": 172000000,
    "incomeBeforeTax": 5396000000,
    "incomeBeforeTaxRatio": 0.0400826017,
    "incomeTaxExpense": 1322000000,
    "netIncome": 3990000000,
    "netIncomeRatio": 0.0296385435,
    "eps": 0.47,
    "epsdiluted": 0.47,
    "weightedAverageShsOut": 8493000000,
    "weightedAverageShsOutDil": 8547000000,
    "link": "https://www.sec.gov/Archives/edgar/data/104169/000010416920000020/0000104169-20-000020-index.htm",
    "finalLink": "https://www.sec.gov/Archives/edgar/data/104169/000010416920000020/wmtform10-qx4302020.htm"
  },
  {
    "date": "2020-01-31",
    "symbol": "WMT",
    "reportedCurrency": "USD",
    "cik": "0000104169",
    "fillingDate": "2020-03-20",
    "acceptedDate": "2020-03-20 16:51:02",
    "calendarYear": "2019",
    "period": "Q4",
    "revenue": 141671000000,
    "costOfRevenue": 107748000000,
    "grossProfit": 33923000000,
    "grossProfitRatio": 0.2394491463,
    "researchAndDevelopmentExpenses": 0,
    "generalAndAdministrativeExpenses": 28601000000,
    "sellingAndMarketingExpenses": 0,
    "sellingGeneralAndAdministrativeExpenses": 28601000000,
    "otherExpenses": 0,
    "operatingExpenses": 28601000000,
    "costAndExpenses": 136349000000,
    "interestIncome": 41000000,
    "interestExpense": 652000000,
    "depreciationAndAmortization": 2828000000,
    "ebitda": 9153000000,
    "ebitdaratio": 0.0646074355,
    "operatingIncome": 5322000000,
    "operatingIncomeRatio": 0.0375659097,
    "totalOtherIncomeExpensesNet": 351000000,
    "incomeBeforeTax": 5673000000,
    "incomeBeforeTaxRatio": 0.040043481,
    "incomeTaxExpense": 1379000000,
    "netIncome": 4141000000,
    "netIncomeRatio": 0.0292296942,
    "eps": 0.49,
    "epsdiluted": 0.48,
    "weightedAverageShsOut": 8508000000,
    "weightedAverageShsOutDil": 8565000000,
    "link": "https://www.sec.gov/Archives/edgar/data/104169/000010416920000011/0000104169-20-000011-index.htm",
    "finalLink": "https://www.sec.gov/Archives/edgar/data/104169/000010416920000011/wmtform10-kx1312020.htm"
  },
  {
    "date": "2019-10-31",
    "symbol": "WMT",
    "reportedCurrency": "USD",
    "cik": "0000104169",
    "fillingDate": "2019-12-04",
    "acceptedDate": "2019-12-04 16:12:55",
    "calendarYear": "2019",
    "period": "Q3",
    "revenue": 127991000000,
    "costOfRevenue": 95900000000,
    "grossProfit": 32091000000,
    "grossProfitRatio": 0.2507285669,
    "researchAndDevelopmentExpenses": 0,
    "generalAndAdministrativeExpenses": 27373000000,
    "sellingAndMarketingExpenses": 0,
    "sellingGeneralAndAdministrativeExpenses": 27373000000,
    "otherExpenses": 0,
    "operatingExpenses": 27373000000,
    "costAndExpenses": 123273000000,
    "interestIncome": 44000000,
    "interestExpense": 633000000,
    "depreciationAndAmortization": 2723000000,
    "ebitda": 7729000000,
    "ebitdaratio": 0.0603870585,
    "operatingIncome": 4718000000,
    "operatingIncomeRatio": 0.0368619669,
    "totalOtherIncomeExpensesNet": -345000000,
    "incomeBeforeTax": 4373000000,
    "incomeBeforeTaxRatio": 0.0341664648,
    "incomeTaxExpense": 1052000000,
    "netIncome": 3288000000,
    "netIncomeRatio": 0.0256893063,
    "eps": 0.39,
    "epsdiluted": 0.38,
    "weightedAverageShsOut": 8529000000,
    "weightedAverageShsOutDil": 8583000000,
    "link": "https://www.sec.gov/Archives/edgar/data/104169/000010416919000088/0000104169-19-000088-index.htm",
    "finalLink": "https://www.sec.gov/Archives/edgar/data/104169/000010416919000088/wmtform10-qx103119.htm"
  },
  {
    "date": "2019-07-31",
    "symbol": "WMT",
    "reportedCurrency": "USD",
    "cik": "0000104169",
    "fillingDate": "2019-09-06",
    "acceptedDate": "2019-09-06 16:26:01",
    "calendarYear": "2019",
    "period": "Q2",
    "revenue": 130377000000,
    "costOfRevenue": 97923000000,
    "grossProfit": 32454000000,
    "grossProfitRatio": 0.2489242735,
    "researchAndDevelopmentExpenses": 0,
    "generalAndAdministrativeExpenses": 26871000000,
    "sellingAndMarketingExpenses": 0,
    "sellingGeneralAndAdministrativeExpenses": 26871000000,
    "otherExpenses": 0,
    "operatingExpenses": 26871000000,
    "costAndExpenses": 124794000000,
    "interestIncome": 56000000,
    "interestExpense": 641000000,
    "depreciationAndAmortization": 2722000000,
    "ebitda": 8276000000,
    "ebitdaratio": 0.0634774538,
    "operatingIncome": 5583000000,
    "operatingIncomeRatio": 0.0428219701,
    "totalOtherIncomeExpensesNet": -670000000,
    "incomeBeforeTax": 4913000000,
    "incomeBeforeTaxRatio": 0.0376830269,
    "incomeTaxExpense": 1233000000,
    "netIncome": 3610000000,
    "netIncomeRatio": 0.0276889329,
    "eps": 0.42,
    "epsdiluted": 0.42,
    "weightedAverageShsOut": 8559000000,
    "weightedAverageShsOutDil": 8607000000,
    "link": "https://www.sec.gov/Archives/edgar/data/104169/000010416919000064/0000104169-19-000064-index.htm",
    "finalLink": "https://www.sec.gov/Archives/edgar/data/104169/000010416919000064/wmtform10-qx7312019.htm"
  },
  {
    "date": "2019-04-30",
    "symbol": "WMT",
    "reportedCurrency": "USD",
    "cik": "0000104169",
    "fillingDate": "2019-06-07",
    "acceptedDate": "2019-06-07 16:41:29",
    "calendarYear": "2019",
    "period": "Q1",
    "revenue": 123925000000,
    "costOfRevenue": 93034000000,
    "grossProfit": 30891000000,
    "grossProfitRatio": 0.2492717369,
    "researchAndDevelopmentExpenses": 0,
    "generalAndAdministrativeExpenses": 25946000000,
    "sellingAndMarketingExpenses": 0,
    "sellingGeneralAndAdministrativeExpenses": 25946000000,
    "otherExpenses": 0,
    "operatingExpenses": 25946000000,
    "costAndExpenses": 118980000000,
    "interestIncome": 48000000,
    "interestExpense": 673000000,
    "depreciationAndAmortization": 2714000000,
    "ebitda": 8544000000,
    "ebitdaratio": 0.0689449264,
    "operatingIncome": 4945000000,
    "operatingIncomeRatio": 0.0399031672,
    "totalOtherIncomeExpensesNet": 212000000,
    "incomeBeforeTax": 5157000000,
    "incomeBeforeTaxRatio": 0.0416138794,
    "incomeTaxExpense": 1251000000,
    "netIncome": 3842000000,
    "netIncomeRatio": 0.0310026226,
    "eps": 0.45,
    "epsdiluted": 0.44,
    "weightedAverageShsOut": 8607000000,
    "weightedAverageShsOutDil": 8658000000,
    "link": "https://www.sec.gov/Archives/edgar/data/104169/000010416919000024/0000104169-19-000024-index.htm",
    "finalLink": "https://www.sec.gov/Archives/edgar/data/104169/000010416919000024/wmtform10-qx4302019.htm"
  },
  {
    "date": "2019-01-31",
    "symbol": "WMT",
    "reportedCurrency": "USD",
    "cik": "0000104169",
    "fillingDate": "2019-03-28",
    "acceptedDate": "2019-03-28 16:56:37",
    "calendarYear": "2018",
    "period": "Q4",
    "revenue": 138793000000,
    "costOfRevenue": 104907000000,
    "grossProfit": 33886000000,
    "grossProfitRatio": 0.2441477596,
    "researchAndDevelopmentExpenses": 0,
    "generalAndAdministrativeExpenses": 24159000000,
    "sellingAndMarketingExpenses": 3500000000,
    "sellingGeneralAndAdministrativeExpenses": 27819000000,
    "otherExpenses": 0,
    "operatingExpenses": 27819000000,
    "costAndExpenses": 132726000000,
    "interestIncome": 64000000,
    "interestExpense": 669000000,
    "depreciationAndAmortization": 2731000000,
    "ebitda": 9064000000,
    "ebitdaratio": 0.0653058872,
    "operatingIncome": 6067000000,
    "operatingIncomeRatio": 0.0437125792,
    "totalOtherIncomeExpensesNet": -403000000,
    "incomeBeforeTax": 5664000000,
    "incomeBeforeTaxRatio": 0.0408089745,
    "incomeTaxExpense": 1851000000,
    "netIncome": 3687000000,
    "netIncomeRatio": 0.0265647403,
    "eps": 0.42,
    "epsdiluted": 0.42,
    "weightedAverageShsOut": 8688000000,
    "weightedAverageShsOutDil": 8742000000,
    "link": "https://www.sec.gov/Archives/edgar/data/104169/000010416919000016/0000104169-19-000016-index.htm",
    "finalLink": "https://www.sec.gov/Archives/edgar/data/104169/000010416919000016/wmtform10-kx1312019.htm"
  },
  {
    "date": "2018-10-31",
    "symbol": "WMT",
    "reportedCurrency": "USD",
    "cik": "0000104169",
    "fillingDate": "2018-11-30",
    "acceptedDate": "2018-11-30 16:47:52",
    "calendarYear": "2018",
    "period": "Q3",
    "revenue": 124894000000,
    "costOfRevenue": 93116000000,
    "grossProfit": 31778000000,
    "grossProfitRatio": 0.2544397649,
    "researchAndDevelopmentExpenses": 0,
    "generalAndAdministrativeExpenses": 0,
    "sellingAndMarketingExpenses": 0,
    "sellingGeneralAndAdministrativeExpenses": 26792000000,
    "otherExpenses": 0,
    "operatingExpenses": 26792000000,
    "costAndExpenses": 119908000000,
    "interestIncome": 59000000,
    "interestExpense": 593000000,
    "depreciationAndAmortization": 2615000000,
    "ebitda": 5784000000,
    "ebitdaratio": 0.046311272,
    "operatingIncome": 4986000000,
    "operatingIncomeRatio": 0.0399218537,
    "totalOtherIncomeExpensesNet": -2410000000,
    "incomeBeforeTax": 2576000000,
    "incomeBeforeTaxRatio": 0.0206254904,
    "incomeTaxExpense": 759000000,
    "netIncome": 1710000000,
    "netIncomeRatio": 0.0136916105,
    "eps": 0.19,
    "epsdiluted": 0.19,
    "weightedAverageShsOut": 8772000000,
    "weightedAverageShsOutDil": 8823000000,
    "link": "https://www.sec.gov/Archives/edgar/data/104169/000010416918000110/0000104169-18-000110-index.htm",
    "finalLink": "https://www.sec.gov/Archives/edgar/data/104169/000010416918000110/wmtform10-qx10312018.htm"
  },
  {
    "date": "2018-07-31",
    "symbol": "WMT",
    "reportedCurrency": "USD",
    "cik": "0000104169",
    "fillingDate": "2018-09-06",
    "acceptedDate": "2018-09-06 16:52:25",
    "calendarYear": "2018",
    "period": "Q2",
    "revenue": 128028000000,
    "costOfRevenue": 95571000000,
    "grossProfit": 32457000000,
    "grossProfitRatio": 0.2535148561,
    "researchAndDevelopmentExpenses": 0,
    "generalAndAdministrativeExpenses": 0,
    "sellingAndMarketingExpenses": 0,
    "sellingGeneralAndAdministrativeExpenses": 26707000000,
    "otherExpenses": 0,
    "operatingExpenses": 26707000000,
    "costAndExpenses": 122278000000,
    "interestIncome": 51000000,
    "interestExpense": 554000000,
    "depreciationAndAmortization": 2654000000,
    "ebitda": 3606000000,
    "ebitdaratio": 0.0281657138,
    "operatingIncome": 5750000000,
    "operatingIncomeRatio": 0.0449120505,
    "totalOtherIncomeExpensesNet": -5352000000,
    "incomeBeforeTax": 398000000,
    "incomeBeforeTaxRatio": 0.003108695,
    "incomeTaxExpense": 1125000000,
    "netIncome": -861000000,
    "netIncomeRatio": -0.0067250914,
    "eps": -0.0974,
    "epsdiluted": -0.097,
    "weightedAverageShsOut": 8838000000,
    "weightedAverageShsOutDil": 8880000000,
    "link": "https://www.sec.gov/Archives/edgar/data/104169/000010416918000086/0000104169-18-000086-index.htm",
    "finalLink": "https://www.sec.gov/Archives/edgar/data/104169/000010416918000086/wmtform10-qx7312018.htm"
  },
  {
    "date": "2018-04-30",
    "symbol": "WMT",
    "reportedCurrency": "USD",
    "cik": "0000104169",
    "fillingDate": "2018-06-04",
    "acceptedDate": "2018-06-04 17:23:45",
    "calendarYear": "2018",
    "period": "Q1",
    "revenue": 122690000000,
    "costOfRevenue": 91707000000,
    "grossProfit": 30983000000,
    "grossProfitRatio": 0.2525307686,
    "researchAndDevelopmentExpenses": 0,
    "generalAndAdministrativeExpenses": 0,
    "sellingAndMarketingExpenses": 0,
    "sellingGeneralAndAdministrativeExpenses": 25829000000,
    "otherExpenses": 0,
    "operatingExpenses": 25829000000,
    "costAndExpenses": 117536000000,
    "interestIncome": 43000000,
    "interestExpense": 530000000,
    "depreciationAndAmortization": 2678000000,
    "ebitda": 6030000000,
    "ebitdaratio": 0.0491482598,
    "operatingIncome": 5154000000,
    "operatingIncomeRatio": 0.0420083136,
    "totalOtherIncomeExpensesNet": -2332000000,
    "incomeBeforeTax": 2822000000,
    "incomeBeforeTaxRatio": 0.0230010596,
    "incomeTaxExpense": 546000000,
    "netIncome": 2134000000,
    "netIncomeRatio": 0.0173934306,
    "eps": 0.24,
    "epsdiluted": 0.24,
    "weightedAverageShsOut": 8850000000,
    "weightedAverageShsOutDil": 8901000000,
    "link": "https://www.sec.gov/Archives/edgar/data/104169/000010416918000054/0000104169-18-000054-index.htm",
    "finalLink": "https://www.sec.gov/Archives/edgar/data/104169/000010416918000054/wmtform10-qx4302018.htm"
  },
  {
    "date": "2018-01-31",
    "symbol": "WMT",
    "reportedCurrency": "USD",
    "cik": "0000104169",
    "fillingDate": "2018-03-30",
    "acceptedDate": "2018-03-30 16:01:22",
    "calendarYear": "2017",
    "period": "Q4",
    "revenue": 136267000000,
    "costOfRevenue": 102640000000,
    "grossProfit": 33627000000,
    "grossProfitRatio": 0.2467728797,
    "researchAndDevelopmentExpenses": 0,
    "generalAndAdministrativeExpenses": 24398000000,
    "sellingAndMarketingExpenses": 3100000000,
    "sellingGeneralAndAdministrativeExpenses": 29160000000,
    "otherExpenses": 0,
    "operatingExpenses": 29160000000,
    "costAndExpenses": 131800000000,
    "interestIncome": 37000000,
    "interestExpense": 536000000,
    "depreciationAndAmortization": 2702000000,
    "ebitda": 8831000000,
    "ebitdaratio": 0.0648065929,
    "operatingIncome": 4467000000,
    "operatingIncomeRatio": 0.032781231,
    "totalOtherIncomeExpensesNet": -1503000000,
    "incomeBeforeTax": 2964000000,
    "incomeBeforeTaxRatio": 0.0217514145,
    "incomeTaxExpense": 601000000,
    "netIncome": 2175000000,
    "netIncomeRatio": 0.0159613112,
    "eps": 0.25,
    "epsdiluted": 0.24,
    "weightedAverageShsOut": 8877000000,
    "weightedAverageShsOutDil": 8934000000,
    "link": "https://www.sec.gov/Archives/edgar/data/104169/000010416918000028/0000104169-18-000028-index.htm",
    "finalLink": "https://www.sec.gov/Archives/edgar/data/104169/000010416918000028/wmtform10-kx1312018.htm"
  },
  {
    "date": "2017-10-31",
    "symbol": "WMT",
    "reportedCurrency": "USD",
    "cik": "0000104169",
    "fillingDate": "2017-12-01",
    "acceptedDate": "2017-12-01 16:29:29",
    "calendarYear": "2017",
    "period": "Q3",
    "revenue": 123179000000,
    "costOfRevenue": 91547000000,
    "grossProfit": 31632000000,
    "grossProfitRatio": 0.256797019,
    "researchAndDevelopmentExpenses": 0,
    "generalAndAdministrativeExpenses": 0,
    "sellingAndMarketingExpenses": 0,
    "sellingGeneralAndAdministrativeExpenses": 26868000000,
    "otherExpenses": 0,
    "operatingExpenses": 26868000000,
    "costAndExpenses": 118415000000,
    "interestIncome": 42000000,
    "interestExpense": 583000000,
    "depreciationAndAmortization": 2658000000,
    "ebitda": 6120000000,
    "ebitdaratio": 0.0496837935,
    "operatingIncome": 4764000000,
    "operatingIncomeRatio": 0.0386754236,
    "totalOtherIncomeExpensesNet": -1885000000,
    "incomeBeforeTax": 2879000000,
    "incomeBeforeTaxRatio": 0.0233724904,
    "incomeTaxExpense": 975000000,
    "netIncome": 1749000000,
    "netIncomeRatio": 0.0141988488,
    "eps": 0.2,
    "epsdiluted": 0.19,
    "weightedAverageShsOut": 8943000000,
    "weightedAverageShsOutDil": 8988000000,
    "link": "https://www.sec.gov/Archives/edgar/data/104169/000010416917000081/0000104169-17-000081-index.htm",
    "finalLink": "https://www.sec.gov/Archives/edgar/data/104169/000010416917000081/wmtform10-qx10312017.htm"
  },
  {
    "date": "2017-07-31",
    "symbol": "WMT",
    "reportedCurrency": "USD",
    "cik": "0000104169",
    "fillingDate": "2017-08-31",
    "acceptedDate": "2017-08-31 17:07:31",
    "calendarYear": "2017",
    "period": "Q2",
    "revenue": 123355000000,
    "costOfRevenue": 91521000000,
    "grossProfit": 31834000000,
    "grossProfitRatio": 0.2580681772,
    "researchAndDevelopmentExpenses": 0,
    "generalAndAdministrativeExpenses": 0,
    "sellingAndMarketingExpenses": 0,
    "sellingGeneralAndAdministrativeExpenses": 25865000000,
    "otherExpenses": 0,
    "operatingExpenses": 25865000000,
    "costAndExpenses": 117386000000,
    "interestIncome": 38000000,
    "interestExpense": 613000000,
    "depreciationAndAmortization": 2618000000,
    "ebitda": 7837000000,
    "ebitdaratio": 0.0635320822,
    "operatingIncome": 5969000000,
    "operatingIncomeRatio": 0.0483887966,
    "totalOtherIncomeExpensesNet": -1363000000,
    "incomeBeforeTax": 4606000000,
    "incomeBeforeTaxRatio": 0.0373393863,
    "incomeTaxExpense": 1502000000,
    "netIncome": 2899000000,
    "netIncomeRatio": 0.0235012768,
    "eps": 0.32,
    "epsdiluted": 0.32,
    "weightedAverageShsOut": 9024000000,
    "weightedAverageShsOutDil": 9063000000,
    "link": "https://www.sec.gov/Archives/edgar/data/104169/000010416917000057/0000104169-17-000057-index.htm",
    "finalLink": "https://www.sec.gov/Archives/edgar/data/104169/000010416917000057/wmtform10-qx7312017.htm"
  },
  {
    "date": "2017-04-30",
    "symbol": "WMT",
    "reportedCurrency": "USD",
    "cik": "0000104169",
    "fillingDate": "2017-06-02",
    "acceptedDate": "2017-06-02 16:33:46",
    "calendarYear": "2017",
    "period": "Q1",
    "revenue": 117542000000,
    "costOfRevenue": 87688000000,
    "grossProfit": 29854000000,
    "grossProfitRatio": 0.2539858093,
    "researchAndDevelopmentExpenses": 0,
    "generalAndAdministrativeExpenses": 0,
    "sellingAndMarketingExpenses": 0,
    "sellingGeneralAndAdministrativeExpenses": 24617000000,
    "otherExpenses": 0,
    "operatingExpenses": 24617000000,
    "costAndExpenses": 112305000000,
    "interestIncome": 35000000,
    "interestExpense": 598000000,
    "depreciationAndAmortization": 2551000000,
    "ebitda": 7823000000,
    "ebitdaratio": 0.0665549336,
    "operatingIncome": 5237000000,
    "operatingIncomeRatio": 0.044554287,
    "totalOtherIncomeExpensesNet": -563000000,
    "incomeBeforeTax": 4674000000,
    "incomeBeforeTaxRatio": 0.0397645097,
    "incomeTaxExpense": 1522000000,
    "netIncome": 3039000000,
    "netIncomeRatio": 0.0258545881,
    "eps": 0.33,
    "epsdiluted": 0.33,
    "weightedAverageShsOut": 9105000000,
    "weightedAverageShsOutDil": 9141000000,
    "link": "https://www.sec.gov/Archives/edgar/data/104169/000010416917000029/0000104169-17-000029-index.htm",
    "finalLink": "https://www.sec.gov/Archives/edgar/data/104169/000010416917000029/wmtform10-qx4302017.htm"
  },
  {
    "date": "2017-01-31",
    "symbol": "WMT",
    "reportedCurrency": "USD",
    "cik": "0000104169",
    "fillingDate": "2017-03-31",
    "acceptedDate": "2017-03-31 16:54:02",
    "calendarYear": "2016",
    "period": "Q4",
    "revenue": 130936000000,
    "costOfRevenue": 97743000000,
    "grossProfit": 33193000000,
    "grossProfitRatio": 0.2535055294,
    "researchAndDevelopmentExpenses": 0,
    "generalAndAdministrativeExpenses": 24088000000,
    "sellingAndMarketingExpenses": 2900000000,
    "sellingGeneralAndAdministrativeExpenses": 26988000000,
    "otherExpenses": 0,
    "operatingExpenses": 26988000000,
    "costAndExpenses": 124731000000,
    "interestIncome": 30000000,
    "interestExpense": 585000000,
    "depreciationAndAmortization": 2706000000,
    "ebitda": 8911000000,
    "ebitdaratio": 0.0680561496,
    "operatingIncome": 6205000000,
    "operatingIncomeRatio": 0.0473895644,
    "totalOtherIncomeExpensesNet": -555000000,
    "incomeBeforeTax": 5650000000,
    "incomeBeforeTaxRatio": 0.0431508523,
    "incomeTaxExpense": 1664000000,
    "netIncome": 3757000000,
    "netIncomeRatio": 0.0286934075,
    "eps": 0.41,
    "epsdiluted": 0.41,
    "weightedAverageShsOut": 9195000000,
    "weightedAverageShsOutDil": 9231000000,
    "link": "https://www.sec.gov/Archives/edgar/data/104169/000010416917000021/0000104169-17-000021-index.htm",
    "finalLink": "https://www.sec.gov/Archives/edgar/data/104169/000010416917000021/wmtform10-kx1312017.htm"
  },
  {
    "date": "2016-10-31",
    "symbol": "WMT",
    "reportedCurrency": "USD",
    "cik": "0000104169",
    "fillingDate": "2016-12-01",
    "acceptedDate": "2016-12-01 17:16:20",
    "calendarYear": "2016",
    "period": "Q3",
    "revenue": 118179000000,
    "costOfRevenue": 87484000000,
    "grossProfit": 30695000000,
    "grossProfitRatio": 0.2597331167,
    "researchAndDevelopmentExpenses": 0,
    "generalAndAdministrativeExpenses": 0,
    "sellingAndMarketingExpenses": 0,
    "sellingGeneralAndAdministrativeExpenses": 25576000000,
    "otherExpenses": 0,
    "operatingExpenses": 25576000000,
    "costAndExpenses": 113060000000,
    "interestIncome": 24000000,
    "interestExpense": 609000000,
    "depreciationAndAmortization": 2469000000,
    "ebitda": 7588000000,
    "ebitdaratio": 0.064207685,
    "operatingIncome": 5119000000,
    "operatingIncomeRatio": 0.0433156483,
    "totalOtherIncomeExpensesNet": -585000000,
    "incomeBeforeTax": 4534000000,
    "incomeBeforeTaxRatio": 0.0383655303,
    "incomeTaxExpense": 1332000000,
    "netIncome": 3034000000,
    "netIncomeRatio": 0.0256729199,
    "eps": 0.33,
    "epsdiluted": 0.33,
    "weightedAverageShsOut": 9267000000,
    "weightedAverageShsOutDil": 9300000000,
    "link": "https://www.sec.gov/Archives/edgar/data/104169/000010416916000140/0000104169-16-000140-index.htm",
    "finalLink": "https://www.sec.gov/Archives/edgar/data/104169/000010416916000140/wmtform10-qx10312016.htm"
  },
  {
    "date": "2016-07-31",
    "symbol": "WMT",
    "reportedCurrency": "USD",
    "cik": "0000104169",
    "fillingDate": "2016-08-31",
    "acceptedDate": "2016-08-31 17:25:20",
    "calendarYear": "2016",
    "period": "Q2",
    "revenue": 120854000000,
    "costOfRevenue": 89485000000,
    "grossProfit": 31369000000,
    "grossProfitRatio": 0.2595611233,
    "researchAndDevelopmentExpenses": 0,
    "generalAndAdministrativeExpenses": 0,
    "sellingAndMarketingExpenses": 0,
    "sellingGeneralAndAdministrativeExpenses": 25204000000,
    "otherExpenses": 0,
    "operatingExpenses": 25204000000,
    "costAndExpenses": 114689000000,
    "interestIncome": 22000000,
    "interestExpense": 588000000,
    "depreciationAndAmortization": 2517000000,
    "ebitda": 8682000000,
    "ebitdaratio": 0.0718387476,
    "operatingIncome": 6165000000,
    "operatingIncomeRatio": 0.0510119649,
    "totalOtherIncomeExpensesNet": -566000000,
    "incomeBeforeTax": 5599000000,
    "incomeBeforeTaxRatio": 0.0463286279,
    "incomeTaxExpense": 1710000000,
    "netIncome": 3773000000,
    "netIncomeRatio": 0.031219488,
    "eps": 0.4,
    "epsdiluted": 0.4,
    "weightedAverageShsOut": 9327000000,
    "weightedAverageShsOutDil": 9357000000,
    "link": "https://www.sec.gov/Archives/edgar/data/104169/000010416916000119/0000104169-16-000119-index.htm",
    "finalLink": "https://www.sec.gov/Archives/edgar/data/104169/000010416916000119/wmtform10-qx7312016.htm"
  },
  {
    "date": "2016-04-30",
    "symbol": "WMT",
    "reportedCurrency": "USD",
    "cik": "0000104169",
    "fillingDate": "2016-06-03",
    "acceptedDate": "2016-06-03 17:05:39",
    "calendarYear": "2016",
    "period": "Q1",
    "revenue": 115904000000,
    "costOfRevenue": 86544000000,
    "grossProfit": 29360000000,
    "grossProfitRatio": 0.2533130867,
    "researchAndDevelopmentExpenses": 0,
    "generalAndAdministrativeExpenses": 0,
    "sellingAndMarketingExpenses": 0,
    "sellingGeneralAndAdministrativeExpenses": 24085000000,
    "otherExpenses": 0,
    "operatingExpenses": 24085000000,
    "costAndExpenses": 110629000000,
    "interestIncome": 24000000,
    "interestExpense": 585000000,
    "depreciationAndAmortization": 2388000000,
    "ebitda": 7663000000,
    "ebitdaratio": 0.0661150607,
    "operatingIncome": 5275000000,
    "operatingIncomeRatio": 0.0455118029,
    "totalOtherIncomeExpensesNet": -561000000,
    "incomeBeforeTax": 4714000000,
    "incomeBeforeTaxRatio": 0.0406715903,
    "incomeTaxExpense": 1498000000,
    "netIncome": 3079000000,
    "netIncomeRatio": 0.0265650883,
    "eps": 0.33,
    "epsdiluted": 0.33,
    "weightedAverageShsOut": 9432000000,
    "weightedAverageShsOutDil": 9462000000,
    "link": "https://www.sec.gov/Archives/edgar/data/104169/000010416916000088/0000104169-16-000088-index.htm",
    "finalLink": "https://www.sec.gov/Archives/edgar/data/104169/000010416916000088/wmtform10-qx4302016.htm"
  },
  {
    "date": "2016-01-31",
    "symbol": "WMT",
    "reportedCurrency": "USD",
    "cik": "0000104169",
    "fillingDate": "2016-03-30",
    "acceptedDate": "2016-03-30 17:18:29",
    "calendarYear": "2015",
    "period": "Q4",
    "revenue": 129667000000,
    "costOfRevenue": 96999000000,
    "grossProfit": 32668000000,
    "grossProfitRatio": 0.2519376557,
    "researchAndDevelopmentExpenses": 0,
    "generalAndAdministrativeExpenses": 23526000000,
    "sellingAndMarketingExpenses": 2500000000,
    "sellingGeneralAndAdministrativeExpenses": 26026000000,
    "otherExpenses": 0,
    "operatingExpenses": 26026000000,
    "costAndExpenses": 123025000000,
    "interestIncome": 17000000,
    "interestExpense": 565000000,
    "depreciationAndAmortization": 2431000000,
    "ebitda": 9073000000,
    "ebitdaratio": 0.0699715425,
    "operatingIncome": 6642000000,
    "operatingIncomeRatio": 0.0512235187,
    "totalOtherIncomeExpensesNet": -548000000,
    "incomeBeforeTax": 6094000000,
    "incomeBeforeTaxRatio": 0.0469973085,
    "incomeTaxExpense": 1346000000,
    "netIncome": 4574000000,
    "netIncomeRatio": 0.0352749736,
    "eps": 0.48,
    "epsdiluted": 0.48,
    "weightedAverageShsOut": 9558000000,
    "weightedAverageShsOutDil": 9585000000,
    "link": "https://www.sec.gov/Archives/edgar/data/104169/000010416916000079/0000104169-16-000079-index.htm",
    "finalLink": "https://www.sec.gov/Archives/edgar/data/104169/000010416916000079/wmtform10-kx1312016.htm"
  },
  {
    "date": "2015-10-31",
    "symbol": "WMT",
    "reportedCurrency": "USD",
    "cik": "0000104169",
    "fillingDate": "2015-12-02",
    "acceptedDate": "2015-12-02 16:49:46",
    "calendarYear": "2015",
    "period": "Q3",
    "revenue": 117408000000,
    "costOfRevenue": 87446000000,
    "grossProfit": 29962000000,
    "grossProfitRatio": 0.2551955574,
    "researchAndDevelopmentExpenses": 0,
    "generalAndAdministrativeExpenses": 0,
    "sellingAndMarketingExpenses": 0,
    "sellingGeneralAndAdministrativeExpenses": 24248000000,
    "otherExpenses": 0,
    "operatingExpenses": 24248000000,
    "costAndExpenses": 111694000000,
    "interestIncome": 21000000,
    "interestExpense": 573000000,
    "depreciationAndAmortization": 2365000000,
    "ebitda": 8079000000,
    "ebitdaratio": 0.0688113246,
    "operatingIncome": 5714000000,
    "operatingIncomeRatio": 0.0486678932,
    "totalOtherIncomeExpensesNet": -552000000,
    "incomeBeforeTax": 5162000000,
    "incomeBeforeTaxRatio": 0.0439663396,
    "incomeTaxExpense": 1748000000,
    "netIncome": 3304000000,
    "netIncomeRatio": 0.0281411829,
    "eps": 0.34,
    "epsdiluted": 0.34,
    "weightedAverageShsOut": 9630000000,
    "weightedAverageShsOutDil": 9657000000,
    "link": "https://www.sec.gov/Archives/edgar/data/104169/000010416915000054/0000104169-15-000054-index.htm",
    "finalLink": "https://www.sec.gov/Archives/edgar/data/104169/000010416915000054/wmtform10-qx10312015.htm"
  },
  {
    "date": "2015-07-31",
    "symbol": "WMT",
    "reportedCurrency": "USD",
    "cik": "0000104169",
    "fillingDate": "2015-09-09",
    "acceptedDate": "2015-09-09 16:41:30",
    "calendarYear": "2015",
    "period": "Q2",
    "revenue": 120229000000,
    "costOfRevenue": 90056000000,
    "grossProfit": 30173000000,
    "grossProfitRatio": 0.2509627461,
    "researchAndDevelopmentExpenses": 0,
    "generalAndAdministrativeExpenses": 0,
    "sellingAndMarketingExpenses": 0,
    "sellingGeneralAndAdministrativeExpenses": 24104000000,
    "otherExpenses": 0,
    "operatingExpenses": 24104000000,
    "costAndExpenses": 114160000000,
    "interestIncome": 24000000,
    "interestExpense": 567000000,
    "depreciationAndAmortization": 2339000000,
    "ebitda": 8408000000,
    "ebitdaratio": 0.0699332108,
    "operatingIncome": 6069000000,
    "operatingIncomeRatio": 0.0504786699,
    "totalOtherIncomeExpensesNet": -543000000,
    "incomeBeforeTax": 5526000000,
    "incomeBeforeTaxRatio": 0.0459622886,
    "incomeTaxExpense": 1891000000,
    "netIncome": 3475000000,
    "netIncomeRatio": 0.0289031764,
    "eps": 0.36,
    "epsdiluted": 0.36,
    "weightedAverageShsOut": 9663000000,
    "weightedAverageShsOutDil": 9693000000,
    "link": "https://www.sec.gov/Archives/edgar/data/104169/000010416915000039/0000104169-15-000039-index.htm",
    "finalLink": "https://www.sec.gov/Archives/edgar/data/104169/000010416915000039/wmtform10-qx7312015.htm"
  },
  {
    "date": "2015-04-30",
    "symbol": "WMT",
    "reportedCurrency": "USD",
    "cik": "0000104169",
    "fillingDate": "2015-06-05",
    "acceptedDate": "2015-06-05 17:22:09",
    "calendarYear": "2015",
    "period": "Q1",
    "revenue": 114826000000,
    "costOfRevenue": 86483000000,
    "grossProfit": 28343000000,
    "grossProfitRatio": 0.2468343407,
    "researchAndDevelopmentExpenses": 0,
    "generalAndAdministrativeExpenses": 0,
    "sellingAndMarketingExpenses": 0,
    "sellingGeneralAndAdministrativeExpenses": 22663000000,
    "otherExpenses": 0,
    "operatingExpenses": 22663000000,
    "costAndExpenses": 109146000000,
    "interestIncome": 19000000,
    "interestExpense": 843000000,
    "depreciationAndAmortization": 2319000000,
    "ebitda": 7999000000,
    "ebitdaratio": 0.0696619233,
    "operatingIncome": 5680000000,
    "operatingIncomeRatio": 0.0494661488,
    "totalOtherIncomeExpensesNet": -824000000,
    "incomeBeforeTax": 4856000000,
    "incomeBeforeTaxRatio": 0.0422900737,
    "incomeTaxExpense": 1573000000,
    "netIncome": 3341000000,
    "netIncomeRatio": 0.0290961977,
    "eps": 0.34,
    "epsdiluted": 0.34,
    "weightedAverageShsOut": 9693000000,
    "weightedAverageShsOutDil": 9729000000,
    "link": "https://www.sec.gov/Archives/edgar/data/104169/000010416915000022/0000104169-15-000022-index.htm",
    "finalLink": "https://www.sec.gov/Archives/edgar/data/104169/000010416915000022/wmtform10-qx4302015.htm"
  },
  {
    "date": "2015-01-31",
    "symbol": "WMT",
    "reportedCurrency": "USD",
    "cik": "0000104169",
    "fillingDate": "2015-04-01",
    "acceptedDate": "2015-04-01 16:44:17",
    "calendarYear": "2014",
    "period": "Q4",
    "revenue": 131565000000,
    "costOfRevenue": 99115000000,
    "grossProfit": 32450000000,
    "grossProfitRatio": 0.2466461445,
    "researchAndDevelopmentExpenses": 0,
    "generalAndAdministrativeExpenses": 22101000000,
    "sellingAndMarketingExpenses": 2400000000,
    "sellingGeneralAndAdministrativeExpenses": 24501000000,
    "otherExpenses": 0,
    "operatingExpenses": 24501000000,
    "costAndExpenses": 123616000000,
    "interestIncome": 37000000,
    "interestExpense": 623000000,
    "depreciationAndAmortization": 2292000000,
    "ebitda": 10278000000,
    "ebitdaratio": 0.0781210808,
    "operatingIncome": 7949000000,
    "operatingIncomeRatio": 0.0604188044,
    "totalOtherIncomeExpensesNet": -586000000,
    "incomeBeforeTax": 7363000000,
    "incomeBeforeTaxRatio": 0.0559647323,
    "incomeTaxExpense": 2175000000,
    "netIncome": 4966000000,
    "netIncomeRatio": 0.037745601,
    "eps": 0.51,
    "epsdiluted": 0.51,
    "weightedAverageShsOut": 9690000000,
    "weightedAverageShsOutDil": 9726000000,
    "link": "https://www.sec.gov/Archives/edgar/data/104169/000010416915000011/0000104169-15-000011-index.htm",
    "finalLink": "https://www.sec.gov/Archives/edgar/data/104169/000010416915000011/wmtform10-kx13115.htm"
  },
  {
    "date": "2014-10-31",
    "symbol": "WMT",
    "reportedCurrency": "USD",
    "cik": "0000104169",
    "fillingDate": "2014-12-01",
    "acceptedDate": "2014-12-01 15:40:18",
    "calendarYear": "2014",
    "period": "Q3",
    "revenue": 119001000000,
    "costOfRevenue": 89247000000,
    "grossProfit": 29754000000,
    "grossProfitRatio": 0.2500315123,
    "researchAndDevelopmentExpenses": 0,
    "generalAndAdministrativeExpenses": 0,
    "sellingAndMarketingExpenses": 0,
    "sellingGeneralAndAdministrativeExpenses": 23489000000,
    "otherExpenses": 0,
    "operatingExpenses": 23489000000,
    "costAndExpenses": 112736000000,
    "interestIncome": 20000000,
    "interestExpense": 676000000,
    "depreciationAndAmortization": 2354000000,
    "ebitda": 8619000000,
    "ebitdaratio": 0.0724279628,
    "operatingIncome": 6265000000,
    "operatingIncomeRatio": 0.0526466164,
    "totalOtherIncomeExpensesNet": -656000000,
    "incomeBeforeTax": 5609000000,
    "incomeBeforeTaxRatio": 0.0471340577,
    "incomeTaxExpense": 1783000000,
    "netIncome": 3711000000,
    "netIncomeRatio": 0.0311846119,
    "eps": 0.38,
    "epsdiluted": 0.38,
    "weightedAverageShsOut": 9687000000,
    "weightedAverageShsOutDil": 9720000000,
    "link": "https://www.sec.gov/Archives/edgar/data/104169/000010416914000080/0000104169-14-000080-index.htm",
    "finalLink": "https://www.sec.gov/Archives/edgar/data/104169/000010416914000080/wmt10311410-q.htm"
  },
  {
    "date": "2014-07-31",
    "symbol": "WMT",
    "reportedCurrency": "USD",
    "cik": "0000104169",
    "fillingDate": "2014-09-05",
    "acceptedDate": "2014-09-05 17:17:02",
    "calendarYear": "2014",
    "period": "Q2",
    "revenue": 120125000000,
    "costOfRevenue": 90010000000,
    "grossProfit": 30115000000,
    "grossProfitRatio": 0.2506971904,
    "researchAndDevelopmentExpenses": 0,
    "generalAndAdministrativeExpenses": 0,
    "sellingAndMarketingExpenses": 0,
    "sellingGeneralAndAdministrativeExpenses": 23375000000,
    "otherExpenses": 0,
    "operatingExpenses": 23375000000,
    "costAndExpenses": 113385000000,
    "interestIncome": 32000000,
    "interestExpense": 570000000,
    "depreciationAndAmortization": 2277000000,
    "ebitda": 9017000000,
    "ebitdaratio": 0.0750634755,
    "operatingIncome": 6740000000,
    "operatingIncomeRatio": 0.0561082206,
    "totalOtherIncomeExpensesNet": -538000000,
    "incomeBeforeTax": 6202000000,
    "incomeBeforeTaxRatio": 0.0516295525,
    "incomeTaxExpense": 2113000000,
    "netIncome": 4093000000,
    "netIncomeRatio": 0.0340728408,
    "eps": 0.42,
    "epsdiluted": 0.42,
    "weightedAverageShsOut": 9690000000,
    "weightedAverageShsOutDil": 9723000000,
    "link": "https://www.sec.gov/Archives/edgar/data/104169/000010416914000057/0000104169-14-000057-index.htm",
    "finalLink": "https://www.sec.gov/Archives/edgar/data/104169/000010416914000057/wmt7311410-q.htm"
  },
  {
    "date": "2014-04-30",
    "symbol": "WMT",
    "reportedCurrency": "USD",
    "cik": "0000104169",
    "fillingDate": "2014-06-06",
    "acceptedDate": "2014-06-06 17:06:48",
    "calendarYear": "2014",
    "period": "Q1",
    "revenue": 114960000000,
    "costOfRevenue": 86714000000,
    "grossProfit": 28246000000,
    "grossProfitRatio": 0.2457028532,
    "researchAndDevelopmentExpenses": 0,
    "generalAndAdministrativeExpenses": 0,
    "sellingAndMarketingExpenses": 0,
    "sellingGeneralAndAdministrativeExpenses": 22053000000,
    "otherExpenses": 0,
    "operatingExpenses": 22053000000,
    "costAndExpenses": 108767000000,
    "interestIncome": 24000000,
    "interestExpense": 592000000,
    "depreciationAndAmortization": 2250000000,
    "ebitda": 8443000000,
    "ebitdaratio": 0.0734429367,
    "operatingIncome": 6193000000,
    "operatingIncomeRatio": 0.0538709116,
    "totalOtherIncomeExpensesNet": -568000000,
    "incomeBeforeTax": 5625000000,
    "incomeBeforeTaxRatio": 0.0489300626,
    "incomeTaxExpense": 1914000000,
    "netIncome": 3593000000,
    "netIncomeRatio": 0.0312543493,
    "eps": 0.37,
    "epsdiluted": 0.37,
    "weightedAverageShsOut": 9699000000,
    "weightedAverageShsOutDil": 9744000000,
    "link": "https://www.sec.gov/Archives/edgar/data/104169/000010416914000033/0000104169-14-000033-index.htm",
    "finalLink": "https://www.sec.gov/Archives/edgar/data/104169/000010416914000033/wmt4301410-q.htm"
  },
  {
    "date": "2014-01-31",
    "symbol": "WMT",
    "reportedCurrency": "USD",
    "cik": "0000104169",
    "fillingDate": "2014-03-21",
    "acceptedDate": "2014-03-21 17:10:49",
    "calendarYear": "2013",
    "period": "Q4",
    "revenue": 129706000000,
    "costOfRevenue": 97971000000,
    "grossProfit": 31735000000,
    "grossProfitRatio": 0.2446687123,
    "researchAndDevelopmentExpenses": 0,
    "generalAndAdministrativeExpenses": 21988000000,
    "sellingAndMarketingExpenses": 2400000000,
    "sellingGeneralAndAdministrativeExpenses": 24388000000,
    "otherExpenses": 0,
    "operatingExpenses": 24388000000,
    "costAndExpenses": 122359000000,
    "interestIncome": 27000000,
    "interestExpense": 581000000,
    "depreciationAndAmortization": 2270000000,
    "ebitda": 9617000000,
    "ebitdaratio": 0.074144604,
    "operatingIncome": 7347000000,
    "operatingIncomeRatio": 0.056643486,
    "totalOtherIncomeExpensesNet": -554000000,
    "incomeBeforeTax": 6793000000,
    "incomeBeforeTaxRatio": 0.0523722881,
    "incomeTaxExpense": 2249000000,
    "netIncome": 4431000000,
    "netIncomeRatio": 0.0341618738,
    "eps": 0.46,
    "epsdiluted": 0.45,
    "weightedAverageShsOut": 9720000000,
    "weightedAverageShsOutDil": 9762000000,
    "link": "https://www.sec.gov/Archives/edgar/data/104169/000010416914000019/0000104169-14-000019-index.htm",
    "finalLink": "https://www.sec.gov/Archives/edgar/data/104169/000010416914000019/wmtform10-kx13114.htm"
  },
  {
    "date": "2013-10-31",
    "symbol": "WMT",
    "reportedCurrency": "USD",
    "cik": "0000104169",
    "fillingDate": "2013-12-06",
    "acceptedDate": "2013-12-06 17:17:23",
    "calendarYear": "2013",
    "period": "Q3",
    "revenue": 115688000000,
    "costOfRevenue": 86687000000,
    "grossProfit": 29001000000,
    "grossProfitRatio": 0.2506828712,
    "researchAndDevelopmentExpenses": 0,
    "generalAndAdministrativeExpenses": 0,
    "sellingAndMarketingExpenses": 0,
    "sellingGeneralAndAdministrativeExpenses": 22691000000,
    "otherExpenses": 0,
    "operatingExpenses": 22691000000,
    "costAndExpenses": 109378000000,
    "interestIncome": 12000000,
    "interestExpense": 592000000,
    "depreciationAndAmortization": 2183000000,
    "ebitda": 8508000000,
    "ebitdaratio": 0.0735426319,
    "operatingIncome": 6310000000,
    "operatingIncomeRatio": 0.0545432543,
    "totalOtherIncomeExpensesNet": -580000000,
    "incomeBeforeTax": 5730000000,
    "incomeBeforeTaxRatio": 0.0495297697,
    "incomeTaxExpense": 1860000000,
    "netIncome": 3738000000,
    "netIncomeRatio": 0.0323110435,
    "eps": 0.38,
    "epsdiluted": 0.38,
    "weightedAverageShsOut": 9771000000,
    "weightedAverageShsOutDil": 9813000000,
    "link": "https://www.sec.gov/Archives/edgar/data/104169/000010416913000051/0000104169-13-000051-index.htm",
    "finalLink": "https://www.sec.gov/Archives/edgar/data/104169/000010416913000051/wmt10311310-q.htm"
  },
  {
    "date": "2013-07-31",
    "symbol": "WMT",
    "reportedCurrency": "USD",
    "cik": "0000104169",
    "fillingDate": "2013-09-05",
    "acceptedDate": "2013-09-05 17:07:58",
    "calendarYear": "2013",
    "period": "Q2",
    "revenue": 116945000000,
    "costOfRevenue": 87455000000,
    "grossProfit": 29490000000,
    "grossProfitRatio": 0.2521698234,
    "researchAndDevelopmentExpenses": 0,
    "generalAndAdministrativeExpenses": 0,
    "sellingAndMarketingExpenses": 0,
    "sellingGeneralAndAdministrativeExpenses": 22697000000,
    "otherExpenses": 0,
    "operatingExpenses": 22697000000,
    "costAndExpenses": 110152000000,
    "interestIncome": 36000000,
    "interestExpense": 589000000,
    "depreciationAndAmortization": 2223000000,
    "ebitda": 9029000000,
    "ebitdaratio": 0.0772072342,
    "operatingIncome": 6793000000,
    "operatingIncomeRatio": 0.058087135,
    "totalOtherIncomeExpensesNet": -552000000,
    "incomeBeforeTax": 6240000000,
    "incomeBeforeTaxRatio": 0.0533584163,
    "incomeTaxExpense": 2025000000,
    "netIncome": 4069000000,
    "netIncomeRatio": 0.034794134,
    "eps": 0.41,
    "epsdiluted": 0.41,
    "weightedAverageShsOut": 9834000000,
    "weightedAverageShsOutDil": 9873000000,
    "link": "https://www.sec.gov/Archives/edgar/data/104169/000010416913000037/0000104169-13-000037-index.htm",
    "finalLink": "https://www.sec.gov/Archives/edgar/data/104169/000010416913000037/wmt7311310-q.htm"
  },
  {
    "date": "2013-04-30",
    "symbol": "WMT",
    "reportedCurrency": "USD",
    "cik": "0000104169",
    "fillingDate": "2013-06-07",
    "acceptedDate": "2013-06-07 17:10:53",
    "calendarYear": "2013",
    "period": "Q1",
    "revenue": 114187000000,
    "costOfRevenue": 86027000000,
    "grossProfit": 28160000000,
    "grossProfitRatio": 0.246613012,
    "researchAndDevelopmentExpenses": 0,
    "generalAndAdministrativeExpenses": 0,
    "sellingAndMarketingExpenses": 0,
    "sellingGeneralAndAdministrativeExpenses": 21704000000,
    "otherExpenses": 0,
    "operatingExpenses": 21704000000,
    "costAndExpenses": 107731000000,
    "interestIncome": 44000000,
    "interestExpense": 574000000,
    "depreciationAndAmortization": 2194000000,
    "ebitda": 8668000000,
    "ebitdaratio": 0.0759105678,
    "operatingIncome": 6438000000,
    "operatingIncomeRatio": 0.0563811993,
    "totalOtherIncomeExpensesNet": -530000000,
    "incomeBeforeTax": 5908000000,
    "incomeBeforeTaxRatio": 0.0517396902,
    "incomeTaxExpense": 1981000000,
    "netIncome": 3784000000,
    "netIncomeRatio": 0.0331386235,
    "eps": 0.38,
    "epsdiluted": 0.38,
    "weightedAverageShsOut": 9903000000,
    "weightedAverageShsOutDil": 9954000000,
    "link": "https://www.sec.gov/Archives/edgar/data/104169/000010416913000020/0000104169-13-000020-index.htm",
    "finalLink": "https://www.sec.gov/Archives/edgar/data/104169/000010416913000020/wmt4301310-q.htm"
  },
  {
    "date": "2013-01-31",
    "symbol": "WMT",
    "reportedCurrency": "USD",
    "cik": "0000104169",
    "fillingDate": "2013-03-26",
    "acceptedDate": "2013-03-26 17:09:05",
    "calendarYear": "2012",
    "period": "Q4",
    "revenue": 127919000000,
    "costOfRevenue": 96128000000,
    "grossProfit": 31791000000,
    "grossProfitRatio": 0.2485244569,
    "researchAndDevelopmentExpenses": 0,
    "generalAndAdministrativeExpenses": 20891000000,
    "sellingAndMarketingExpenses": 2300000000,
    "sellingGeneralAndAdministrativeExpenses": 23191000000,
    "otherExpenses": 0,
    "operatingExpenses": 23191000000,
    "costAndExpenses": 119319000000,
    "interestIncome": 56000000,
    "interestExpense": 533000000,
    "depreciationAndAmortization": 2179000000,
    "ebitda": 10835000000,
    "ebitdaratio": 0.084702038,
    "operatingIncome": 8600000000,
    "operatingIncomeRatio": 0.067230044,
    "totalOtherIncomeExpensesNet": -477000000,
    "incomeBeforeTax": 8123000000,
    "incomeBeforeTaxRatio": 0.0635011218,
    "incomeTaxExpense": 2247000000,
    "netIncome": 5606000000,
    "netIncomeRatio": 0.0438246078,
    "eps": 0.56,
    "epsdiluted": 0.56,
    "weightedAverageShsOut": 10020000000,
    "weightedAverageShsOutDil": 10065000000,
    "link": "https://www.sec.gov/Archives/edgar/data/104169/000010416913000011/0000104169-13-000011-index.htm",
    "finalLink": "https://www.sec.gov/Archives/edgar/data/104169/000010416913000011/wmt10-k.htm"
  },
  {
    "date": "2012-10-31",
    "symbol": "WMT",
    "reportedCurrency": "USD",
    "cik": "0000104169",
    "fillingDate": "2012-12-04",
    "acceptedDate": "2012-12-04 16:49:27",
    "calendarYear": "2012",
    "period": "Q3",
    "revenue": 113929000000,
    "costOfRevenue": 85517000000,
    "grossProfit": 28412000000,
    "grossProfitRatio": 0.2493833879,
    "researchAndDevelopmentExpenses": 0,
    "generalAndAdministrativeExpenses": 0,
    "sellingAndMarketingExpenses": 0,
    "sellingGeneralAndAdministrativeExpenses": 22296000000,
    "otherExpenses": 0,
    "operatingExpenses": 22296000000,
    "costAndExpenses": 107813000000,
    "interestIncome": 43000000,
    "interestExpense": 590000000,
    "depreciationAndAmortization": 2089000000,
    "ebitda": 8208000000,
    "ebitdaratio": 0.0720448701,
    "operatingIncome": 6093000000,
    "operatingIncomeRatio": 0.0534806766,
    "totalOtherIncomeExpensesNet": -546000000,
    "incomeBeforeTax": 5547000000,
    "incomeBeforeTaxRatio": 0.0486882181,
    "incomeTaxExpense": 1744000000,
    "netIncome": 3635000000,
    "netIncomeRatio": 0.0319058361,
    "eps": 0.36,
    "epsdiluted": 0.36,
    "weightedAverageShsOut": 10092000000,
    "weightedAverageShsOutDil": 10137000000,
    "link": "https://www.sec.gov/Archives/edgar/data/104169/000010416912000018/0000104169-12-000018-index.htm",
    "finalLink": "https://www.sec.gov/Archives/edgar/data/104169/000010416912000018/wmt1031201210-q.htm"
  },
  {
    "date": "2012-07-31",
    "symbol": "WMT",
    "reportedCurrency": "USD",
    "cik": "0000104169",
    "fillingDate": "2012-09-06",
    "acceptedDate": "2012-09-06 16:25:30",
    "calendarYear": "2012",
    "period": "Q2",
    "revenue": 114296000000,
    "costOfRevenue": 85657000000,
    "grossProfit": 28639000000,
    "grossProfitRatio": 0.2505686988,
    "researchAndDevelopmentExpenses": 0,
    "generalAndAdministrativeExpenses": 0,
    "sellingAndMarketingExpenses": 0,
    "sellingGeneralAndAdministrativeExpenses": 21941000000,
    "otherExpenses": 0,
    "operatingExpenses": 21941000000,
    "costAndExpenses": 107598000000,
    "interestIncome": 50000000,
    "interestExpense": 555000000,
    "depreciationAndAmortization": 2127000000,
    "ebitda": 8875000000,
    "ebitdaratio": 0.0776492616,
    "operatingIncome": 6698000000,
    "operatingIncomeRatio": 0.0586022258,
    "totalOtherIncomeExpensesNet": -505000000,
    "incomeBeforeTax": 6193000000,
    "incomeBeforeTaxRatio": 0.0541838735,
    "incomeTaxExpense": 2032000000,
    "netIncome": 4016000000,
    "netIncomeRatio": 0.0351368377,
    "eps": 0.4,
    "epsdiluted": 0.39,
    "weightedAverageShsOut": 10152000000,
    "weightedAverageShsOutDil": 10194000000,
    "link": "https://www.sec.gov/Archives/edgar/data/104169/000010416912000014/0000104169-12-000014-index.htm",
    "finalLink": "https://www.sec.gov/Archives/edgar/data/104169/000010416912000014/wmt731201210-q.htm"
  },
  {
    "date": "2012-04-30",
    "symbol": "WMT",
    "reportedCurrency": "USD",
    "cik": "0000104169",
    "fillingDate": "2012-06-01",
    "acceptedDate": "2012-06-01 17:18:21",
    "calendarYear": "2012",
    "period": "Q1",
    "revenue": 113018000000,
    "costOfRevenue": 85186000000,
    "grossProfit": 27832000000,
    "grossProfitRatio": 0.2462616574,
    "researchAndDevelopmentExpenses": 0,
    "generalAndAdministrativeExpenses": 0,
    "sellingAndMarketingExpenses": 0,
    "sellingGeneralAndAdministrativeExpenses": 21445000000,
    "otherExpenses": 0,
    "operatingExpenses": 21445000000,
    "costAndExpenses": 106631000000,
    "interestIncome": 38000000,
    "interestExpense": 573000000,
    "depreciationAndAmortization": 2106000000,
    "ebitda": 8531000000,
    "ebitdaratio": 0.0754835513,
    "operatingIncome": 6387000000,
    "operatingIncomeRatio": 0.0565131218,
    "totalOtherIncomeExpensesNet": -535000000,
    "incomeBeforeTax": 5852000000,
    "incomeBeforeTaxRatio": 0.0517793626,
    "incomeTaxExpense": 1958000000,
    "netIncome": 3742000000,
    "netIncomeRatio": 0.0331097701,
    "eps": 0.37,
    "epsdiluted": 0.36,
    "weightedAverageShsOut": 10227000000,
    "weightedAverageShsOutDil": 10275000000,
    "link": "https://www.sec.gov/Archives/edgar/data/104169/000144530512001926/0001445305-12-001926-index.htm",
    "finalLink": "https://www.sec.gov/Archives/edgar/data/104169/000144530512001926/wmt430201210-q.htm"
  },
  {
    "date": "2012-01-31",
    "symbol": "WMT",
    "reportedCurrency": "USD",
    "cik": "0000104169",
    "fillingDate": "2012-03-27",
    "acceptedDate": "2012-03-27 17:22:22",
    "calendarYear": "2011",
    "period": "Q4",
    "revenue": 123169000000,
    "costOfRevenue": 92589000000,
    "grossProfit": 30580000000,
    "grossProfitRatio": 0.248276758,
    "researchAndDevelopmentExpenses": 0,
    "generalAndAdministrativeExpenses": 0,
    "sellingAndMarketingExpenses": 0,
    "sellingGeneralAndAdministrativeExpenses": 22179000000,
    "otherExpenses": 0,
    "operatingExpenses": 22179000000,
    "costAndExpenses": 114768000000,
    "interestIncome": 31000000,
    "interestExpense": 560000000,
    "depreciationAndAmortization": 2063000000,
    "ebitda": 10495000000,
    "ebitdaratio": 0.0852081287,
    "operatingIncome": 8401000000,
    "operatingIncomeRatio": 0.0682070976,
    "totalOtherIncomeExpensesNet": -529000000,
    "incomeBeforeTax": 7872000000,
    "incomeBeforeTaxRatio": 0.0639121857,
    "incomeTaxExpense": 2434000000,
    "netIncome": 5163000000,
    "netIncomeRatio": 0.0419180151,
    "eps": 0.5,
    "epsdiluted": 0.5,
    "weightedAverageShsOut": 10278000000,
    "weightedAverageShsOutDil": 10326000000,
    "link": "https://www.sec.gov/Archives/edgar/data/104169/000119312512134679/0001193125-12-134679-index.htm",
    "finalLink": "https://www.sec.gov/Archives/edgar/data/104169/000119312512134679/d270972d10k.htm"
  },
  {
    "date": "2011-10-31",
    "symbol": "WMT",
    "reportedCurrency": "USD",
    "cik": "0000104169",
    "fillingDate": "2011-12-08",
    "acceptedDate": "2011-12-08 16:48:43",
    "calendarYear": "2011",
    "period": "Q3",
    "revenue": 110226000000,
    "costOfRevenue": 82591000000,
    "grossProfit": 27635000000,
    "grossProfitRatio": 0.2507121732,
    "researchAndDevelopmentExpenses": 0,
    "generalAndAdministrativeExpenses": 0,
    "sellingAndMarketingExpenses": 0,
    "sellingGeneralAndAdministrativeExpenses": 21757000000,
    "otherExpenses": 0,
    "operatingExpenses": 21757000000,
    "costAndExpenses": 104348000000,
    "interestIncome": 65000000,
    "interestExpense": 600000000,
    "depreciationAndAmortization": 2040000000,
    "ebitda": 7983000000,
    "ebitdaratio": 0.072423929,
    "operatingIncome": 5878000000,
    "operatingIncomeRatio": 0.0533268013,
    "totalOtherIncomeExpensesNet": -535000000,
    "incomeBeforeTax": 5343000000,
    "incomeBeforeTaxRatio": 0.048473137,
    "incomeTaxExpense": 1842000000,
    "netIncome": 3336000000,
    "netIncomeRatio": 0.0302650917,
    "eps": 0.32,
    "epsdiluted": 0.32,
    "weightedAverageShsOut": 10335000000,
    "weightedAverageShsOutDil": 10374000000,
    "link": "https://www.sec.gov/Archives/edgar/data/104169/000119312511335177/0001193125-11-335177-index.htm",
    "finalLink": "https://www.sec.gov/Archives/edgar/data/104169/000119312511335177/d233066d10q.htm"
  },
  {
    "date": "2011-07-31",
    "symbol": "WMT",
    "reportedCurrency": "USD",
    "cik": "0000104169",
    "fillingDate": "2011-09-01",
    "acceptedDate": "2011-09-01 12:55:04",
    "calendarYear": "2011",
    "period": "Q2",
    "revenue": 109366000000,
    "costOfRevenue": 81770000000,
    "grossProfit": 27596000000,
    "grossProfitRatio": 0.2523270486,
    "researchAndDevelopmentExpenses": 0,
    "generalAndAdministrativeExpenses": 0,
    "sellingAndMarketingExpenses": 0,
    "sellingGeneralAndAdministrativeExpenses": 21213000000,
    "otherExpenses": 0,
    "operatingExpenses": 21213000000,
    "costAndExpenses": 102983000000,
    "interestIncome": 22000000,
    "interestExpense": 600000000,
    "depreciationAndAmortization": 2042000000,
    "ebitda": 8447000000,
    "ebitdaratio": 0.0772360697,
    "operatingIncome": 6383000000,
    "operatingIncomeRatio": 0.0583636596,
    "totalOtherIncomeExpensesNet": -578000000,
    "incomeBeforeTax": 5805000000,
    "incomeBeforeTaxRatio": 0.0530786533,
    "incomeTaxExpense": 1868000000,
    "netIncome": 3801000000,
    "netIncomeRatio": 0.0347548598,
    "eps": 0.36,
    "epsdiluted": 0.36,
    "weightedAverageShsOut": 10416000000,
    "weightedAverageShsOutDil": 10455000000,
    "link": "https://www.sec.gov/Archives/edgar/data/104169/000119312511238857/0001193125-11-238857-index.htm",
    "finalLink": "https://www.sec.gov/Archives/edgar/data/104169/000119312511238857/d10q.htm"
  },
  {
    "date": "2011-04-30",
    "symbol": "WMT",
    "reportedCurrency": "USD",
    "cik": "0000104169",
    "fillingDate": "2011-06-03",
    "acceptedDate": "2011-06-03 17:28:43",
    "calendarYear": "2011",
    "period": "Q1",
    "revenue": 104189000000,
    "costOfRevenue": 78177000000,
    "grossProfit": 26012000000,
    "grossProfitRatio": 0.2496616725,
    "researchAndDevelopmentExpenses": 0,
    "generalAndAdministrativeExpenses": 0,
    "sellingAndMarketingExpenses": 0,
    "sellingGeneralAndAdministrativeExpenses": 20116000000,
    "otherExpenses": 0,
    "operatingExpenses": 20116000000,
    "costAndExpenses": 98293000000,
    "interestIncome": 44000000,
    "interestExpense": 562000000,
    "depreciationAndAmortization": 1985000000,
    "ebitda": 7925000000,
    "ebitdaratio": 0.0760636919,
    "operatingIncome": 5896000000,
    "operatingIncomeRatio": 0.0565894672,
    "totalOtherIncomeExpensesNet": -518000000,
    "incomeBeforeTax": 5378000000,
    "incomeBeforeTaxRatio": 0.0516177332,
    "incomeTaxExpense": 1800000000,
    "netIncome": 3399000000,
    "netIncomeRatio": 0.0326234055,
    "eps": 0.32,
    "epsdiluted": 0.32,
    "weightedAverageShsOut": 10491000000,
    "weightedAverageShsOutDil": 10539000000,
    "link": "https://www.sec.gov/Archives/edgar/data/104169/000119312511158587/0001193125-11-158587-index.htm",
    "finalLink": "https://www.sec.gov/Archives/edgar/data/104169/000119312511158587/d10q.htm"
  },
  {
    "date": "2011-01-31",
    "symbol": "WMT",
    "reportedCurrency": "USD",
    "cik": "0000104169",
    "fillingDate": "2011-03-30",
    "acceptedDate": "2011-03-30 17:31:04",
    "calendarYear": "2010",
    "period": "Q4",
    "revenue": 116360000000,
    "costOfRevenue": 87158000000,
    "grossProfit": 29202000000,
    "grossProfitRatio": 0.2509625301,
    "researchAndDevelopmentExpenses": 0,
    "generalAndAdministrativeExpenses": 0,
    "sellingAndMarketingExpenses": 0,
    "sellingGeneralAndAdministrativeExpenses": 21198000000,
    "otherExpenses": 0,
    "operatingExpenses": 21198000000,
    "costAndExpenses": 108356000000,
    "interestIncome": 40000000,
    "interestExpense": 572000000,
    "depreciationAndAmortization": 2006000000,
    "ebitda": 10050000000,
    "ebitdaratio": 0.0863698866,
    "operatingIncome": 8004000000,
    "operatingIncomeRatio": 0.0687865246,
    "totalOtherIncomeExpensesNet": -532000000,
    "incomeBeforeTax": 7472000000,
    "incomeBeforeTaxRatio": 0.0642145067,
    "incomeTaxExpense": 2294000000,
    "netIncome": 6056000000,
    "netIncomeRatio": 0.0520453764,
    "eps": 0.57,
    "epsdiluted": 0.57,
    "weightedAverageShsOut": 10647000000,
    "weightedAverageShsOutDil": 10689000000,
    "link": "https://www.sec.gov/Archives/edgar/data/104169/000119312511083157/0001193125-11-083157-index.htm",
    "finalLink": "https://www.sec.gov/Archives/edgar/data/104169/000119312511083157/d10k.htm"
  },
  {
    "date": "2010-10-31",
    "symbol": "WMT",
    "reportedCurrency": "USD",
    "cik": "0000104169",
    "fillingDate": "2010-12-06",
    "acceptedDate": "2010-12-06 08:26:47",
    "calendarYear": "2010",
    "period": "Q3",
    "revenue": 101952000000,
    "costOfRevenue": 75906000000,
    "grossProfit": 26046000000,
    "grossProfitRatio": 0.2554731638,
    "researchAndDevelopmentExpenses": 0,
    "generalAndAdministrativeExpenses": 0,
    "sellingAndMarketingExpenses": 0,
    "sellingGeneralAndAdministrativeExpenses": 20435000000,
    "otherExpenses": 0,
    "operatingExpenses": 20435000000,
    "costAndExpenses": 96341000000,
    "interestIncome": 53000000,
    "interestExpense": 569000000,
    "depreciationAndAmortization": 1887000000,
    "ebitda": 7551000000,
    "ebitdaratio": 0.0740642655,
    "operatingIncome": 5611000000,
    "operatingIncomeRatio": 0.0550357031,
    "totalOtherIncomeExpensesNet": -516000000,
    "incomeBeforeTax": 5095000000,
    "incomeBeforeTaxRatio": 0.0499744978,
    "incomeTaxExpense": 1505000000,
    "netIncome": 3436000000,
    "netIncomeRatio": 0.0337021343,
    "eps": 0.32,
    "epsdiluted": 0.32,
    "weightedAverageShsOut": 10851000000,
    "weightedAverageShsOutDil": 10893000000,
    "link": "https://www.sec.gov/Archives/edgar/data/104169/000119312510274171/0001193125-10-274171-index.htm",
    "finalLink": "https://www.sec.gov/Archives/edgar/data/104169/000119312510274171/d10q.htm"
  },
  {
    "date": "2010-07-31",
    "symbol": "WMT",
    "reportedCurrency": "USD",
    "cik": "0000104169",
    "fillingDate": "2010-09-01",
    "acceptedDate": "2010-09-01 15:50:02",
    "calendarYear": "2010",
    "period": "Q2",
    "revenue": 103726000000,
    "costOfRevenue": 77523000000,
    "grossProfit": 26203000000,
    "grossProfitRatio": 0.252617473,
    "researchAndDevelopmentExpenses": 0,
    "generalAndAdministrativeExpenses": 0,
    "sellingAndMarketingExpenses": 0,
    "sellingGeneralAndAdministrativeExpenses": 20013000000,
    "otherExpenses": 0,
    "operatingExpenses": 20013000000,
    "costAndExpenses": 97536000000,
    "interestIncome": 57000000,
    "interestExpense": 542000000,
    "depreciationAndAmortization": 1884000000,
    "ebitda": 8131000000,
    "ebitdaratio": 0.0783892177,
    "operatingIncome": 6190000000,
    "operatingIncomeRatio": 0.0596764553,
    "totalOtherIncomeExpensesNet": -485000000,
    "incomeBeforeTax": 5705000000,
    "incomeBeforeTaxRatio": 0.0550006749,
    "incomeTaxExpense": 1958000000,
    "netIncome": 3596000000,
    "netIncomeRatio": 0.0346682606,
    "eps": 0.32,
    "epsdiluted": 0.32,
    "weightedAverageShsOut": 11088000000,
    "weightedAverageShsOutDil": 11121000000,
    "link": "https://www.sec.gov/Archives/edgar/data/104169/000119312510202779/0001193125-10-202779-index.htm",
    "finalLink": "https://www.sec.gov/Archives/edgar/data/104169/000119312510202779/d10q.htm"
  },
  {
    "date": "2010-04-30",
    "symbol": "WMT",
    "reportedCurrency": "USD",
    "cik": "0000104169",
    "fillingDate": "2010-06-04",
    "acceptedDate": "2010-06-04 11:55:12",
    "calendarYear": "2010",
    "period": "Q1",
    "revenue": 99811000000,
    "costOfRevenue": 74703000000,
    "grossProfit": 25145000000,
    "grossProfitRatio": 0.2519261404,
    "researchAndDevelopmentExpenses": 0,
    "generalAndAdministrativeExpenses": 0,
    "sellingAndMarketingExpenses": 0,
    "sellingGeneralAndAdministrativeExpenses": 19373000000,
    "otherExpenses": 0,
    "operatingExpenses": 19373000000,
    "costAndExpenses": 94074000000,
    "interestIncome": 51000000,
    "interestExpense": 522000000,
    "depreciationAndAmortization": 1864000000,
    "ebitda": 7652000000,
    "ebitdaratio": 0.0766648967,
    "operatingIncome": 5737000000,
    "operatingIncomeRatio": 0.0574786346,
    "totalOtherIncomeExpensesNet": -471000000,
    "incomeBeforeTax": 5266000000,
    "incomeBeforeTaxRatio": 0.0527597159,
    "incomeTaxExpense": 1822000000,
    "netIncome": 3301000000,
    "netIncomeRatio": 0.033072507,
    "eps": 0.29,
    "epsdiluted": 0.29,
    "weightedAverageShsOut": 11295000000,
    "weightedAverageShsOutDil": 11343000000,
    "link": "https://www.sec.gov/Archives/edgar/data/104169/000119312510132759/0001193125-10-132759-index.htm",
    "finalLink": "https://www.sec.gov/Archives/edgar/data/104169/000119312510132759/d10q.htm"
  },
  {
    "date": "2010-01-31",
    "symbol": "WMT",
    "reportedCurrency": "USD",
    "cik": "0000104169",
    "fillingDate": "2010-03-30",
    "acceptedDate": "2010-03-30 17:07:58",
    "calendarYear": "2009",
    "period": "Q4",
    "revenue": 113651000000,
    "costOfRevenue": 85311000000,
    "grossProfit": 28340000000,
    "grossProfitRatio": 0.2493598824,
    "researchAndDevelopmentExpenses": 0,
    "generalAndAdministrativeExpenses": 0,
    "sellingAndMarketingExpenses": 0,
    "sellingGeneralAndAdministrativeExpenses": 21082000000,
    "otherExpenses": 0,
    "operatingExpenses": 21082000000,
    "costAndExpenses": 106393000000,
    "interestIncome": 53000000,
    "interestExpense": 522000000,
    "depreciationAndAmortization": 1902000000,
    "ebitda": 9213000000,
    "ebitdaratio": 0.081063959,
    "operatingIncome": 7258000000,
    "operatingIncomeRatio": 0.0638621746,
    "totalOtherIncomeExpensesNet": -469000000,
    "incomeBeforeTax": 6789000000,
    "incomeBeforeTaxRatio": 0.0597355061,
    "incomeTaxExpense": 1925000000,
    "netIncome": 4632000000,
    "netIncomeRatio": 0.0407563506,
    "eps": 0.41,
    "epsdiluted": 0.4,
    "weightedAverageShsOut": 11415000000,
    "weightedAverageShsOutDil": 11460000000,
    "link": "https://www.sec.gov/Archives/edgar/data/104169/000119312510071652/0001193125-10-071652-index.htm",
    "finalLink": "https://www.sec.gov/Archives/edgar/data/104169/000119312510071652/d10k.htm"
  },
  {
    "date": "2009-10-31",
    "symbol": "WMT",
    "reportedCurrency": "USD",
    "cik": "0000104169",
    "fillingDate": "2009-12-08",
    "acceptedDate": "2009-12-07 18:16:25",
    "calendarYear": "2009",
    "period": "Q3",
    "revenue": 99373000000,
    "costOfRevenue": 73805000000,
    "grossProfit": 25458000000,
    "grossProfitRatio": 0.256186288,
    "researchAndDevelopmentExpenses": 0,
    "generalAndAdministrativeExpenses": 0,
    "sellingAndMarketingExpenses": 0,
    "sellingGeneralAndAdministrativeExpenses": 20013000000,
    "otherExpenses": 0,
    "operatingExpenses": 20016000000,
    "costAndExpenses": 93931000000,
    "interestIncome": 35000000,
    "interestExpense": 510000000,
    "depreciationAndAmortization": 1798000000,
    "ebitda": 7275000000,
    "ebitdaratio": 0.0732090206,
    "operatingIncome": 5442000000,
    "operatingIncomeRatio": 0.0547633663,
    "totalOtherIncomeExpensesNet": -475000000,
    "incomeBeforeTax": 4967000000,
    "incomeBeforeTaxRatio": 0.0499833959,
    "incomeTaxExpense": 1702000000,
    "netIncome": 3144000000,
    "netIncomeRatio": 0.0316383726,
    "eps": 0.28,
    "epsdiluted": 0.28,
    "weightedAverageShsOut": 11553000000,
    "weightedAverageShsOutDil": 11583000000,
    "link": "https://www.sec.gov/Archives/edgar/data/104169/000119312509248603/0001193125-09-248603-index.htm",
    "finalLink": "https://www.sec.gov/Archives/edgar/data/104169/000119312509248603/d10q.htm"
  },
  {
    "date": "2009-07-31",
    "symbol": "WMT",
    "reportedCurrency": "USD",
    "cik": "0000104169",
    "fillingDate": "2009-09-09",
    "acceptedDate": "2009-09-09 12:11:29",
    "calendarYear": "2009",
    "period": "Q2",
    "revenue": 100876000000,
    "costOfRevenue": 75153000000,
    "grossProfit": 25757000000,
    "grossProfitRatio": 0.2553332805,
    "researchAndDevelopmentExpenses": 0,
    "generalAndAdministrativeExpenses": 0,
    "sellingAndMarketingExpenses": 0,
    "sellingGeneralAndAdministrativeExpenses": 19875000000,
    "otherExpenses": 0,
    "operatingExpenses": 19875000000,
    "costAndExpenses": 94947000000,
    "interestIncome": 42000000,
    "interestExpense": 515000000,
    "depreciationAndAmortization": 1757000000,
    "ebitda": 7728000000,
    "ebitdaratio": 0.076608906,
    "operatingIncome": 5929000000,
    "operatingIncomeRatio": 0.0587751299,
    "totalOtherIncomeExpensesNet": -473000000,
    "incomeBeforeTax": 5456000000,
    "incomeBeforeTaxRatio": 0.0540862048,
    "incomeTaxExpense": 1870000000,
    "netIncome": 3472000000,
    "netIncomeRatio": 0.034418494,
    "eps": 0.3,
    "epsdiluted": 0.29,
    "weightedAverageShsOut": 11673000000,
    "weightedAverageShsOutDil": 11700000000,
    "link": "https://www.sec.gov/Archives/edgar/data/104169/000119312509189177/0001193125-09-189177-index.htm",
    "finalLink": "https://www.sec.gov/Archives/edgar/data/104169/000119312509189177/d10q.htm"
  },
  {
    "date": "2009-04-30",
    "symbol": "WMT",
    "reportedCurrency": "USD",
    "cik": "0000104169",
    "fillingDate": "2009-06-05",
    "acceptedDate": "2009-06-05 15:01:51",
    "calendarYear": "2009",
    "period": "Q1",
    "revenue": 94242000000,
    "costOfRevenue": 70388000000,
    "grossProfit": 23854000000,
    "grossProfitRatio": 0.2531143227,
    "researchAndDevelopmentExpenses": 0,
    "generalAndAdministrativeExpenses": 0,
    "sellingAndMarketingExpenses": 0,
    "sellingGeneralAndAdministrativeExpenses": 18637000000,
    "otherExpenses": 0,
    "operatingExpenses": 18637000000,
    "costAndExpenses": 89025000000,
    "interestIncome": 51000000,
    "interestExpense": 518000000,
    "depreciationAndAmortization": 1700000000,
    "ebitda": 6968000000,
    "ebitdaratio": 0.0739373103,
    "operatingIncome": 5217000000,
    "operatingIncomeRatio": 0.0553574839,
    "totalOtherIncomeExpensesNet": -467000000,
    "incomeBeforeTax": 4750000000,
    "incomeBeforeTaxRatio": 0.0504021562,
    "incomeTaxExpense": 1603000000,
    "netIncome": 3022000000,
    "netIncomeRatio": 0.0320663823,
    "eps": 0.26,
    "epsdiluted": 0.26,
    "weightedAverageShsOut": 11760000000,
    "weightedAverageShsOutDil": 11790000000,
    "link": "https://www.sec.gov/Archives/edgar/data/104169/000010416909000008/0000104169-09-000008-index.htm",
    "finalLink": "https://www.sec.gov/Archives/edgar/data/104169/000010416909000008/d10q.htm"
  },
  {
    "date": "2009-01-31",
    "symbol": "WMT",
    "reportedCurrency": "USD",
    "cik": "0000104169",
    "fillingDate": "2009-01-31",
    "acceptedDate": "2009-01-30 19:00:00",
    "calendarYear": "2008",
    "period": "Q4",
    "revenue": 109116000000,
    "costOfRevenue": 82601000000,
    "grossProfit": 26515000000,
    "grossProfitRatio": 0.2429982771,
    "researchAndDevelopmentExpenses": 0,
    "generalAndAdministrativeExpenses": 0,
    "sellingAndMarketingExpenses": 0,
    "sellingGeneralAndAdministrativeExpenses": 20138000000,
    "otherExpenses": 0,
    "operatingExpenses": 20138000000,
    "costAndExpenses": 102739000000,
    "interestIncome": 68000000,
    "interestExpense": 560000000,
    "depreciationAndAmortization": 1685000000,
    "ebitda": 8130000000,
    "ebitdaratio": 0.0745078632,
    "operatingIncome": 6377000000,
    "operatingIncomeRatio": 0.0584423916,
    "totalOtherIncomeExpensesNet": -492000000,
    "incomeBeforeTax": 5885000000,
    "incomeBeforeTaxRatio": 0.0539334286,
    "incomeTaxExpense": 1959000000,
    "netIncome": 3792000000,
    "netIncomeRatio": 0.034752007,
    "eps": 0.32,
    "epsdiluted": 0.32,
    "weightedAverageShsOut": 11772000000,
    "weightedAverageShsOutDil": 11808000000,
    "link": "",
    "finalLink": ""
  },
  {
    "date": "2008-10-31",
    "symbol": "WMT",
    "reportedCurrency": "USD",
    "cik": "0000104169",
    "fillingDate": "2008-12-09",
    "acceptedDate": "2008-12-09 15:12:03",
    "calendarYear": "2008",
    "period": "Q3",
    "revenue": 98642000000,
    "costOfRevenue": 74114000000,
    "grossProfit": 24528000000,
    "grossProfitRatio": 0.2486567588,
    "researchAndDevelopmentExpenses": 0,
    "generalAndAdministrativeExpenses": 0,
    "sellingAndMarketingExpenses": 0,
    "sellingGeneralAndAdministrativeExpenses": 19236000000,
    "otherExpenses": 0,
    "operatingExpenses": 19236000000,
    "costAndExpenses": 93350000000,
    "interestIncome": 81000000,
    "interestExpense": 537000000,
    "depreciationAndAmortization": 1688000000,
    "ebitda": 7061000000,
    "ebitdaratio": 0.0715820847,
    "operatingIncome": 5292000000,
    "operatingIncomeRatio": 0.0536485473,
    "totalOtherIncomeExpensesNet": -456000000,
    "incomeBeforeTax": 4836000000,
    "incomeBeforeTaxRatio": 0.04902577,
    "incomeTaxExpense": 1690000000,
    "netIncome": 3138000000,
    "netIncomeRatio": 0.0318120071,
    "eps": 0.27,
    "epsdiluted": 0.27,
    "weightedAverageShsOut": 11793000000,
    "weightedAverageShsOutDil": 11832000000,
    "link": "https://www.sec.gov/Archives/edgar/data/104169/000119312508250391/0001193125-08-250391-index.htm",
    "finalLink": "https://www.sec.gov/Archives/edgar/data/104169/000119312508250391/d10q.htm"
  },
  {
    "date": "2008-07-31",
    "symbol": "WMT",
    "reportedCurrency": "USD",
    "cik": "0000104169",
    "fillingDate": "2008-09-04",
    "acceptedDate": "2008-09-04 17:24:52",
    "calendarYear": "2008",
    "period": "Q2",
    "revenue": 102667000000,
    "costOfRevenue": 77642000000,
    "grossProfit": 25025000000,
    "grossProfitRatio": 0.2437492086,
    "researchAndDevelopmentExpenses": 0,
    "generalAndAdministrativeExpenses": 0,
    "sellingAndMarketingExpenses": 0,
    "sellingGeneralAndAdministrativeExpenses": 19228000000,
    "otherExpenses": 0,
    "operatingExpenses": 19228000000,
    "costAndExpenses": 96870000000,
    "interestIncome": 71000000,
    "interestExpense": 527000000,
    "depreciationAndAmortization": 1738000000,
    "ebitda": 7622000000,
    "ebitdaratio": 0.0742400187,
    "operatingIncome": 5797000000,
    "operatingIncomeRatio": 0.0564641024,
    "totalOtherIncomeExpensesNet": -440000000,
    "incomeBeforeTax": 5357000000,
    "incomeBeforeTaxRatio": 0.052178402,
    "incomeTaxExpense": 1826000000,
    "netIncome": 3449000000,
    "netIncomeRatio": 0.0335940468,
    "eps": 0.29,
    "epsdiluted": 0.29,
    "weightedAverageShsOut": 11835000000,
    "weightedAverageShsOutDil": 11874000000,
    "link": "https://www.sec.gov/Archives/edgar/data/104169/000010416908000006/0000104169-08-000006-index.htm",
    "finalLink": "https://www.sec.gov/Archives/edgar/data/104169/000010416908000006/wmtfy09q210q.htm"
  },
  {
    "date": "2008-04-30",
    "symbol": "WMT",
    "reportedCurrency": "USD",
    "cik": "0000104169",
    "fillingDate": "2008-06-09",
    "acceptedDate": "2008-06-09 16:37:36",
    "calendarYear": "2008",
    "period": "Q1",
    "revenue": 95303000000,
    "costOfRevenue": 71886000000,
    "grossProfit": 23417000000,
    "grossProfitRatio": 0.2457110479,
    "researchAndDevelopmentExpenses": 0,
    "generalAndAdministrativeExpenses": 0,
    "sellingAndMarketingExpenses": 0,
    "sellingGeneralAndAdministrativeExpenses": 18107000000,
    "otherExpenses": 0,
    "operatingExpenses": 18107000000,
    "costAndExpenses": 89993000000,
    "interestIncome": 64000000,
    "interestExpense": 560000000,
    "depreciationAndAmortization": 1628000000,
    "ebitda": 7009000000,
    "ebitdaratio": 0.0735443795,
    "operatingIncome": 5310000000,
    "operatingIncomeRatio": 0.0557170288,
    "totalOtherIncomeExpensesNet": -489000000,
    "incomeBeforeTax": 4821000000,
    "incomeBeforeTaxRatio": 0.0505860256,
    "incomeTaxExpense": 1670000000,
    "netIncome": 3022000000,
    "netIncomeRatio": 0.0317093901,
    "eps": 0.25,
    "epsdiluted": 0.25,
    "weightedAverageShsOut": 11871000000,
    "weightedAverageShsOutDil": 11901000000,
    "link": "https://www.sec.gov/Archives/edgar/data/104169/000119312508130418/0001193125-08-130418-index.htm",
    "finalLink": "https://www.sec.gov/Archives/edgar/data/104169/000119312508130418/d10q.htm"
  },
  {
    "date": "2008-01-31",
    "symbol": "WMT",
    "reportedCurrency": "USD",
    "cik": "0000104169",
    "fillingDate": "2008-03-31",
    "acceptedDate": "2008-03-31 16:12:49",
    "calendarYear": "2007",
    "period": "Q4",
    "revenue": 107428000000,
    "costOfRevenue": 81323000000,
    "grossProfit": 26105000000,
    "grossProfitRatio": 0.2429999628,
    "researchAndDevelopmentExpenses": 0,
    "generalAndAdministrativeExpenses": 0,
    "sellingAndMarketingExpenses": 0,
    "sellingGeneralAndAdministrativeExpenses": 19224000000,
    "otherExpenses": 0,
    "operatingExpenses": 19224000000,
    "costAndExpenses": 100547000000,
    "interestIncome": 62000000,
    "interestExpense": 603000000,
    "depreciationAndAmortization": 1661000000,
    "ebitda": 8604000000,
    "ebitdaratio": 0.0800908515,
    "operatingIncome": 6881000000,
    "operatingIncomeRatio": 0.0640522024,
    "totalOtherIncomeExpensesNet": -541000000,
    "incomeBeforeTax": 6340000000,
    "incomeBeforeTaxRatio": 0.0590162714,
    "incomeTaxExpense": 2143000000,
    "netIncome": 4096000000,
    "netIncomeRatio": 0.0381278624,
    "eps": 0.35,
    "epsdiluted": 0.34,
    "weightedAverageShsOut": 11871000000,
    "weightedAverageShsOutDil": 11901000000,
    "link": "https://www.sec.gov/Archives/edgar/data/104169/000119312508071085/0001193125-08-071085-index.htm",
    "finalLink": "https://www.sec.gov/Archives/edgar/data/104169/000119312508071085/d10k.htm"
  },
  {
    "date": "2007-10-31",
    "symbol": "WMT",
    "reportedCurrency": "USD",
    "cik": "0000104169",
    "fillingDate": "2007-11-29",
    "acceptedDate": "2007-11-29 17:11:46",
    "calendarYear": "2007",
    "period": "Q3",
    "revenue": 91949000000,
    "costOfRevenue": 69292000000,
    "grossProfit": 22657000000,
    "grossProfitRatio": 0.2464083351,
    "researchAndDevelopmentExpenses": 0,
    "generalAndAdministrativeExpenses": 0,
    "sellingAndMarketingExpenses": 0,
    "sellingGeneralAndAdministrativeExpenses": 17685000000,
    "otherExpenses": 0,
    "operatingExpenses": 17685000000,
    "costAndExpenses": 86977000000,
    "interestIncome": 78000000,
    "interestExpense": 537000000,
    "depreciationAndAmortization": 1596000000,
    "ebitda": 6634000000,
    "ebitdaratio": 0.0721486911,
    "operatingIncome": 4961000000,
    "operatingIncomeRatio": 0.0539538222,
    "totalOtherIncomeExpensesNet": -460000000,
    "incomeBeforeTax": 4501000000,
    "incomeBeforeTaxRatio": 0.048951049,
    "incomeTaxExpense": 1556000000,
    "netIncome": 2857000000,
    "netIncomeRatio": 0.0310715723,
    "eps": 0.24,
    "epsdiluted": 0.23,
    "weightedAverageShsOut": 12153000000,
    "weightedAverageShsOutDil": 12168000000,
    "link": "https://www.sec.gov/Archives/edgar/data/104169/000010416907000010/0000104169-07-000010-index.htm",
    "finalLink": "https://www.sec.gov/Archives/edgar/data/104169/000010416907000010/wmt3q08.htm"
  },
  {
    "date": "2007-07-31",
    "symbol": "WMT",
    "reportedCurrency": "USD",
    "cik": "0000104169",
    "fillingDate": "2007-09-10",
    "acceptedDate": "2007-09-10 16:40:11",
    "calendarYear": "2007",
    "period": "Q2",
    "revenue": 93012000000,
    "costOfRevenue": 70589000000,
    "grossProfit": 22423000000,
    "grossProfitRatio": 0.2410764202,
    "researchAndDevelopmentExpenses": 0,
    "generalAndAdministrativeExpenses": 0,
    "sellingAndMarketingExpenses": 0,
    "sellingGeneralAndAdministrativeExpenses": 17130000000,
    "otherExpenses": 0,
    "operatingExpenses": 17130000000,
    "costAndExpenses": 87719000000,
    "interestIncome": 82000000,
    "interestExpense": 488000000,
    "depreciationAndAmortization": 1572000000,
    "ebitda": 6939000000,
    "ebitdaratio": 0.074603277,
    "operatingIncome": 5293000000,
    "operatingIncomeRatio": 0.0569066357,
    "totalOtherIncomeExpensesNet": -404000000,
    "incomeBeforeTax": 4887000000,
    "incomeBeforeTaxRatio": 0.0525416075,
    "incomeTaxExpense": 1676000000,
    "netIncome": 2952000000,
    "netIncomeRatio": 0.0317378403,
    "eps": 0.24,
    "epsdiluted": 0.24,
    "weightedAverageShsOut": 12306000000,
    "weightedAverageShsOutDil": 12324000000,
    "link": "https://www.sec.gov/Archives/edgar/data/104169/000119312507198266/0001193125-07-198266-index.htm",
    "finalLink": "https://www.sec.gov/Archives/edgar/data/104169/000119312507198266/d10q.htm"
  },
  {
    "date": "2007-04-30",
    "symbol": "WMT",
    "reportedCurrency": "USD",
    "cik": "0000104169",
    "fillingDate": "2007-06-01",
    "acceptedDate": "2007-06-01 16:29:49",
    "calendarYear": "2007",
    "period": "Q1",
    "revenue": 86410000000,
    "costOfRevenue": 65311000000,
    "grossProfit": 21099000000,
    "grossProfitRatio": 0.2441731281,
    "researchAndDevelopmentExpenses": 0,
    "generalAndAdministrativeExpenses": 0,
    "sellingAndMarketingExpenses": 0,
    "sellingGeneralAndAdministrativeExpenses": 16249000000,
    "otherExpenses": 0,
    "operatingExpenses": 16249000000,
    "costAndExpenses": 81560000000,
    "interestIncome": 83000000,
    "interestExpense": 475000000,
    "depreciationAndAmortization": 1488000000,
    "ebitda": 6421000000,
    "ebitdaratio": 0.0743085291,
    "operatingIncome": 4850000000,
    "operatingIncomeRatio": 0.056127763,
    "totalOtherIncomeExpensesNet": -392000000,
    "incomeBeforeTax": 4458000000,
    "incomeBeforeTaxRatio": 0.051591251,
    "incomeTaxExpense": 1532000000,
    "netIncome": 2826000000,
    "netIncomeRatio": 0.0327045481,
    "eps": 0.23,
    "epsdiluted": 0.23,
    "weightedAverageShsOut": 12366000000,
    "weightedAverageShsOutDil": 12384000000,
    "link": "https://www.sec.gov/Archives/edgar/data/104169/000119312507128008/0001193125-07-128008-index.htm",
    "finalLink": "https://www.sec.gov/Archives/edgar/data/104169/000119312507128008/d10q.htm"
  },
  {
    "date": "2007-01-31",
    "symbol": "WMT",
    "reportedCurrency": "USD",
    "cik": "0000104169",
    "fillingDate": "2007-03-27",
    "acceptedDate": "2007-03-27 16:40:54",
    "calendarYear": "2006",
    "period": "Q4",
    "revenue": 99078000000,
    "costOfRevenue": 75565000000,
    "grossProfit": 23513000000,
    "grossProfitRatio": 0.2373180726,
    "researchAndDevelopmentExpenses": 0,
    "generalAndAdministrativeExpenses": 0,
    "sellingAndMarketingExpenses": 0,
    "sellingGeneralAndAdministrativeExpenses": 17081000000,
    "otherExpenses": 0,
    "operatingExpenses": 17081000000,
    "costAndExpenses": 92646000000,
    "interestIncome": 84000000,
    "interestExpense": 429000000,
    "depreciationAndAmortization": 1446000000,
    "ebitda": 7962000000,
    "ebitdaratio": 0.0803609278,
    "operatingIncome": 6432000000,
    "operatingIncomeRatio": 0.064918549,
    "totalOtherIncomeExpensesNet": -345000000,
    "incomeBeforeTax": 6087000000,
    "incomeBeforeTaxRatio": 0.061436444,
    "incomeTaxExpense": 1977000000,
    "netIncome": 3939000000,
    "netIncomeRatio": 0.0397565554,
    "eps": 0.32,
    "epsdiluted": 0.32,
    "weightedAverageShsOut": 12366000000,
    "weightedAverageShsOutDil": 12384000000,
    "link": "https://www.sec.gov/Archives/edgar/data/104169/000119312507065603/0001193125-07-065603-index.htm",
    "finalLink": "https://www.sec.gov/Archives/edgar/data/104169/000119312507065603/d10k.htm"
  },
  {
    "date": "2006-10-31",
    "symbol": "WMT",
    "reportedCurrency": "USD",
    "cik": "0000104169",
    "fillingDate": "2006-11-30",
    "acceptedDate": "2006-11-30 16:15:18",
    "calendarYear": "2006",
    "period": "Q3",
    "revenue": 84467000000,
    "costOfRevenue": 63765000000,
    "grossProfit": 20702000000,
    "grossProfitRatio": 0.2450897984,
    "researchAndDevelopmentExpenses": 0,
    "generalAndAdministrativeExpenses": 0,
    "sellingAndMarketingExpenses": 0,
    "sellingGeneralAndAdministrativeExpenses": 16237000000,
    "otherExpenses": 0,
    "operatingExpenses": 16237000000,
    "costAndExpenses": 80002000000,
    "interestIncome": 65000000,
    "interestExpense": 489000000,
    "depreciationAndAmortization": 1371000000,
    "ebitda": 5901000000,
    "ebitdaratio": 0.0698616028,
    "operatingIncome": 4465000000,
    "operatingIncomeRatio": 0.0528608806,
    "totalOtherIncomeExpensesNet": -424000000,
    "incomeBeforeTax": 4041000000,
    "incomeBeforeTaxRatio": 0.0478411687,
    "incomeTaxExpense": 1363000000,
    "netIncome": 2647000000,
    "netIncomeRatio": 0.0313376822,
    "eps": 0.21,
    "epsdiluted": 0.21,
    "weightedAverageShsOut": 12507000000,
    "weightedAverageShsOutDil": 12519000000,
    "link": "https://www.sec.gov/Archives/edgar/data/104169/000010416906000015/0000104169-06-000015-index.htm",
    "finalLink": "https://www.sec.gov/Archives/edgar/data/104169/000010416906000015/walmart10q3qfy2007.htm"
  },
  {
    "date": "2006-07-31",
    "symbol": "WMT",
    "reportedCurrency": "USD",
    "cik": "0000104169",
    "fillingDate": "2006-08-30",
    "acceptedDate": "2006-08-30 16:41:33",
    "calendarYear": "2006",
    "period": "Q2",
    "revenue": 85430000000,
    "costOfRevenue": 64585000000,
    "grossProfit": 20845000000,
    "grossProfitRatio": 0.2440009364,
    "researchAndDevelopmentExpenses": 0,
    "generalAndAdministrativeExpenses": 0,
    "sellingAndMarketingExpenses": 0,
    "sellingGeneralAndAdministrativeExpenses": 15741000000,
    "otherExpenses": 0,
    "operatingExpenses": 15741000000,
    "costAndExpenses": 80326000000,
    "interestIncome": 63000000,
    "interestExpense": 456000000,
    "depreciationAndAmortization": 1331000000,
    "ebitda": 6498000000,
    "ebitdaratio": 0.0760622732,
    "operatingIncome": 5104000000,
    "operatingIncomeRatio": 0.0597448203,
    "totalOtherIncomeExpensesNet": -393000000,
    "incomeBeforeTax": 4711000000,
    "incomeBeforeTaxRatio": 0.0551445628,
    "incomeTaxExpense": 1636000000,
    "netIncome": 2083000000,
    "netIncomeRatio": 0.0243825354,
    "eps": 0.17,
    "epsdiluted": 0.17,
    "weightedAverageShsOut": 12504000000,
    "weightedAverageShsOutDil": 12516000000,
    "link": "https://www.sec.gov/Archives/edgar/data/104169/000010416906000012/0000104169-06-000012-index.htm",
    "finalLink": "https://www.sec.gov/Archives/edgar/data/104169/000010416906000012/walmart10q2q73106fiscal2007.htm"
  },
  {
    "date": "2006-04-30",
    "symbol": "WMT",
    "reportedCurrency": "USD",
    "cik": "0000104169",
    "fillingDate": "2006-06-02",
    "acceptedDate": "2006-06-02 16:33:01",
    "calendarYear": "2006",
    "period": "Q1",
    "revenue": 79676000000,
    "costOfRevenue": 60237000000,
    "grossProfit": 19439000000,
    "grossProfitRatio": 0.2439756012,
    "researchAndDevelopmentExpenses": 0,
    "generalAndAdministrativeExpenses": 0,
    "sellingAndMarketingExpenses": 0,
    "sellingGeneralAndAdministrativeExpenses": 14942000000,
    "otherExpenses": 0,
    "operatingExpenses": 14942000000,
    "costAndExpenses": 75179000000,
    "interestIncome": 69000000,
    "interestExpense": 437000000,
    "depreciationAndAmortization": 1311000000,
    "ebitda": 5857000000,
    "ebitdaratio": 0.0735102164,
    "operatingIncome": 4495000000,
    "operatingIncomeRatio": 0.0564159847,
    "totalOtherIncomeExpensesNet": -367000000,
    "incomeBeforeTax": 4127000000,
    "incomeBeforeTaxRatio": 0.051797279,
    "incomeTaxExpense": 1388000000,
    "netIncome": 2615000000,
    "netIncomeRatio": 0.0328204227,
    "eps": 0.21,
    "epsdiluted": 0.21,
    "weightedAverageShsOut": 12501000000,
    "weightedAverageShsOutDil": 12510000000,
    "link": "https://www.sec.gov/Archives/edgar/data/104169/000010416906000003/0000104169-06-000003-index.htm",
    "finalLink": "https://www.sec.gov/Archives/edgar/data/104169/000010416906000003/wmt10q_q1fy2007.htm"
  },
  {
    "date": "2006-01-31",
    "symbol": "WMT",
    "reportedCurrency": "USD",
    "cik": "0000104169",
    "fillingDate": "2006-03-29",
    "acceptedDate": "2006-03-29 16:14:06",
    "calendarYear": "2005",
    "period": "Q4",
    "revenue": 90128000000,
    "costOfRevenue": 69045000000,
    "grossProfit": 21083000000,
    "grossProfitRatio": 0.2339228653,
    "researchAndDevelopmentExpenses": 0,
    "generalAndAdministrativeExpenses": 0,
    "sellingAndMarketingExpenses": 0,
    "sellingGeneralAndAdministrativeExpenses": 15222000000,
    "otherExpenses": 0,
    "operatingExpenses": 15222000000,
    "costAndExpenses": 84267000000,
    "interestIncome": 78000000,
    "interestExpense": 399000000,
    "depreciationAndAmortization": 1203000000,
    "ebitda": 7142000000,
    "ebitdaratio": 0.0792428546,
    "operatingIncome": 5861000000,
    "operatingIncomeRatio": 0.0650297355,
    "totalOtherIncomeExpensesNet": -321000000,
    "incomeBeforeTax": 5540000000,
    "incomeBeforeTaxRatio": 0.0614681342,
    "incomeTaxExpense": 1834000000,
    "netIncome": 3591000000,
    "netIncomeRatio": 0.0398433339,
    "eps": 0.29,
    "epsdiluted": 0.29,
    "weightedAverageShsOut": 12501000000,
    "weightedAverageShsOutDil": 12510000000,
    "link": "https://www.sec.gov/Archives/edgar/data/104169/000119312506066792/0001193125-06-066792-index.htm",
    "finalLink": "https://www.sec.gov/Archives/edgar/data/104169/000119312506066792/d10k.htm"
  },
  {
    "date": "2005-10-31",
    "symbol": "WMT",
    "reportedCurrency": "USD",
    "cik": "0000104169",
    "fillingDate": "2005-12-02",
    "acceptedDate": "2005-12-02 16:34:05",
    "calendarYear": "2005",
    "period": "Q3",
    "revenue": 76253000000,
    "costOfRevenue": 57988000000,
    "grossProfit": 18265000000,
    "grossProfitRatio": 0.2395315594,
    "researchAndDevelopmentExpenses": 0,
    "generalAndAdministrativeExpenses": 0,
    "sellingAndMarketingExpenses": 0,
    "sellingGeneralAndAdministrativeExpenses": 14216000000,
    "otherExpenses": 0,
    "operatingExpenses": 14216000000,
    "costAndExpenses": 72204000000,
    "interestIncome": 59000000,
    "interestExpense": 408000000,
    "depreciationAndAmortization": 1174000000,
    "ebitda": 5329000000,
    "ebitdaratio": 0.069885775,
    "operatingIncome": 4098000000,
    "operatingIncomeRatio": 0.0537421478,
    "totalOtherIncomeExpensesNet": -350000000,
    "incomeBeforeTax": 3748000000,
    "incomeBeforeTaxRatio": 0.0491521645,
    "incomeTaxExpense": 1254000000,
    "netIncome": 2374000000,
    "netIncomeRatio": 0.0311332013,
    "eps": 0.19,
    "epsdiluted": 0.19,
    "weightedAverageShsOut": 12495000000,
    "weightedAverageShsOutDil": 12507000000,
    "link": "https://www.sec.gov/Archives/edgar/data/104169/000010416905000019/0000104169-05-000019-index.htm",
    "finalLink": "https://www.sec.gov/Archives/edgar/data/104169/000010416905000019/wmt10q_q3fy2006.htm"
  },
  {
    "date": "2005-07-31",
    "symbol": "WMT",
    "reportedCurrency": "USD",
    "cik": "0000104169",
    "fillingDate": "2005-08-31",
    "acceptedDate": "2005-08-31 15:21:58",
    "calendarYear": "2005",
    "period": "Q2",
    "revenue": 77520000000,
    "costOfRevenue": 58787000000,
    "grossProfit": 18733000000,
    "grossProfitRatio": 0.2416537668,
    "researchAndDevelopmentExpenses": 0,
    "generalAndAdministrativeExpenses": 0,
    "sellingAndMarketingExpenses": 0,
    "sellingGeneralAndAdministrativeExpenses": 14054000000,
    "otherExpenses": 0,
    "operatingExpenses": 14054000000,
    "costAndExpenses": 72841000000,
    "interestIncome": 53000000,
    "interestExpense": 364000000,
    "depreciationAndAmortization": 1178000000,
    "ebitda": 5941000000,
    "ebitdaratio": 0.0766382869,
    "operatingIncome": 4730000000,
    "operatingIncomeRatio": 0.0610165119,
    "totalOtherIncomeExpensesNet": -306000000,
    "incomeBeforeTax": 4424000000,
    "incomeBeforeTaxRatio": 0.0570691434,
    "incomeTaxExpense": 1503000000,
    "netIncome": 2805000000,
    "netIncomeRatio": 0.0361842105,
    "eps": 0.22,
    "epsdiluted": 0.22,
    "weightedAverageShsOut": 12525000000,
    "weightedAverageShsOutDil": 12540000000,
    "link": "https://www.sec.gov/Archives/edgar/data/104169/000010416905000015/0000104169-05-000015-index.htm",
    "finalLink": "https://www.sec.gov/Archives/edgar/data/104169/000010416905000015/wmt10q_q2fy2006.htm"
  },
  {
    "date": "2005-04-30",
    "symbol": "WMT",
    "reportedCurrency": "USD",
    "cik": "0000104169",
    "fillingDate": "2005-06-03",
    "acceptedDate": "2005-06-03 16:39:06",
    "calendarYear": "2005",
    "period": "Q1",
    "revenue": 71680000000,
    "costOfRevenue": 54571000000,
    "grossProfit": 17109000000,
    "grossProfitRatio": 0.2386858259,
    "researchAndDevelopmentExpenses": 0,
    "generalAndAdministrativeExpenses": 0,
    "sellingAndMarketingExpenses": 0,
    "sellingGeneralAndAdministrativeExpenses": 13168000000,
    "otherExpenses": 0,
    "operatingExpenses": 13168000000,
    "costAndExpenses": 67739000000,
    "interestIncome": 52000000,
    "interestExpense": 252000000,
    "depreciationAndAmortization": 1132000000,
    "ebitda": 5125000000,
    "ebitdaratio": 0.0714983259,
    "operatingIncome": 3941000000,
    "operatingIncomeRatio": 0.0549804688,
    "totalOtherIncomeExpensesNet": -200000000,
    "incomeBeforeTax": 3741000000,
    "incomeBeforeTaxRatio": 0.0521902902,
    "incomeTaxExpense": 1212000000,
    "netIncome": 2461000000,
    "netIncomeRatio": 0.0343331473,
    "eps": 0.19,
    "epsdiluted": 0.19,
    "weightedAverageShsOut": 12684000000,
    "weightedAverageShsOutDil": 12702000000,
    "link": "https://www.sec.gov/Archives/edgar/data/104169/000010416905000003/0000104169-05-000003-index.htm",
    "finalLink": "https://www.sec.gov/Archives/edgar/data/104169/000010416905000003/wmt10q_q1fy2006.htm"
  },
  {
    "date": "2005-01-31",
    "symbol": "WMT",
    "reportedCurrency": "USD",
    "cik": "0000104169",
    "fillingDate": "2005-03-31",
    "acceptedDate": "2005-03-31 15:34:03",
    "calendarYear": "2004",
    "period": "Q4",
    "revenue": 82819000000,
    "costOfRevenue": 63724000000,
    "grossProfit": 19095000000,
    "grossProfitRatio": 0.2305630351,
    "researchAndDevelopmentExpenses": 0,
    "generalAndAdministrativeExpenses": 0,
    "sellingAndMarketingExpenses": 0,
    "sellingGeneralAndAdministrativeExpenses": 13797000000,
    "otherExpenses": 0,
    "operatingExpenses": 13797000000,
    "costAndExpenses": 77521000000,
    "interestIncome": 52000000,
    "interestExpense": 349000000,
    "depreciationAndAmortization": 1244000000,
    "ebitda": 6594000000,
    "ebitdaratio": 0.079619411,
    "operatingIncome": 5298000000,
    "operatingIncomeRatio": 0.063970828,
    "totalOtherIncomeExpensesNet": -297000000,
    "incomeBeforeTax": 5001000000,
    "incomeBeforeTaxRatio": 0.0603846943,
    "incomeTaxExpense": 1736000000,
    "netIncome": 3164000000,
    "netIncomeRatio": 0.0382037938,
    "eps": 0.25,
    "epsdiluted": 0.25,
    "weightedAverageShsOut": 12684000000,
    "weightedAverageShsOutDil": 12702000000,
    "link": "https://www.sec.gov/Archives/edgar/data/104169/000119312505066992/0001193125-05-066992-index.htm",
    "finalLink": "https://www.sec.gov/Archives/edgar/data/104169/000119312505066992/d10k.htm"
  },
  {
    "date": "2004-10-31",
    "symbol": "WMT",
    "reportedCurrency": "USD",
    "cik": "0000104169",
    "fillingDate": "2004-12-03",
    "acceptedDate": "2004-12-03 17:27:28",
    "calendarYear": "2004",
    "period": "Q3",
    "revenue": 69261000000,
    "costOfRevenue": 52567000000,
    "grossProfit": 16694000000,
    "grossProfitRatio": 0.2410303057,
    "researchAndDevelopmentExpenses": 0,
    "generalAndAdministrativeExpenses": 0,
    "sellingAndMarketingExpenses": 0,
    "sellingGeneralAndAdministrativeExpenses": 12910000000,
    "otherExpenses": 0,
    "operatingExpenses": 12910000000,
    "costAndExpenses": 65477000000,
    "interestIncome": 64000000,
    "interestExpense": 305000000,
    "depreciationAndAmortization": 1093000000,
    "ebitda": 4941000000,
    "ebitdaratio": 0.0713388487,
    "operatingIncome": 3784000000,
    "operatingIncomeRatio": 0.054633921,
    "totalOtherIncomeExpensesNet": -241000000,
    "incomeBeforeTax": 3543000000,
    "incomeBeforeTaxRatio": 0.0511543293,
    "incomeTaxExpense": 1207000000,
    "netIncome": 2286000000,
    "netIncomeRatio": 0.0330055876,
    "eps": 0.18,
    "epsdiluted": 0.18,
    "weightedAverageShsOut": 12726000000,
    "weightedAverageShsOutDil": 12747000000,
    "link": "https://www.sec.gov/Archives/edgar/data/104169/000119312504207402/0001193125-04-207402-index.htm",
    "finalLink": "https://www.sec.gov/Archives/edgar/data/104169/000119312504207402/d10q.htm"
  },
  {
    "date": "2004-07-31",
    "symbol": "WMT",
    "reportedCurrency": "USD",
    "cik": "0000104169",
    "fillingDate": "2004-09-03",
    "acceptedDate": "2004-09-03 14:54:45",
    "calendarYear": "2004",
    "period": "Q2",
    "revenue": 70466000000,
    "costOfRevenue": 53533000000,
    "grossProfit": 16933000000,
    "grossProfitRatio": 0.2403002867,
    "researchAndDevelopmentExpenses": 0,
    "generalAndAdministrativeExpenses": 0,
    "sellingAndMarketingExpenses": 0,
    "sellingGeneralAndAdministrativeExpenses": 12529000000,
    "otherExpenses": 0,
    "operatingExpenses": 12529000000,
    "costAndExpenses": 66062000000,
    "interestIncome": 44000000,
    "interestExpense": 283000000,
    "depreciationAndAmortization": 1031000000,
    "ebitda": 5479000000,
    "ebitdaratio": 0.0777538103,
    "operatingIncome": 4404000000,
    "operatingIncomeRatio": 0.0624982261,
    "totalOtherIncomeExpensesNet": -239000000,
    "incomeBeforeTax": 4165000000,
    "incomeBeforeTaxRatio": 0.0591065195,
    "incomeTaxExpense": 1458000000,
    "netIncome": 2651000000,
    "netIncomeRatio": 0.0376209803,
    "eps": 0.21,
    "epsdiluted": 0.21,
    "weightedAverageShsOut": 12792000000,
    "weightedAverageShsOutDil": 12816000000,
    "link": "https://www.sec.gov/Archives/edgar/data/104169/000119312504152109/0001193125-04-152109-index.htm",
    "finalLink": "https://www.sec.gov/Archives/edgar/data/104169/000119312504152109/d10q.htm"
  },
  {
    "date": "2004-04-30",
    "symbol": "WMT",
    "reportedCurrency": "USD",
    "cik": "0000104169",
    "fillingDate": "2004-06-04",
    "acceptedDate": "2004-06-04 16:02:43",
    "calendarYear": "2004",
    "period": "Q1",
    "revenue": 65443000000,
    "costOfRevenue": 49969000000,
    "grossProfit": 15474000000,
    "grossProfitRatio": 0.2364500405,
    "researchAndDevelopmentExpenses": 0,
    "generalAndAdministrativeExpenses": 0,
    "sellingAndMarketingExpenses": 0,
    "sellingGeneralAndAdministrativeExpenses": 11869000000,
    "otherExpenses": 0,
    "operatingExpenses": 11869000000,
    "costAndExpenses": 61838000000,
    "interestIncome": 42000000,
    "interestExpense": 250000000,
    "depreciationAndAmortization": 1037000000,
    "ebitda": 4684000000,
    "ebitdaratio": 0.0715737359,
    "operatingIncome": 3605000000,
    "operatingIncomeRatio": 0.0550861055,
    "totalOtherIncomeExpensesNet": -208000000,
    "incomeBeforeTax": 3397000000,
    "incomeBeforeTaxRatio": 0.0519077671,
    "incomeTaxExpense": 1189000000,
    "netIncome": 2166000000,
    "netIncomeRatio": 0.0330975047,
    "eps": 0.17,
    "epsdiluted": 0.17,
    "weightedAverageShsOut": 12882000000,
    "weightedAverageShsOutDil": 12906000000,
    "link": "https://www.sec.gov/Archives/edgar/data/104169/000119312504098967/0001193125-04-098967-index.htm",
    "finalLink": "https://www.sec.gov/Archives/edgar/data/104169/000119312504098967/d10q.htm"
  },
  {
    "date": "2004-01-31",
    "symbol": "WMT",
    "reportedCurrency": "USD",
    "cik": "0000104169",
    "fillingDate": "2004-04-09",
    "acceptedDate": "2004-04-09 16:05:14",
    "calendarYear": "2003",
    "period": "Q4",
    "revenue": 75190000000,
    "costOfRevenue": 58239000000,
    "grossProfit": 16951000000,
    "grossProfitRatio": 0.2254422131,
    "researchAndDevelopmentExpenses": 0,
    "generalAndAdministrativeExpenses": 0,
    "sellingAndMarketingExpenses": 0,
    "sellingGeneralAndAdministrativeExpenses": 12205000000,
    "otherExpenses": 0,
    "operatingExpenses": 12205000000,
    "costAndExpenses": 70444000000,
    "interestIncome": 54000000,
    "interestExpense": 255000000,
    "depreciationAndAmortization": 1039000000,
    "ebitda": 5839000000,
    "ebitdaratio": 0.0776566033,
    "operatingIncome": 4746000000,
    "operatingIncomeRatio": 0.0631200958,
    "totalOtherIncomeExpensesNet": -201000000,
    "incomeBeforeTax": 4545000000,
    "incomeBeforeTaxRatio": 0.0604468679,
    "incomeTaxExpense": 1741000000,
    "netIncome": 2721000000,
    "netIncomeRatio": 0.0361883229,
    "eps": 0.21,
    "epsdiluted": 0.21,
    "weightedAverageShsOut": 12882000000,
    "weightedAverageShsOutDil": 12906000000,
    "link": "https://www.sec.gov/Archives/edgar/data/104169/000119312504059900/0001193125-04-059900-index.htm",
    "finalLink": "https://www.sec.gov/Archives/edgar/data/104169/000119312504059900/d10k.htm"
  },
  {
    "date": "2003-10-31",
    "symbol": "WMT",
    "reportedCurrency": "USD",
    "cik": "0000104169",
    "fillingDate": "2003-12-11",
    "acceptedDate": "2003-12-11 10:05:59",
    "calendarYear": "2003",
    "period": "Q3",
    "revenue": 63035000000,
    "costOfRevenue": 48292000000,
    "grossProfit": 14743000000,
    "grossProfitRatio": 0.2338859364,
    "researchAndDevelopmentExpenses": 0,
    "generalAndAdministrativeExpenses": 0,
    "sellingAndMarketingExpenses": 0,
    "sellingGeneralAndAdministrativeExpenses": 11344000000,
    "otherExpenses": 0,
    "operatingExpenses": 11344000000,
    "costAndExpenses": 59636000000,
    "interestIncome": 36000000,
    "interestExpense": 242000000,
    "depreciationAndAmortization": 971000000,
    "ebitda": 4396000000,
    "ebitdaratio": 0.0697390339,
    "operatingIncome": 3399000000,
    "operatingIncomeRatio": 0.0539224241,
    "totalOtherIncomeExpensesNet": -206000000,
    "incomeBeforeTax": 3193000000,
    "incomeBeforeTaxRatio": 0.0506543984,
    "incomeTaxExpense": 1117000000,
    "netIncome": 2028000000,
    "netIncomeRatio": 0.0321726025,
    "eps": 0.15,
    "epsdiluted": 0.15,
    "weightedAverageShsOut": 13086000000,
    "weightedAverageShsOutDil": 13116000000,
    "link": "https://www.sec.gov/Archives/edgar/data/104169/000010416903000021/0000104169-03-000021-index.htm",
    "finalLink": "https://www.sec.gov/Archives/edgar/data/104169/000010416903000021/final10q.htm"
  },
  {
    "date": "2003-07-31",
    "symbol": "WMT",
    "reportedCurrency": "USD",
    "cik": "0000104169",
    "fillingDate": "2003-09-10",
    "acceptedDate": "2003-09-10 15:59:19",
    "calendarYear": "2003",
    "period": "Q2",
    "revenue": 63232000000,
    "costOfRevenue": 48298000000,
    "grossProfit": 14934000000,
    "grossProfitRatio": 0.2361778846,
    "researchAndDevelopmentExpenses": 0,
    "generalAndAdministrativeExpenses": 0,
    "sellingAndMarketingExpenses": 0,
    "sellingGeneralAndAdministrativeExpenses": 11142000000,
    "otherExpenses": 0,
    "operatingExpenses": 11142000000,
    "costAndExpenses": 59440000000,
    "interestIncome": 37000000,
    "interestExpense": 252000000,
    "depreciationAndAmortization": 954000000,
    "ebitda": 4765000000,
    "ebitdaratio": 0.075357414,
    "operatingIncome": 3792000000,
    "operatingIncomeRatio": 0.0599696356,
    "totalOtherIncomeExpensesNet": -215000000,
    "incomeBeforeTax": 3577000000,
    "incomeBeforeTaxRatio": 0.0565694585,
    "incomeTaxExpense": 1253000000,
    "netIncome": 2444000000,
    "netIncomeRatio": 0.0386513158,
    "eps": 0.19,
    "epsdiluted": 0.19,
    "weightedAverageShsOut": 13134000000,
    "weightedAverageShsOutDil": 13164000000,
    "link": "https://www.sec.gov/Archives/edgar/data/104169/000010416903000017/0000104169-03-000017-index.htm",
    "finalLink": "https://www.sec.gov/Archives/edgar/data/104169/000010416903000017/final10q.htm"
  },
  {
    "date": "2003-04-30",
    "symbol": "WMT",
    "reportedCurrency": "USD",
    "cik": "0000104169",
    "fillingDate": "2003-06-09",
    "acceptedDate": "2003-06-09 17:12:14",
    "calendarYear": "2003",
    "period": "Q1",
    "revenue": 57224000000,
    "costOfRevenue": 43918000000,
    "grossProfit": 13306000000,
    "grossProfitRatio": 0.2325248148,
    "researchAndDevelopmentExpenses": 0,
    "generalAndAdministrativeExpenses": 0,
    "sellingAndMarketingExpenses": 0,
    "sellingGeneralAndAdministrativeExpenses": 10216000000,
    "otherExpenses": 0,
    "operatingExpenses": 10216000000,
    "costAndExpenses": 54134000000,
    "interestIncome": 38000000,
    "interestExpense": 250000000,
    "depreciationAndAmortization": 888000000,
    "ebitda": 4016000000,
    "ebitdaratio": 0.0701803439,
    "operatingIncome": 3090000000,
    "operatingIncomeRatio": 0.0539983224,
    "totalOtherIncomeExpensesNet": -212000000,
    "incomeBeforeTax": 2878000000,
    "incomeBeforeTaxRatio": 0.0502935831,
    "incomeTaxExpense": 1006000000,
    "netIncome": 1861000000,
    "netIncomeRatio": 0.0325213197,
    "eps": 0.14,
    "epsdiluted": 0.14,
    "weightedAverageShsOut": 13158000000,
    "weightedAverageShsOutDil": 13185000000,
    "link": "https://www.sec.gov/Archives/edgar/data/104169/000010416903000007/0000104169-03-000007-index.htm",
    "finalLink": "https://www.sec.gov/Archives/edgar/data/104169/000010416903000007/final10q.htm"
  },
  {
    "date": "2003-01-31",
    "symbol": "WMT",
    "reportedCurrency": "USD",
    "cik": "0000104169",
    "fillingDate": "2003-04-15",
    "acceptedDate": "2003-04-15 17:15:44",
    "calendarYear": "2002",
    "period": "Q4",
    "revenue": 71586000000,
    "costOfRevenue": 56247000000,
    "grossProfit": 15339000000,
    "grossProfitRatio": 0.2142737407,
    "researchAndDevelopmentExpenses": 0,
    "generalAndAdministrativeExpenses": 0,
    "sellingAndMarketingExpenses": 0,
    "sellingGeneralAndAdministrativeExpenses": 11112000000,
    "otherExpenses": 0,
    "operatingExpenses": 11112000000,
    "costAndExpenses": 67359000000,
    "interestIncome": 38000000,
    "interestExpense": 255000000,
    "depreciationAndAmortization": 985000000,
    "ebitda": 5250000000,
    "ebitdaratio": 0.0733383622,
    "operatingIncome": 4227000000,
    "operatingIncomeRatio": 0.0590478585,
    "totalOtherIncomeExpensesNet": -221000000,
    "incomeBeforeTax": 4010000000,
    "incomeBeforeTaxRatio": 0.0560165395,
    "incomeTaxExpense": 1417000000,
    "netIncome": 2529000000,
    "netIncomeRatio": 0.0353281368,
    "eps": 0.19,
    "epsdiluted": 0.19,
    "weightedAverageShsOut": 13158000000,
    "weightedAverageShsOutDil": 13185000000,
    "link": "https://www.sec.gov/Archives/edgar/data/104169/000010416903000005/0000104169-03-000005-index.htm",
    "finalLink": "https://www.sec.gov/Archives/edgar/data/104169/000010416903000005/final10-k.htm"
  },
  {
    "date": "2002-10-31",
    "symbol": "WMT",
    "reportedCurrency": "USD",
    "cik": "0000104169",
    "fillingDate": "2002-12-06",
    "acceptedDate": "2002-12-06 14:09:32",
    "calendarYear": "2002",
    "period": "Q3",
    "revenue": 59330000000,
    "costOfRevenue": 45893000000,
    "grossProfit": 13437000000,
    "grossProfitRatio": 0.2264790157,
    "researchAndDevelopmentExpenses": 0,
    "generalAndAdministrativeExpenses": 0,
    "sellingAndMarketingExpenses": 0,
    "sellingGeneralAndAdministrativeExpenses": 10330000000,
    "otherExpenses": 0,
    "operatingExpenses": 10330000000,
    "costAndExpenses": 56223000000,
    "interestIncome": 35000000,
    "interestExpense": 265000000,
    "depreciationAndAmortization": 848000000,
    "ebitda": 3914000000,
    "ebitdaratio": 0.0659699983,
    "operatingIncome": 3048000000,
    "operatingIncomeRatio": 0.0513736727,
    "totalOtherIncomeExpensesNet": -273000000,
    "incomeBeforeTax": 2818000000,
    "incomeBeforeTaxRatio": 0.0474970504,
    "incomeTaxExpense": 995000000,
    "netIncome": 1797000000,
    "netIncomeRatio": 0.0302882184,
    "eps": 0.14,
    "epsdiluted": 0.14,
    "weightedAverageShsOut": 13263000000,
    "weightedAverageShsOutDil": 13302000000,
    "link": "https://www.sec.gov/Archives/edgar/data/104169/000010416902000026/0000104169-02-000026-index.htm",
    "finalLink": "https://www.sec.gov/Archives/edgar/data/104169/000010416902000026/final10q.htm"
  },
  {
    "date": "2002-07-31",
    "symbol": "WMT",
    "reportedCurrency": "USD",
    "cik": "0000104169",
    "fillingDate": "2002-09-11",
    "acceptedDate": "2002-09-11 15:17:03",
    "calendarYear": "2002",
    "period": "Q2",
    "revenue": 60255000000,
    "costOfRevenue": 46639000000,
    "grossProfit": 13616000000,
    "grossProfitRatio": 0.2259729483,
    "researchAndDevelopmentExpenses": 0,
    "generalAndAdministrativeExpenses": 0,
    "sellingAndMarketingExpenses": 0,
    "sellingGeneralAndAdministrativeExpenses": 10147000000,
    "otherExpenses": 0,
    "operatingExpenses": 10147000000,
    "costAndExpenses": 56786000000,
    "interestIncome": 36000000,
    "interestExpense": 254000000,
    "depreciationAndAmortization": 811000000,
    "ebitda": 4176000000,
    "ebitdaratio": 0.0693054518,
    "operatingIncome": 3351000000,
    "operatingIncomeRatio": 0.055613642,
    "totalOtherIncomeExpensesNet": -228000000,
    "incomeBeforeTax": 3127000000,
    "incomeBeforeTaxRatio": 0.0518961082,
    "incomeTaxExpense": 1092000000,
    "netIncome": 2019000000,
    "netIncomeRatio": 0.0335075927,
    "eps": 0.15,
    "epsdiluted": 0.15,
    "weightedAverageShsOut": 13314000000,
    "weightedAverageShsOutDil": 13356000000,
    "link": "https://www.sec.gov/Archives/edgar/data/104169/000010416902000018/0000104169-02-000018-index.htm",
    "finalLink": "https://www.sec.gov/Archives/edgar/data/104169/000010416902000018/final10q.htm"
  },
  {
    "date": "2002-04-30",
    "symbol": "WMT",
    "reportedCurrency": "USD",
    "cik": "0000104169",
    "fillingDate": "2002-06-10",
    "acceptedDate": "2002-06-10 15:56:10",
    "calendarYear": "2002",
    "period": "Q1",
    "revenue": 52126000000,
    "costOfRevenue": 43059000000,
    "grossProfit": 12295000000,
    "grossProfitRatio": 0.2358707747,
    "researchAndDevelopmentExpenses": 0,
    "generalAndAdministrativeExpenses": 0,
    "sellingAndMarketingExpenses": 0,
    "sellingGeneralAndAdministrativeExpenses": 9454000000,
    "otherExpenses": 0,
    "operatingExpenses": 9454000000,
    "costAndExpenses": 52512000000,
    "interestIncome": 29000000,
    "interestExpense": 281000000,
    "depreciationAndAmortization": 788000000,
    "ebitda": 3599000000,
    "ebitdaratio": 0.069044239,
    "operatingIncome": 2789000000,
    "operatingIncomeRatio": 0.0535049687,
    "totalOtherIncomeExpensesNet": -256000000,
    "incomeBeforeTax": 2537000000,
    "incomeBeforeTaxRatio": 0.0486705291,
    "incomeTaxExpense": 900000000,
    "netIncome": 1631000000,
    "netIncomeRatio": 0.0312895676,
    "eps": 0.12,
    "epsdiluted": 0.12,
    "weightedAverageShsOut": 13356000000,
    "weightedAverageShsOutDil": 13404000000,
    "link": "https://www.sec.gov/Archives/edgar/data/104169/000010416902000009/0000104169-02-000009-index.htm",
    "finalLink": "https://www.sec.gov/Archives/edgar/data/104169/000010416902000009/final10q.htm"
  },
  {
    "date": "2002-01-31",
    "symbol": "WMT",
    "reportedCurrency": "USD",
    "cik": "0000104169",
    "fillingDate": "2002-04-15",
    "acceptedDate": "2002-04-15 00:00:00",
    "calendarYear": "2001",
    "period": "Q4",
    "revenue": 64765000000,
    "costOfRevenue": 50912000000,
    "grossProfit": 13853000000,
    "grossProfitRatio": 0.2138963947,
    "researchAndDevelopmentExpenses": 0,
    "generalAndAdministrativeExpenses": 0,
    "sellingAndMarketingExpenses": 0,
    "sellingGeneralAndAdministrativeExpenses": 10024000000,
    "otherExpenses": 0,
    "operatingExpenses": 10024000000,
    "costAndExpenses": 60936000000,
    "interestIncome": 0,
    "interestExpense": 300000000,
    "depreciationAndAmortization": 1002000000,
    "ebitda": 4831000000,
    "ebitdaratio": 0.0745927584,
    "operatingIncome": 5288000000,
    "operatingIncomeRatio": 0.0816490388,
    "totalOtherIncomeExpensesNet": -1759000000,
    "incomeBeforeTax": 3529000000,
    "incomeBeforeTaxRatio": 0.0544893075,
    "incomeTaxExpense": 1261000000,
    "netIncome": 2189000000,
    "netIncomeRatio": 0.0337991199,
    "eps": 0.16,
    "epsdiluted": 0.16,
    "weightedAverageShsOut": 13356000000,
    "weightedAverageShsOutDil": 13404000000,
    "link": "https://www.sec.gov/Archives/edgar/data/104169/000010416902000004/0000104169-02-000004-index.htm",
    "finalLink": "https://www.sec.gov/Archives/edgar/data/104169/000010416902000004/final10-k.htm"
  },
  {
    "date": "2001-10-31",
    "symbol": "WMT",
    "reportedCurrency": "USD",
    "cik": "0000104169",
    "fillingDate": "2001-11-29",
    "acceptedDate": "2001-11-29 00:00:00",
    "calendarYear": "2001",
    "period": "Q3",
    "revenue": 53186000000,
    "costOfRevenue": 41388000000,
    "grossProfit": 11350000000,
    "grossProfitRatio": 0.2134020231,
    "researchAndDevelopmentExpenses": 0,
    "generalAndAdministrativeExpenses": 0,
    "sellingAndMarketingExpenses": 0,
    "sellingGeneralAndAdministrativeExpenses": 9114000000,
    "otherExpenses": 0,
    "operatingExpenses": 9114000000,
    "costAndExpenses": 50502000000,
    "interestIncome": 27000000,
    "interestExpense": 322000000,
    "depreciationAndAmortization": 807000000,
    "ebitda": 3527000000,
    "ebitdaratio": 0.0663144437,
    "operatingIncome": 2685000000,
    "operatingIncomeRatio": 0.0504832099,
    "totalOtherIncomeExpensesNet": -295000000,
    "incomeBeforeTax": 2390000000,
    "incomeBeforeTaxRatio": 0.0449366375,
    "incomeTaxExpense": 872000000,
    "netIncome": 1481000000,
    "netIncomeRatio": 0.0278456737,
    "eps": 0.11,
    "epsdiluted": 0.11,
    "weightedAverageShsOut": 13398000000,
    "weightedAverageShsOutDil": 13443000000,
    "link": "https://www.sec.gov/Archives/edgar/data/104169/000010416901500023/0000104169-01-500023-index.htm",
    "finalLink": "https://www.sec.gov/Archives/edgar/data/104169/000010416901500023/final10q.htm"
  },
  {
    "date": "2001-07-31",
    "symbol": "WMT",
    "reportedCurrency": "USD",
    "cik": "0000104169",
    "fillingDate": "2001-09-04",
    "acceptedDate": "2001-09-04 00:00:00",
    "calendarYear": "2001",
    "period": "Q2",
    "revenue": 53269000000,
    "costOfRevenue": 41412000000,
    "grossProfit": 11387000000,
    "grossProfitRatio": 0.2137641029,
    "researchAndDevelopmentExpenses": 0,
    "generalAndAdministrativeExpenses": 0,
    "sellingAndMarketingExpenses": 0,
    "sellingGeneralAndAdministrativeExpenses": 8893000000,
    "otherExpenses": 0,
    "operatingExpenses": 8893000000,
    "costAndExpenses": 50305000000,
    "interestIncome": 0,
    "interestExpense": 351000000,
    "depreciationAndAmortization": 730000000,
    "ebitda": 3694000000,
    "ebitdaratio": 0.0693461488,
    "operatingIncome": 2494000000,
    "operatingIncomeRatio": 0.0468189754,
    "totalOtherIncomeExpensesNet": 119000000,
    "incomeBeforeTax": 2613000000,
    "incomeBeforeTaxRatio": 0.0490529201,
    "incomeTaxExpense": 954000000,
    "netIncome": 1622000000,
    "netIncomeRatio": 0.0304492294,
    "eps": 0.12,
    "epsdiluted": 0.12,
    "weightedAverageShsOut": 13410000000,
    "weightedAverageShsOutDil": 13458000000,
    "link": "https://www.sec.gov/Archives/edgar/data/104169/000010416901500019/0000104169-01-500019-index.htm",
    "finalLink": "https://www.sec.gov/Archives/edgar/data/104169/000010416901500019/final10q.htm"
  },
  {
    "date": "2001-04-30",
    "symbol": "WMT",
    "reportedCurrency": "USD",
    "cik": "0000104169",
    "fillingDate": "2001-06-05",
    "acceptedDate": "2001-06-05 00:00:00",
    "calendarYear": "2001",
    "period": "Q1",
    "revenue": 48565000000,
    "costOfRevenue": 37850000000,
    "grossProfit": 10202000000,
    "grossProfitRatio": 0.2100689797,
    "researchAndDevelopmentExpenses": 0,
    "generalAndAdministrativeExpenses": 0,
    "sellingAndMarketingExpenses": 0,
    "sellingGeneralAndAdministrativeExpenses": 8143000000,
    "otherExpenses": 0,
    "operatingExpenses": 8143000000,
    "costAndExpenses": 45993000000,
    "interestIncome": 0,
    "interestExpense": 352000000,
    "depreciationAndAmortization": 751000000,
    "ebitda": 3323000000,
    "ebitdaratio": 0.068423762,
    "operatingIncome": 2059000000,
    "operatingIncomeRatio": 0.0423967878,
    "totalOtherIncomeExpensesNet": 161000000,
    "incomeBeforeTax": 2220000000,
    "incomeBeforeTaxRatio": 0.0457119325,
    "incomeTaxExpense": 810000000,
    "netIncome": 1380000000,
    "netIncomeRatio": 0.0284155256,
    "eps": 0.1,
    "epsdiluted": 0.1,
    "weightedAverageShsOut": 13413000000,
    "weightedAverageShsOutDil": 13461000000,
    "link": "https://www.sec.gov/Archives/edgar/data/104169/000010416901500009/0000104169-01-500009-index.htm",
    "finalLink": "https://www.sec.gov/Archives/edgar/data/104169/000010416901500009/final10q.htm"
  },
  {
    "date": "2001-01-31",
    "symbol": "WMT",
    "reportedCurrency": "USD",
    "cik": "0000104169",
    "fillingDate": "2001-04-10",
    "acceptedDate": "2001-04-10 00:00:00",
    "calendarYear": "2000",
    "period": "Q4",
    "revenue": 57079000000,
    "costOfRevenue": 44852000000,
    "grossProfit": 12227000000,
    "grossProfitRatio": 0.2142118818,
    "researchAndDevelopmentExpenses": 0,
    "generalAndAdministrativeExpenses": 0,
    "sellingAndMarketingExpenses": 0,
    "sellingGeneralAndAdministrativeExpenses": 8688000000,
    "otherExpenses": 0,
    "operatingExpenses": 8688000000,
    "costAndExpenses": 53540000000,
    "interestIncome": 0,
    "interestExpense": 326000000,
    "depreciationAndAmortization": 854000000,
    "ebitda": 4393000000,
    "ebitdaratio": 0.0769635067,
    "operatingIncome": 3016000000,
    "operatingIncomeRatio": 0.0528390476,
    "totalOtherIncomeExpensesNet": 197000000,
    "incomeBeforeTax": 3213000000,
    "incomeBeforeTaxRatio": 0.0562904045,
    "incomeTaxExpense": 1152000000,
    "netIncome": 2004000000,
    "netIncomeRatio": 0.0351092346,
    "eps": 0.15,
    "epsdiluted": 0.15,
    "weightedAverageShsOut": 13413000000,
    "weightedAverageShsOutDil": 13461000000,
    "link": "https://www.sec.gov/Archives/edgar/data/104169/000102140801500118/0001021408-01-500118-index.htm",
    "finalLink": "https://www.sec.gov/Archives/edgar/data/104169/000102140801500118/d10k.htm"
  },
  {
    "date": "2000-10-31",
    "symbol": "WMT",
    "reportedCurrency": "USD",
    "cik": "0000104169",
    "fillingDate": "2000-11-30",
    "acceptedDate": "2000-11-30 00:00:00",
    "calendarYear": "2000",
    "period": "Q3",
    "revenue": 45676000000,
    "costOfRevenue": 35694000000,
    "grossProfit": 10487000000,
    "grossProfitRatio": 0.2295954112,
    "researchAndDevelopmentExpenses": 0,
    "generalAndAdministrativeExpenses": 0,
    "sellingAndMarketingExpenses": 0,
    "sellingGeneralAndAdministrativeExpenses": 7918000000,
    "otherExpenses": 0,
    "operatingExpenses": 8423000000,
    "costAndExpenses": 44117000000,
    "interestIncome": 0,
    "interestExpense": 375000000,
    "depreciationAndAmortization": 683000000,
    "ebitda": 3252000000,
    "ebitdaratio": 0.0711971276,
    "operatingIncome": 2064000000,
    "operatingIncomeRatio": 0.0451878448,
    "totalOtherIncomeExpensesNet": 130000000,
    "incomeBeforeTax": 2194000000,
    "incomeBeforeTaxRatio": 0.0480339785,
    "incomeTaxExpense": 807000000,
    "netIncome": 1369000000,
    "netIncomeRatio": 0.0299719765,
    "eps": 0.1,
    "epsdiluted": 0.1,
    "weightedAverageShsOut": 13404000000,
    "weightedAverageShsOutDil": 13461000000,
    "link": "https://www.sec.gov/Archives/edgar/data/104169/000010416900000010/0000104169-00-000010-index.htm",
    "finalLink": "https://www.sec.gov/Archives/edgar/data/104169/000010416900000010/0000104169-00-000010-0001.htm"
  },
  {
    "date": "2000-07-31",
    "symbol": "WMT",
    "reportedCurrency": "USD",
    "cik": "0000104169",
    "fillingDate": "2000-08-25",
    "acceptedDate": "2000-08-25 00:00:00",
    "calendarYear": "2000",
    "period": "Q2",
    "revenue": 46112000000,
    "costOfRevenue": 36044000000,
    "grossProfit": 10544000000,
    "grossProfitRatio": 0.2286606523,
    "researchAndDevelopmentExpenses": 0,
    "generalAndAdministrativeExpenses": 0,
    "sellingAndMarketingExpenses": 0,
    "sellingGeneralAndAdministrativeExpenses": 7625000000,
    "otherExpenses": 0,
    "operatingExpenses": 8101000000,
    "costAndExpenses": 44145000000,
    "interestIncome": 0,
    "interestExpense": 344000000,
    "depreciationAndAmortization": 675000000,
    "ebitda": 3594000000,
    "ebitdaratio": 0.0779406662,
    "operatingIncome": 2443000000,
    "operatingIncomeRatio": 0.0529797016,
    "totalOtherIncomeExpensesNet": 132000000,
    "incomeBeforeTax": 2575000000,
    "incomeBeforeTaxRatio": 0.055842297,
    "incomeTaxExpense": 948000000,
    "netIncome": 1596000000,
    "netIncomeRatio": 0.034611381,
    "eps": 0.12,
    "epsdiluted": 0.12,
    "weightedAverageShsOut": 13395000000,
    "weightedAverageShsOutDil": 13461000000,
    "link": "https://www.sec.gov/Archives/edgar/data/104169/000010416900000009/0000104169-00-000009-index.htm",
    "finalLink": "https://www.sec.gov/Archives/edgar/data/104169/000010416900000009/0000104169-00-000009-0001.htm"
  },
  {
    "date": "2000-04-30",
    "symbol": "WMT",
    "reportedCurrency": "USD",
    "cik": "0000104169",
    "fillingDate": "2000-06-08",
    "acceptedDate": "2000-06-08 00:00:00",
    "calendarYear": "2000",
    "period": "Q1",
    "revenue": 43447000000,
    "costOfRevenue": 33665000000,
    "grossProfit": 9782000000,
    "grossProfitRatio": 0.2251478813,
    "researchAndDevelopmentExpenses": 0,
    "generalAndAdministrativeExpenses": 0,
    "sellingAndMarketingExpenses": 0,
    "sellingGeneralAndAdministrativeExpenses": 7318000000,
    "otherExpenses": 0,
    "operatingExpenses": 5888000000,
    "costAndExpenses": 40003000000,
    "interestIncome": 0,
    "interestExpense": 330000000,
    "depreciationAndAmortization": 656000000,
    "ebitda": 3120000000,
    "ebitdaratio": 0.0718116326,
    "operatingIncome": 2002000000,
    "operatingIncomeRatio": 0.0460791309,
    "totalOtherIncomeExpensesNet": 132000000,
    "incomeBeforeTax": 2134000000,
    "incomeBeforeTaxRatio": 0.0491173153,
    "incomeTaxExpense": 785000000,
    "netIncome": 1326000000,
    "netIncomeRatio": 0.0305199438,
    "eps": 0.099,
    "epsdiluted": 0.099,
    "weightedAverageShsOut": 13371000000,
    "weightedAverageShsOutDil": 13434000000,
    "link": "https://www.sec.gov/Archives/edgar/data/104169/000010416900000004/0000104169-00-000004-index.htm",
    "finalLink": "https://www.sec.gov/Archives/edgar/data/104169/000010416900000004/0000104169-00-000004-0001.htm"
  },
  {
    "date": "2000-01-31",
    "symbol": "WMT",
    "reportedCurrency": "USD",
    "cik": "0000104169",
    "fillingDate": "2000-04-17",
    "acceptedDate": "2000-04-17 00:00:00",
    "calendarYear": "1999",
    "period": "Q4",
    "revenue": 51869000000,
    "costOfRevenue": 40694000000,
    "grossProfit": 11175000000,
    "grossProfitRatio": 0.2154466059,
    "researchAndDevelopmentExpenses": 0,
    "generalAndAdministrativeExpenses": 0,
    "sellingAndMarketingExpenses": 0,
    "sellingGeneralAndAdministrativeExpenses": 7672000000,
    "otherExpenses": 0,
    "operatingExpenses": 8147000000,
    "costAndExpenses": 48841000000,
    "interestIncome": 0,
    "interestExpense": 323000000,
    "depreciationAndAmortization": 763000000,
    "ebitda": 4266000000,
    "ebitdaratio": 0.0822456573,
    "operatingIncome": 3028000000,
    "operatingIncomeRatio": 0.0583778365,
    "totalOtherIncomeExpensesNet": 152000000,
    "incomeBeforeTax": 3180000000,
    "incomeBeforeTaxRatio": 0.0613082959,
    "incomeTaxExpense": 1178000000,
    "netIncome": 1917000000,
    "netIncomeRatio": 0.0369584916,
    "eps": 0.14,
    "epsdiluted": 0.14,
    "weightedAverageShsOut": 13371000000,
    "weightedAverageShsOutDil": 13434000000,
    "link": "https://www.sec.gov/Archives/edgar/data/104169/000010416900000002/0000104169-00-000002-index.html",
    "finalLink": "https://www.sec.gov/Archives/edgar/data/104169/000010416900000002/0000104169-00-000002-d1.html"
  },
  {
    "date": "1999-10-31",
    "symbol": "WMT",
    "reportedCurrency": "USD",
    "cik": "0000104169",
    "fillingDate": "1999-12-15",
    "acceptedDate": "1999-12-15 00:00:00",
    "calendarYear": "1999",
    "period": "Q3",
    "revenue": 40907000000,
    "costOfRevenue": 31606000000,
    "grossProfit": 9301000000,
    "grossProfitRatio": 0.2273693989,
    "researchAndDevelopmentExpenses": 0,
    "generalAndAdministrativeExpenses": 0,
    "sellingAndMarketingExpenses": 0,
    "sellingGeneralAndAdministrativeExpenses": 6907000000,
    "otherExpenses": 0,
    "operatingExpenses": 7373000000,
    "costAndExpenses": 38979000000,
    "interestIncome": 0,
    "interestExpense": 317000000,
    "depreciationAndAmortization": 556000000,
    "ebitda": 2941000000,
    "ebitdaratio": 0.0718947857,
    "operatingIncome": 1919000000,
    "operatingIncomeRatio": 0.0469112866,
    "totalOtherIncomeExpensesNet": 149000000,
    "incomeBeforeTax": 2068000000,
    "incomeBeforeTaxRatio": 0.050553695,
    "incomeTaxExpense": 757000000,
    "netIncome": 1299000000,
    "netIncomeRatio": 0.0317549564,
    "eps": 0.097,
    "epsdiluted": 0.097,
    "weightedAverageShsOut": 13362000000,
    "weightedAverageShsOutDil": 13425000000,
    "link": "https://www.sec.gov/Archives/edgar/data/104169/000010416999000008/0000104169-99-000008-index.html",
    "finalLink": "https://www.sec.gov/Archives/edgar/data/104169/000010416999000008/0000104169-99-000008-d1.html"
  },
  {
    "date": "1999-07-31",
    "symbol": "WMT",
    "reportedCurrency": "USD",
    "cik": "0000104169",
    "fillingDate": "1999-09-10",
    "acceptedDate": "1999-09-10 00:00:00",
    "calendarYear": "1999",
    "period": "Q2",
    "revenue": 38910000000,
    "costOfRevenue": 30123000000,
    "grossProfit": 8787000000,
    "grossProfitRatio": 0.2258288358,
    "researchAndDevelopmentExpenses": 0,
    "generalAndAdministrativeExpenses": 0,
    "sellingAndMarketingExpenses": 0,
    "sellingGeneralAndAdministrativeExpenses": 6573000000,
    "otherExpenses": 0,
    "operatingExpenses": 6573000000,
    "costAndExpenses": 36696000000,
    "interestIncome": 0,
    "interestExpense": 191000000,
    "depreciationAndAmortization": 526000000,
    "ebitda": 2743000000,
    "ebitdaratio": 0.0704960164,
    "operatingIncome": 1774000000,
    "operatingIncomeRatio": 0.0455923927,
    "totalOtherIncomeExpensesNet": 252000000,
    "incomeBeforeTax": 2026000000,
    "incomeBeforeTaxRatio": 0.0520688769,
    "incomeTaxExpense": 740000000,
    "netIncome": 1249000000,
    "netIncomeRatio": 0.0320997173,
    "eps": 0.094,
    "epsdiluted": 0.093,
    "weightedAverageShsOut": 13350000000,
    "weightedAverageShsOutDil": 13419000000,
    "link": "https://www.sec.gov/Archives/edgar/data/104169/000010416999000006/0000104169-99-000006-index.html",
    "finalLink": "https://www.sec.gov/Archives/edgar/data/104169/000010416999000006/0000104169-99-000006-d1.html"
  },
  {
    "date": "1999-04-30",
    "symbol": "WMT",
    "reportedCurrency": "USD",
    "cik": "0000104169",
    "fillingDate": "1999-06-07",
    "acceptedDate": "1999-06-07 00:00:00",
    "calendarYear": "1999",
    "period": "Q1",
    "revenue": 35123000000,
    "costOfRevenue": 27241000000,
    "grossProfit": 7882000000,
    "grossProfitRatio": 0.2244113544,
    "researchAndDevelopmentExpenses": 0,
    "generalAndAdministrativeExpenses": 0,
    "sellingAndMarketingExpenses": 0,
    "sellingGeneralAndAdministrativeExpenses": 5888000000,
    "otherExpenses": 0,
    "operatingExpenses": 6300000000,
    "costAndExpenses": 33541000000,
    "interestIncome": 0,
    "interestExpense": 191000000,
    "depreciationAndAmortization": 530000000,
    "ebitda": 2530000000,
    "ebitdaratio": 0.0720325712,
    "operatingIncome": 1588000000,
    "operatingIncomeRatio": 0.0452125388,
    "totalOtherIncomeExpensesNet": 221000000,
    "incomeBeforeTax": 1809000000,
    "incomeBeforeTaxRatio": 0.051504712,
    "incomeTaxExpense": 662000000,
    "netIncome": 1110000000,
    "netIncomeRatio": 0.031603223,
    "eps": 0.069,
    "epsdiluted": 0.0667,
    "weightedAverageShsOut": 13347000000,
    "weightedAverageShsOutDil": 13416000000,
    "link": "https://www.sec.gov/Archives/edgar/data/104169/000010416999000003/0000104169-99-000003-index.html",
    "finalLink": "https://www.sec.gov/Archives/edgar/data/104169/000010416999000003/"
  },
  {
    "date": "1999-01-31",
    "symbol": "WMT",
    "reportedCurrency": "USD",
    "cik": "0000104169",
    "fillingDate": "1999-04-19",
    "acceptedDate": "1999-04-19 00:00:00",
    "calendarYear": "1998",
    "period": "Q4",
    "revenue": 41247000000,
    "costOfRevenue": 32397000000,
    "grossProfit": 8850000000,
    "grossProfitRatio": 0.214561059,
    "researchAndDevelopmentExpenses": 0,
    "generalAndAdministrativeExpenses": 0,
    "sellingAndMarketingExpenses": 0,
    "sellingGeneralAndAdministrativeExpenses": 6022000000,
    "otherExpenses": 0,
    "operatingExpenses": 6484000000,
    "costAndExpenses": 38881000000,
    "interestIncome": 0,
    "interestExpense": 216000000,
    "depreciationAndAmortization": 472000000,
    "ebitda": 3300000000,
    "ebitdaratio": 0.0800058186,
    "operatingIncome": 2366000000,
    "operatingIncomeRatio": 0.0573617475,
    "totalOtherIncomeExpensesNet": 246000000,
    "incomeBeforeTax": 2612000000,
    "incomeBeforeTaxRatio": 0.0633258176,
    "incomeTaxExpense": 997000000,
    "netIncome": 1559000000,
    "netIncomeRatio": 0.0377966882,
    "eps": 0.12,
    "epsdiluted": 0.12,
    "weightedAverageShsOut": 13347000000,
    "weightedAverageShsOutDil": 13416000000,
    "link": "https://www.sec.gov/Archives/edgar/data/104169/000010416999000002/0000104169-99-000002-index.html",
    "finalLink": "https://www.sec.gov/Archives/edgar/data/104169/"
  },
  {
    "date": "1998-10-31",
    "symbol": "WMT",
    "reportedCurrency": "USD",
    "cik": "0000104169",
    "fillingDate": "1998-12-14",
    "acceptedDate": "1998-12-14 00:00:00",
    "calendarYear": "1998",
    "period": "Q3",
    "revenue": 33924000000,
    "costOfRevenue": 26380000000,
    "grossProfit": 7544000000,
    "grossProfitRatio": 0.2223794364,
    "researchAndDevelopmentExpenses": 0,
    "generalAndAdministrativeExpenses": 0,
    "sellingAndMarketingExpenses": 0,
    "sellingGeneralAndAdministrativeExpenses": 5691000000,
    "otherExpenses": 0,
    "operatingExpenses": 6106000000,
    "costAndExpenses": 32486000000,
    "interestIncome": 0,
    "interestExpense": 202000000,
    "depreciationAndAmortization": 515000000,
    "ebitda": 2368000000,
    "ebitdaratio": 0.0698030893,
    "operatingIncome": 1438000000,
    "operatingIncomeRatio": 0.0423888692,
    "totalOtherIncomeExpensesNet": 213000000,
    "incomeBeforeTax": 1651000000,
    "incomeBeforeTaxRatio": 0.04866761,
    "incomeTaxExpense": 611000000,
    "netIncome": 1009000000,
    "netIncomeRatio": 0.0297429548,
    "eps": 0.075,
    "epsdiluted": 0.075,
    "weightedAverageShsOut": 13389000000,
    "weightedAverageShsOutDil": 13479000000,
    "link": "https://www.sec.gov/Archives/edgar/data/104169/000010416998000009/0000104169-98-000009-index.html",
    "finalLink": "https://www.sec.gov/Archives/edgar/data/104169/"
  },
  {
    "date": "1998-07-31",
    "symbol": "WMT",
    "reportedCurrency": "USD",
    "cik": "0000104169",
    "fillingDate": "1998-09-14",
    "acceptedDate": "1998-09-14 00:00:00",
    "calendarYear": "1998",
    "period": "Q2",
    "revenue": 33880000000,
    "costOfRevenue": 26422000000,
    "grossProfit": 7458000000,
    "grossProfitRatio": 0.2201298701,
    "researchAndDevelopmentExpenses": 0,
    "generalAndAdministrativeExpenses": 0,
    "sellingAndMarketingExpenses": 0,
    "sellingGeneralAndAdministrativeExpenses": 5577000000,
    "otherExpenses": 0,
    "operatingExpenses": 5936000000,
    "costAndExpenses": 32358000000,
    "interestIncome": 0,
    "interestExpense": 185000000,
    "depreciationAndAmortization": 444000000,
    "ebitda": 2325000000,
    "ebitdaratio": 0.0686245573,
    "operatingIncome": 1522000000,
    "operatingIncomeRatio": 0.0449232586,
    "totalOtherIncomeExpensesNet": 174000000,
    "incomeBeforeTax": 1696000000,
    "incomeBeforeTaxRatio": 0.0500590319,
    "incomeTaxExpense": 627000000,
    "netIncome": 1034000000,
    "netIncomeRatio": 0.0305194805,
    "eps": 0.077,
    "epsdiluted": 0.077,
    "weightedAverageShsOut": 13416000000,
    "weightedAverageShsOutDil": 13515000000,
    "link": "https://www.sec.gov/Archives/edgar/data/104169/000010416998000008/0000104169-98-000008-index.html",
    "finalLink": "https://www.sec.gov/Archives/edgar/data/104169/"
  },
  {
    "date": "1998-04-30",
    "symbol": "WMT",
    "reportedCurrency": "USD",
    "cik": "0000104169",
    "fillingDate": "1998-06-15",
    "acceptedDate": "1998-06-15 00:00:00",
    "calendarYear": "1998",
    "period": "Q1",
    "revenue": 30157000000,
    "costOfRevenue": 23526000000,
    "grossProfit": 6631000000,
    "grossProfitRatio": 0.2198826143,
    "researchAndDevelopmentExpenses": 0,
    "generalAndAdministrativeExpenses": 0,
    "sellingAndMarketingExpenses": 0,
    "sellingGeneralAndAdministrativeExpenses": 5073000000,
    "otherExpenses": 0,
    "operatingExpenses": 5411000000,
    "costAndExpenses": 28937000000,
    "interestIncome": 0,
    "interestExpense": 194000000,
    "depreciationAndAmortization": 441000000,
    "ebitda": 1999000000,
    "ebitdaratio": 0.0662864343,
    "operatingIncome": 1220000000,
    "operatingIncomeRatio": 0.0404549524,
    "totalOtherIncomeExpensesNet": 144000000,
    "incomeBeforeTax": 1364000000,
    "incomeBeforeTaxRatio": 0.0452299632,
    "incomeTaxExpense": 505000000,
    "netIncome": 828000000,
    "netIncomeRatio": 0.027456312,
    "eps": 0.062,
    "epsdiluted": 0.061,
    "weightedAverageShsOut": 13446000000,
    "weightedAverageShsOutDil": 13530000000,
    "link": "https://www.sec.gov/Archives/edgar/data/104169/000010416998000005/0000104169-98-000005-index.html",
    "finalLink": "https://www.sec.gov/Archives/edgar/data/104169/"
  },
  {
    "date": "1998-01-31",
    "symbol": "WMT",
    "reportedCurrency": "USD",
    "cik": "0000104169",
    "fillingDate": "1998-04-23",
    "acceptedDate": "1998-04-23 00:00:00",
    "calendarYear": "1997",
    "period": "Q4",
    "revenue": 35773000000,
    "costOfRevenue": 28153000000,
    "grossProfit": 7620000000,
    "grossProfitRatio": 0.2130098119,
    "researchAndDevelopmentExpenses": 0,
    "generalAndAdministrativeExpenses": 0,
    "sellingAndMarketingExpenses": 0,
    "sellingGeneralAndAdministrativeExpenses": 5300000000,
    "otherExpenses": 0,
    "operatingExpenses": 5687000000,
    "costAndExpenses": 33840000000,
    "interestIncome": 0,
    "interestExpense": 205000000,
    "depreciationAndAmortization": 456000000,
    "ebitda": 2776000000,
    "ebitdaratio": 0.0776004249,
    "operatingIncome": 1933000000,
    "operatingIncomeRatio": 0.0540351662,
    "totalOtherIncomeExpensesNet": 182000000,
    "incomeBeforeTax": 2115000000,
    "incomeBeforeTaxRatio": 0.0591228021,
    "incomeTaxExpense": 782000000,
    "netIncome": 1287000000,
    "netIncomeRatio": 0.0359768541,
    "eps": 0.096,
    "epsdiluted": 0.095,
    "weightedAverageShsOut": 13446000000,
    "weightedAverageShsOutDil": 13530000000,
    "link": "https://www.sec.gov/Archives/edgar/data/104169/000010416998000003/0000104169-98-000003-index.html",
    "finalLink": "https://www.sec.gov/Archives/edgar/data/104169/"
  },
  {
    "date": "1997-10-31",
    "symbol": "WMT",
    "reportedCurrency": "USD",
    "cik": "0000104169",
    "fillingDate": "1997-12-10",
    "acceptedDate": "1997-12-10 00:00:00",
    "calendarYear": "1997",
    "period": "Q3",
    "revenue": 29118000000,
    "costOfRevenue": 22680000000,
    "grossProfit": 6438000000,
    "grossProfitRatio": 0.2211003503,
    "researchAndDevelopmentExpenses": 0,
    "generalAndAdministrativeExpenses": 0,
    "sellingAndMarketingExpenses": 0,
    "sellingGeneralAndAdministrativeExpenses": 4958000000,
    "otherExpenses": 0,
    "operatingExpenses": 5308000000,
    "costAndExpenses": 27988000000,
    "interestIncome": 0,
    "interestExpense": 198000000,
    "depreciationAndAmortization": 408000000,
    "ebitda": 1897000000,
    "ebitdaratio": 0.0651487053,
    "operatingIncome": 1139000000,
    "operatingIncomeRatio": 0.0391166976,
    "totalOtherIncomeExpensesNet": 143000000,
    "incomeBeforeTax": 1291000000,
    "incomeBeforeTaxRatio": 0.0443368363,
    "incomeTaxExpense": 474000000,
    "netIncome": 792000000,
    "netIncomeRatio": 0.0271996703,
    "eps": 0.0583,
    "epsdiluted": 0.0583,
    "weightedAverageShsOut": 13518000000,
    "weightedAverageShsOutDil": 13578000000,
    "link": "https://www.sec.gov/Archives/edgar/data/104169/000010416997000008/0000104169-97-000008-index.html",
    "finalLink": "https://www.sec.gov/Archives/edgar/data/104169/"
  },
  {
    "date": "1997-07-31",
    "symbol": "WMT",
    "reportedCurrency": "USD",
    "cik": "0000104169",
    "fillingDate": "1997-09-09",
    "acceptedDate": "1997-09-09 00:00:00",
    "calendarYear": "1997",
    "period": "Q2",
    "revenue": 28699000000,
    "costOfRevenue": 22478000000,
    "grossProfit": 6221000000,
    "grossProfitRatio": 0.2167671347,
    "researchAndDevelopmentExpenses": 0,
    "generalAndAdministrativeExpenses": 0,
    "sellingAndMarketingExpenses": 0,
    "sellingGeneralAndAdministrativeExpenses": 4767000000,
    "otherExpenses": 0,
    "operatingExpenses": 5085000000,
    "costAndExpenses": 27563000000,
    "interestIncome": 0,
    "interestExpense": 192000000,
    "depreciationAndAmortization": 404000000,
    "ebitda": 1863000000,
    "ebitdaratio": 0.0649151538,
    "operatingIncome": 1141000000,
    "operatingIncomeRatio": 0.0397574828,
    "totalOtherIncomeExpensesNet": 126000000,
    "incomeBeforeTax": 1262000000,
    "incomeBeforeTaxRatio": 0.0439736576,
    "incomeTaxExpense": 467000000,
    "netIncome": 795000000,
    "netIncomeRatio": 0.0277013136,
    "eps": 0.0583,
    "epsdiluted": 0.0583,
    "weightedAverageShsOut": 13560000000,
    "weightedAverageShsOutDil": 13614000000,
    "link": "https://www.sec.gov/Archives/edgar/data/104169/000010416997000007/0000104169-97-000007-index.html",
    "finalLink": "https://www.sec.gov/Archives/edgar/data/104169/"
  },
  {
    "date": "1997-04-30",
    "symbol": "WMT",
    "reportedCurrency": "USD",
    "cik": "0000104169",
    "fillingDate": "1997-06-10",
    "acceptedDate": "1997-06-10 00:00:00",
    "calendarYear": "1997",
    "period": "Q1",
    "revenue": 25684000000,
    "costOfRevenue": 20127000000,
    "grossProfit": 5557000000,
    "grossProfitRatio": 0.21636038,
    "researchAndDevelopmentExpenses": 0,
    "generalAndAdministrativeExpenses": 0,
    "sellingAndMarketingExpenses": 0,
    "sellingGeneralAndAdministrativeExpenses": 4333000000,
    "otherExpenses": 0,
    "operatingExpenses": 4619000000,
    "costAndExpenses": 24746000000,
    "interestIncome": 0,
    "interestExpense": 189000000,
    "depreciationAndAmortization": 366000000,
    "ebitda": 1601000000,
    "ebitdaratio": 0.0623345273,
    "operatingIncome": 949000000,
    "operatingIncomeRatio": 0.0369490734,
    "totalOtherIncomeExpensesNet": 97000000,
    "incomeBeforeTax": 1046000000,
    "incomeBeforeTaxRatio": 0.0407257437,
    "incomeTaxExpense": 383000000,
    "netIncome": 652000000,
    "netIncomeRatio": 0.025385454,
    "eps": 0.048,
    "epsdiluted": 0.048,
    "weightedAverageShsOut": 13656000000,
    "weightedAverageShsOutDil": 13686000000,
    "link": "https://www.sec.gov/Archives/edgar/data/104169/000010416997000004/0000104169-97-000004-index.html",
    "finalLink": "https://www.sec.gov/Archives/edgar/data/104169/"
  },
  {
    "date": "1997-01-31",
    "symbol": "WMT",
    "reportedCurrency": "USD",
    "cik": "0000104169",
    "fillingDate": "1997-04-21",
    "acceptedDate": "1997-04-21 00:00:00",
    "calendarYear": "1996",
    "period": "Q4",
    "revenue": 31223000000,
    "costOfRevenue": 24772000000,
    "grossProfit": 6451000000,
    "grossProfitRatio": 0.2066105115,
    "researchAndDevelopmentExpenses": 0,
    "generalAndAdministrativeExpenses": 0,
    "sellingAndMarketingExpenses": 0,
    "sellingGeneralAndAdministrativeExpenses": 4519000000,
    "otherExpenses": 0,
    "operatingExpenses": 4886000000,
    "costAndExpenses": 29658000000,
    "interestIncome": 0,
    "interestExpense": 195000000,
    "depreciationAndAmortization": 402000000,
    "ebitda": 2334000000,
    "ebitdaratio": 0.0747525862,
    "operatingIncome": 1565000000,
    "operatingIncomeRatio": 0.0501233065,
    "totalOtherIncomeExpensesNet": 172000000,
    "incomeBeforeTax": 1737000000,
    "incomeBeforeTaxRatio": 0.0556320661,
    "incomeTaxExpense": 642000000,
    "netIncome": 1095000000,
    "netIncomeRatio": 0.0350703007,
    "eps": 0.08,
    "epsdiluted": 0.08,
    "weightedAverageShsOut": 13656000000,
    "weightedAverageShsOutDil": 13656000000,
    "link": "https://www.sec.gov/Archives/edgar/data/104169/000010416997000003/0000104169-97-000003-index.html",
    "finalLink": "https://www.sec.gov/Archives/edgar/data/104169/"
  },
  {
    "date": "1996-10-31",
    "symbol": "WMT",
    "reportedCurrency": "USD",
    "cik": "0000104169",
    "fillingDate": "1996-12-12",
    "acceptedDate": "1996-12-12 00:00:00",
    "calendarYear": "1996",
    "period": "Q3",
    "revenue": 26077000000,
    "costOfRevenue": 20450000000,
    "grossProfit": 5627000000,
    "grossProfitRatio": 0.2157840242,
    "researchAndDevelopmentExpenses": 0,
    "generalAndAdministrativeExpenses": 0,
    "sellingAndMarketingExpenses": 0,
    "sellingGeneralAndAdministrativeExpenses": 4329000000,
    "otherExpenses": 0,
    "operatingExpenses": 4797000000,
    "costAndExpenses": 25213000000,
    "interestIncome": 0,
    "interestExpense": 212000000,
    "depreciationAndAmortization": 354000000,
    "ebitda": 1651000000,
    "ebitdaratio": 0.0633124976,
    "operatingIncome": 865000000,
    "operatingIncomeRatio": 0.0331709936,
    "totalOtherIncomeExpensesNet": 220000000,
    "incomeBeforeTax": 1086000000,
    "incomeBeforeTaxRatio": 0.0416458948,
    "incomeTaxExpense": 402000000,
    "netIncome": 684000000,
    "netIncomeRatio": 0.0262300111,
    "eps": 0.05,
    "epsdiluted": 0.05,
    "weightedAverageShsOut": 13764000000,
    "weightedAverageShsOutDil": 13764000000,
    "link": "https://www.sec.gov/Archives/edgar/data/104169/000010416996000008/0000104169-96-000008-index.html",
    "finalLink": "https://www.sec.gov/Archives/edgar/data/104169/"
  },
  {
    "date": "1996-07-31",
    "symbol": "WMT",
    "reportedCurrency": "USD",
    "cik": "0000104169",
    "fillingDate": "1996-09-10",
    "acceptedDate": "1996-09-10 00:00:00",
    "calendarYear": "1996",
    "period": "Q2",
    "revenue": 25844000000,
    "costOfRevenue": 20376000000,
    "grossProfit": 5468000000,
    "grossProfitRatio": 0.2115771552,
    "researchAndDevelopmentExpenses": 0,
    "generalAndAdministrativeExpenses": 0,
    "sellingAndMarketingExpenses": 0,
    "sellingGeneralAndAdministrativeExpenses": 4130000000,
    "otherExpenses": 0,
    "operatingExpenses": 4437000000,
    "costAndExpenses": 24773000000,
    "interestIncome": 0,
    "interestExpense": 218000000,
    "depreciationAndAmortization": 359000000,
    "ebitda": 1697000000,
    "ebitdaratio": 0.06566321,
    "operatingIncome": 1081000000,
    "operatingIncomeRatio": 0.0418278904,
    "totalOtherIncomeExpensesNet": 39000000,
    "incomeBeforeTax": 1120000000,
    "incomeBeforeTaxRatio": 0.0433369447,
    "incomeTaxExpense": 414000000,
    "netIncome": 706000000,
    "netIncomeRatio": 0.0273177527,
    "eps": 0.051,
    "epsdiluted": 0.051,
    "weightedAverageShsOut": 13764000000,
    "weightedAverageShsOutDil": 13764000000,
    "link": "https://www.sec.gov/Archives/edgar/data/104169/000010416996000007/0000104169-96-000007-index.html",
    "finalLink": "https://www.sec.gov/Archives/edgar/data/104169/"
  },
  {
    "date": "1996-04-30",
    "symbol": "WMT",
    "reportedCurrency": "USD",
    "cik": "0000104169",
    "fillingDate": "1996-06-12",
    "acceptedDate": "1996-06-12 00:00:00",
    "calendarYear": "1996",
    "period": "Q1",
    "revenue": 23001000000,
    "costOfRevenue": 18064000000,
    "grossProfit": 4937000000,
    "grossProfitRatio": 0.2146428416,
    "researchAndDevelopmentExpenses": 0,
    "generalAndAdministrativeExpenses": 0,
    "sellingAndMarketingExpenses": 0,
    "sellingGeneralAndAdministrativeExpenses": 3810000000,
    "otherExpenses": 0,
    "operatingExpenses": 4077000000,
    "costAndExpenses": 22109000000,
    "interestIncome": 0,
    "interestExpense": 220000000,
    "depreciationAndAmortization": 348000000,
    "ebitda": 1475000000,
    "ebitdaratio": 0.0641276466,
    "operatingIncome": 898000000,
    "operatingIncomeRatio": 0.0390417808,
    "totalOtherIncomeExpensesNet": 9000000,
    "incomeBeforeTax": 907000000,
    "incomeBeforeTaxRatio": 0.0394330681,
    "incomeTaxExpense": 336000000,
    "netIncome": 571000000,
    "netIncomeRatio": 0.0248250076,
    "eps": 0.0417,
    "epsdiluted": 0.0417,
    "weightedAverageShsOut": 13758000000,
    "weightedAverageShsOutDil": 13758000000,
    "link": "https://www.sec.gov/Archives/edgar/data/104169/000010416996000006/0000104169-96-000006-index.html",
    "finalLink": "https://www.sec.gov/Archives/edgar/data/104169/"
  },
  {
    "date": "1996-01-31",
    "symbol": "WMT",
    "reportedCurrency": "USD",
    "cik": "0000104169",
    "fillingDate": "1996-04-23",
    "acceptedDate": "1996-04-23 00:00:00",
    "calendarYear": "1995",
    "period": "Q4",
    "revenue": 27909000000,
    "costOfRevenue": 22097000000,
    "grossProfit": 5812000000,
    "grossProfitRatio": 0.2082482353,
    "researchAndDevelopmentExpenses": 0,
    "generalAndAdministrativeExpenses": 0,
    "sellingAndMarketingExpenses": 0,
    "sellingGeneralAndAdministrativeExpenses": 4080000000,
    "otherExpenses": 0,
    "operatingExpenses": 4439000000,
    "costAndExpenses": 26536000000,
    "interestIncome": 0,
    "interestExpense": 245000000,
    "depreciationAndAmortization": 366000000,
    "ebitda": 2098000000,
    "ebitdaratio": 0.0751728833,
    "operatingIncome": 1373000000,
    "operatingIncomeRatio": 0.0491956,
    "totalOtherIncomeExpensesNet": 114000000,
    "incomeBeforeTax": 1487000000,
    "incomeBeforeTaxRatio": 0.0532803038,
    "incomeTaxExpense": 545000000,
    "netIncome": 942000000,
    "netIncomeRatio": 0.0337525529,
    "eps": 0.068,
    "epsdiluted": 0.068,
    "weightedAverageShsOut": 13758000000,
    "weightedAverageShsOutDil": 13758000000,
    "link": "https://www.sec.gov/Archives/edgar/data/104169/000010416996000002/0000104169-96-000002-index.html",
    "finalLink": "https://www.sec.gov/Archives/edgar/data/104169/"
  },
  {
    "date": "1995-10-31",
    "symbol": "WMT",
    "reportedCurrency": "USD",
    "cik": "0000104169",
    "fillingDate": "1995-12-05",
    "acceptedDate": "1995-12-05 00:00:00",
    "calendarYear": "1995",
    "period": "Q3",
    "revenue": 23181000000,
    "costOfRevenue": 18176000000,
    "grossProfit": 5005000000,
    "grossProfitRatio": 0.2159095811,
    "researchAndDevelopmentExpenses": 0,
    "generalAndAdministrativeExpenses": 0,
    "sellingAndMarketingExpenses": 0,
    "sellingGeneralAndAdministrativeExpenses": 3801000000,
    "otherExpenses": 0,
    "operatingExpenses": 4069000000,
    "costAndExpenses": 22245000000,
    "interestIncome": 0,
    "interestExpense": 231000000,
    "depreciationAndAmortization": 334000000,
    "ebitda": 1538000000,
    "ebitdaratio": 0.0663474397,
    "operatingIncome": 936000000,
    "operatingIncomeRatio": 0.0403778957,
    "totalOtherIncomeExpensesNet": 37000000,
    "incomeBeforeTax": 973000000,
    "incomeBeforeTaxRatio": 0.0419740305,
    "incomeTaxExpense": 361000000,
    "netIncome": 612000000,
    "netIncomeRatio": 0.0264009318,
    "eps": 0.044,
    "epsdiluted": 0.044,
    "weightedAverageShsOut": 13776000000,
    "weightedAverageShsOutDil": 13776000000,
    "link": "https://www.sec.gov/Archives/edgar/data/104169/000010416995000007/0000104169-95-000007-index.html",
    "finalLink": "https://www.sec.gov/Archives/edgar/data/104169/"
  }
]