[
  {
    "date": "2025-06-30",
    "symbol": "WRB",
    "reportedCurrency": "USD",
    "cik": "0000011544",
    "fillingDate": "2025-08-04",
    "acceptedDate": "2025-08-04 16:13:18",
    "calendarYear": "2025",
    "period": "Q2",
    "revenue": 3670808000,
    "costOfRevenue": 2994731000,
    "grossProfit": 676077000,
    "grossProfitRatio": 0.1841766172,
    "researchAndDevelopmentExpenses": 0,
    "generalAndAdministrativeExpenses": 0,
    "sellingAndMarketingExpenses": 0,
    "sellingGeneralAndAdministrativeExpenses": 0,
    "otherExpenses": 154214000,
    "operatingExpenses": 154214000,
    "costAndExpenses": 3148945000,
    "interestIncome": 0,
    "interestExpense": 31777000,
    "depreciationAndAmortization": -13969000,
    "ebitda": 539671000,
    "ebitdaratio": 0.147016951,
    "operatingIncome": 521863000,
    "operatingIncomeRatio": 0.142165703,
    "totalOtherIncomeExpensesNet": 0,
    "incomeBeforeTax": 521863000,
    "incomeBeforeTaxRatio": 0.142165703,
    "incomeTaxExpense": 121155000,
    "netIncome": 401288000,
    "netIncomeRatio": 0.1093187113,
    "eps": 1.01,
    "epsdiluted": 1,
    "weightedAverageShsOut": 397016000,
    "weightedAverageShsOutDil": 400368000,
    "link": "https://www.sec.gov/Archives/edgar/data/11544/000001154425000024/0000011544-25-000024-index.htm",
    "finalLink": "https://www.sec.gov/Archives/edgar/data/11544/000001154425000024/wrb-20250630.htm"
  },
  {
    "date": "2025-03-31",
    "symbol": "WRB",
    "reportedCurrency": "USD",
    "cik": "0000011544",
    "fillingDate": "2025-05-02",
    "acceptedDate": "2025-05-02 16:11:59",
    "calendarYear": "2025",
    "period": "Q1",
    "revenue": 3547399000,
    "costOfRevenue": 2762284000,
    "grossProfit": 785115000,
    "grossProfitRatio": 0.2213213118,
    "researchAndDevelopmentExpenses": 0,
    "generalAndAdministrativeExpenses": 0,
    "sellingAndMarketingExpenses": 0,
    "sellingGeneralAndAdministrativeExpenses": 0,
    "otherExpenses": 246509000,
    "operatingExpenses": 246509000,
    "costAndExpenses": 3008793000,
    "interestIncome": 0,
    "interestExpense": 31727000,
    "depreciationAndAmortization": -9786000,
    "ebitda": 560547000,
    "ebitdaratio": 0.1580163382,
    "operatingIncome": 538606000,
    "operatingIncomeRatio": 0.1518312431,
    "totalOtherIncomeExpensesNet": 0,
    "incomeBeforeTax": 538606000,
    "incomeBeforeTaxRatio": 0.1518312431,
    "incomeTaxExpense": 121257000,
    "netIncome": 417571000,
    "netIncomeRatio": 0.1177118785,
    "eps": 1.05,
    "epsdiluted": 1.04,
    "weightedAverageShsOut": 396929000,
    "weightedAverageShsOutDil": 399825000,
    "link": "https://www.sec.gov/Archives/edgar/data/11544/000001154425000009/0000011544-25-000009-index.htm",
    "finalLink": "https://www.sec.gov/Archives/edgar/data/11544/000001154425000009/wrb-20250331.htm"
  },
  {
    "date": "2024-12-31",
    "symbol": "WRB",
    "reportedCurrency": "USD",
    "cik": "0000011544",
    "fillingDate": "2025-02-24",
    "acceptedDate": "2025-02-24 16:18:40",
    "calendarYear": "2024",
    "period": "Q4",
    "revenue": 3667568000,
    "costOfRevenue": 2741589000,
    "grossProfit": 925979000,
    "grossProfitRatio": 0.2524776637,
    "researchAndDevelopmentExpenses": 0,
    "generalAndAdministrativeExpenses": 0,
    "sellingAndMarketingExpenses": 0,
    "sellingGeneralAndAdministrativeExpenses": 0,
    "otherExpenses": 197678000,
    "operatingExpenses": 197678000,
    "costAndExpenses": 2939267000,
    "interestIncome": 0,
    "interestExpense": 31751000,
    "depreciationAndAmortization": -13645000,
    "ebitda": 746407000,
    "ebitdaratio": 0.2035155176,
    "operatingIncome": 728301000,
    "operatingIncomeRatio": 0.1985787312,
    "totalOtherIncomeExpensesNet": 0,
    "incomeBeforeTax": 728301000,
    "incomeBeforeTaxRatio": 0.1985787312,
    "incomeTaxExpense": 152958000,
    "netIncome": 576101000,
    "netIncomeRatio": 0.1570798415,
    "eps": 1.45,
    "epsdiluted": 1.44,
    "weightedAverageShsOut": 398042000,
    "weightedAverageShsOutDil": 400888000,
    "link": "https://www.sec.gov/Archives/edgar/data/11544/000001154425000005/0000011544-25-000005-index.htm",
    "finalLink": "https://www.sec.gov/Archives/edgar/data/11544/000001154425000005/wrb-20241231.htm"
  },
  {
    "date": "2024-09-30",
    "symbol": "WRB",
    "reportedCurrency": "USD",
    "cik": "0000011544",
    "fillingDate": "2024-11-04",
    "acceptedDate": "2024-11-04 16:10:52",
    "calendarYear": "2024",
    "period": "Q3",
    "revenue": 3400379000,
    "costOfRevenue": 2683122000,
    "grossProfit": 717257000,
    "grossProfitRatio": 0.2109344282,
    "researchAndDevelopmentExpenses": 0,
    "generalAndAdministrativeExpenses": 0,
    "sellingAndMarketingExpenses": 0,
    "sellingGeneralAndAdministrativeExpenses": 0,
    "otherExpenses": 242808000,
    "operatingExpenses": 242808000,
    "costAndExpenses": 2925930000,
    "interestIncome": 0,
    "interestExpense": 31720000,
    "depreciationAndAmortization": -11931000,
    "ebitda": 494238000,
    "ebitdaratio": 0.1453479156,
    "operatingIncome": 474449000,
    "operatingIncomeRatio": 0.1395282702,
    "totalOtherIncomeExpensesNet": 0,
    "incomeBeforeTax": 474449000,
    "incomeBeforeTaxRatio": 0.1395282702,
    "incomeTaxExpense": 109135000,
    "netIncome": 365634000,
    "netIncomeRatio": 0.1075274256,
    "eps": 0.92,
    "epsdiluted": 0.91,
    "weightedAverageShsOut": 398338000,
    "weightedAverageShsOutDil": 401817000,
    "link": "https://www.sec.gov/Archives/edgar/data/11544/000001154424000028/0000011544-24-000028-index.htm",
    "finalLink": "https://www.sec.gov/Archives/edgar/data/11544/000001154424000028/wrb-20240930.htm"
  },
  {
    "date": "2024-06-30",
    "symbol": "WRB",
    "reportedCurrency": "USD",
    "cik": "0000011544",
    "fillingDate": "2024-08-02",
    "acceptedDate": "2024-08-02 16:11:08",
    "calendarYear": "2024",
    "period": "Q2",
    "revenue": 3314032000,
    "costOfRevenue": 2615677000,
    "grossProfit": 698355000,
    "grossProfitRatio": 0.2107266918,
    "researchAndDevelopmentExpenses": 0,
    "generalAndAdministrativeExpenses": 0,
    "sellingAndMarketingExpenses": 0,
    "sellingGeneralAndAdministrativeExpenses": 0,
    "otherExpenses": 210682000,
    "operatingExpenses": 210682000,
    "costAndExpenses": 2826359000,
    "interestIncome": 0,
    "interestExpense": 31708000,
    "depreciationAndAmortization": -64278000,
    "ebitda": 455103000,
    "ebitdaratio": 0.1373260729,
    "operatingIncome": 487673000,
    "operatingIncomeRatio": 0.1471539804,
    "totalOtherIncomeExpensesNet": 0,
    "incomeBeforeTax": 487673000,
    "incomeBeforeTaxRatio": 0.1471539804,
    "incomeTaxExpense": 115788000,
    "netIncome": 371909000,
    "netIncomeRatio": 0.1122225132,
    "eps": 0.93,
    "epsdiluted": 0.92,
    "weightedAverageShsOut": 400273000,
    "weightedAverageShsOutDil": 403737000,
    "link": "https://www.sec.gov/Archives/edgar/data/11544/000001154424000024/0000011544-24-000024-index.htm",
    "finalLink": "https://www.sec.gov/Archives/edgar/data/11544/000001154424000024/wrb-20240630.htm"
  },
  {
    "date": "2024-03-31",
    "symbol": "WRB",
    "reportedCurrency": "USD",
    "cik": "0000011544",
    "fillingDate": "2024-05-03",
    "acceptedDate": "2024-05-03 16:11:43",
    "calendarYear": "2024",
    "period": "Q1",
    "revenue": 3256773000,
    "costOfRevenue": 2476749000,
    "grossProfit": 780024000,
    "grossProfitRatio": 0.2395082494,
    "researchAndDevelopmentExpenses": 0,
    "generalAndAdministrativeExpenses": 0,
    "sellingAndMarketingExpenses": 0,
    "sellingGeneralAndAdministrativeExpenses": 0,
    "otherExpenses": 205953000,
    "operatingExpenses": 205953000,
    "costAndExpenses": 2682702000,
    "interestIncome": 0,
    "interestExpense": 31728000,
    "depreciationAndAmortization": -80784000,
    "ebitda": 525015000,
    "ebitdaratio": 0.1612071213,
    "operatingIncome": 574071000,
    "operatingIncomeRatio": 0.1762698843,
    "totalOtherIncomeExpensesNet": 0,
    "incomeBeforeTax": 574071000,
    "incomeBeforeTaxRatio": 0.1762698843,
    "incomeTaxExpense": 132036000,
    "netIncome": 442471000,
    "netIncomeRatio": 0.1358617871,
    "eps": 1.1,
    "epsdiluted": 1.09,
    "weightedAverageShsOut": 402316500,
    "weightedAverageShsOutDil": 405757500,
    "link": "https://www.sec.gov/Archives/edgar/data/11544/000001154424000012/0000011544-24-000012-index.htm",
    "finalLink": "https://www.sec.gov/Archives/edgar/data/11544/000001154424000012/wrb-20240331.htm"
  },
  {
    "date": "2023-12-31",
    "symbol": "WRB",
    "reportedCurrency": "USD",
    "cik": "0000011544",
    "fillingDate": "2024-02-23",
    "acceptedDate": "2024-02-23 16:09:29",
    "calendarYear": "2023",
    "period": "Q4",
    "revenue": 3221382000,
    "costOfRevenue": 2420087000,
    "grossProfit": 801295000,
    "grossProfitRatio": 0.2487426204,
    "researchAndDevelopmentExpenses": 0,
    "generalAndAdministrativeExpenses": 0,
    "sellingAndMarketingExpenses": 0,
    "sellingGeneralAndAdministrativeExpenses": 0,
    "otherExpenses": 300097000,
    "operatingExpenses": 300097000,
    "costAndExpenses": 2720184000,
    "interestIncome": 0,
    "interestExpense": 31879000,
    "depreciationAndAmortization": -24155000,
    "ebitda": 508922000,
    "ebitdaratio": 0.1579825056,
    "operatingIncome": 501198000,
    "operatingIncomeRatio": 0.155584777,
    "totalOtherIncomeExpensesNet": 0,
    "incomeBeforeTax": 501198000,
    "incomeBeforeTaxRatio": 0.155584777,
    "incomeTaxExpense": 102235000,
    "netIncome": 397339000,
    "netIncomeRatio": 0.1233442665,
    "eps": 0.98,
    "epsdiluted": 0.98,
    "weightedAverageShsOut": 406522500,
    "weightedAverageShsOutDil": 406522500,
    "link": "https://www.sec.gov/Archives/edgar/data/11544/000001154424000005/0000011544-24-000005-index.htm",
    "finalLink": "https://www.sec.gov/Archives/edgar/data/11544/000001154424000005/wrb-20231231.htm"
  },
  {
    "date": "2023-09-30",
    "symbol": "WRB",
    "reportedCurrency": "USD",
    "cik": "0000011544",
    "fillingDate": "2023-11-03",
    "acceptedDate": "2023-11-03 16:11:31",
    "calendarYear": "2023",
    "period": "Q3",
    "revenue": 3030638000,
    "costOfRevenue": 2404425000,
    "grossProfit": 626213000,
    "grossProfitRatio": 0.2066274494,
    "researchAndDevelopmentExpenses": 0,
    "generalAndAdministrativeExpenses": 0,
    "sellingAndMarketingExpenses": 0,
    "sellingGeneralAndAdministrativeExpenses": 0,
    "otherExpenses": 206264000,
    "operatingExpenses": 206264000,
    "costAndExpenses": 2610689000,
    "interestIncome": 0,
    "interestExpense": 31888000,
    "depreciationAndAmortization": -3606000,
    "ebitda": 448231000,
    "ebitdaratio": 0.1478998811,
    "operatingIncome": 419949000,
    "operatingIncomeRatio": 0.1385678527,
    "totalOtherIncomeExpensesNet": 0,
    "incomeBeforeTax": 419949000,
    "incomeBeforeTaxRatio": 0.1385678527,
    "incomeTaxExpense": 86519000,
    "netIncome": 333586000,
    "netIncomeRatio": 0.1100712127,
    "eps": 0.83,
    "epsdiluted": 0.82,
    "weightedAverageShsOut": 406812195,
    "weightedAverageShsOutDil": 407158500,
    "link": "https://www.sec.gov/Archives/edgar/data/11544/000001154423000023/0000011544-23-000023-index.htm",
    "finalLink": "https://www.sec.gov/Archives/edgar/data/11544/000001154423000023/wrb-20230930.htm"
  },
  {
    "date": "2023-06-30",
    "symbol": "WRB",
    "reportedCurrency": "USD",
    "cik": "0000011544",
    "fillingDate": "2023-08-03",
    "acceptedDate": "2023-08-03 16:07:38",
    "calendarYear": "2023",
    "period": "Q2",
    "revenue": 2995914000,
    "costOfRevenue": 2311819000,
    "grossProfit": 684095000,
    "grossProfitRatio": 0.2283426694,
    "researchAndDevelopmentExpenses": 0,
    "generalAndAdministrativeExpenses": 0,
    "sellingAndMarketingExpenses": 0,
    "sellingGeneralAndAdministrativeExpenses": 0,
    "otherExpenses": 226911000,
    "operatingExpenses": 226911000,
    "costAndExpenses": 2538730000,
    "interestIncome": 0,
    "interestExpense": 31856000,
    "depreciationAndAmortization": -2837000,
    "ebitda": 486203000,
    "ebitdaratio": 0.1622887039,
    "operatingIncome": 457184000,
    "operatingIncomeRatio": 0.1526025113,
    "totalOtherIncomeExpensesNet": 0,
    "incomeBeforeTax": 457184000,
    "incomeBeforeTaxRatio": 0.1526025113,
    "incomeTaxExpense": 101460000,
    "netIncome": 356308000,
    "netIncomeRatio": 0.1189313178,
    "eps": 0.88,
    "epsdiluted": 0.87,
    "weightedAverageShsOut": 409642500,
    "weightedAverageShsOutDil": 409642500,
    "link": "https://www.sec.gov/Archives/edgar/data/11544/000001154423000018/0000011544-23-000018-index.htm",
    "finalLink": "https://www.sec.gov/Archives/edgar/data/11544/000001154423000018/wrb-20230630.htm"
  },
  {
    "date": "2023-03-31",
    "symbol": "WRB",
    "reportedCurrency": "USD",
    "cik": "0000011544",
    "fillingDate": "2023-05-04",
    "acceptedDate": "2023-05-04 16:18:03",
    "calendarYear": "2023",
    "period": "Q1",
    "revenue": 2895004000,
    "costOfRevenue": 2307391000,
    "grossProfit": 587613000,
    "grossProfitRatio": 0.2029748491,
    "researchAndDevelopmentExpenses": 0,
    "generalAndAdministrativeExpenses": 0,
    "sellingAndMarketingExpenses": 0,
    "sellingGeneralAndAdministrativeExpenses": 0,
    "otherExpenses": 211542000,
    "operatingExpenses": 211542000,
    "costAndExpenses": 2518933000,
    "interestIncome": 0,
    "interestExpense": 31836000,
    "depreciationAndAmortization": 9737000,
    "ebitda": 417644000,
    "ebitdaratio": 0.144263704,
    "operatingIncome": 376071000,
    "operatingIncomeRatio": 0.1299034475,
    "totalOtherIncomeExpensesNet": 0,
    "incomeBeforeTax": 376071000,
    "incomeBeforeTaxRatio": 0.1299034475,
    "incomeTaxExpense": 80342000,
    "netIncome": 294126000,
    "netIncomeRatio": 0.1015977871,
    "eps": 0.71,
    "epsdiluted": 0.71,
    "weightedAverageShsOut": 416008500,
    "weightedAverageShsOutDil": 416008500,
    "link": "https://www.sec.gov/Archives/edgar/data/11544/000001154423000008/0000011544-23-000008-index.htm",
    "finalLink": "https://www.sec.gov/Archives/edgar/data/11544/000001154423000008/wrb-20230331.htm"
  },
  {
    "date": "2022-12-31",
    "symbol": "WRB",
    "reportedCurrency": "USD",
    "cik": "0000011544",
    "fillingDate": "2023-02-24",
    "acceptedDate": "2023-02-24 08:37:12",
    "calendarYear": "2022",
    "period": "Q4",
    "revenue": 3013802000,
    "costOfRevenue": 2271473000,
    "grossProfit": 742329000,
    "grossProfitRatio": 0.2463098107,
    "researchAndDevelopmentExpenses": 0,
    "generalAndAdministrativeExpenses": 0,
    "sellingAndMarketingExpenses": 0,
    "sellingGeneralAndAdministrativeExpenses": 0,
    "otherExpenses": 263908000,
    "operatingExpenses": 263908000,
    "costAndExpenses": 2535381000,
    "interestIncome": 0,
    "interestExpense": 31901000,
    "depreciationAndAmortization": 9835000,
    "ebitda": 520157000,
    "ebitdaratio": 0.1725916301,
    "operatingIncome": 478421000,
    "operatingIncomeRatio": 0.1587433415,
    "totalOtherIncomeExpensesNet": 0,
    "incomeBeforeTax": 478421000,
    "incomeBeforeTaxRatio": 0.1587433415,
    "incomeTaxExpense": 96437000,
    "netIncome": 382223000,
    "netIncomeRatio": 0.1268241908,
    "eps": 0.92,
    "epsdiluted": 0.91,
    "weightedAverageShsOut": 418332000,
    "weightedAverageShsOutDil": 418332000,
    "link": "https://www.sec.gov/Archives/edgar/data/11544/000001154423000004/0000011544-23-000004-index.htm",
    "finalLink": "https://www.sec.gov/Archives/edgar/data/11544/000001154423000004/wrb-20221231.htm"
  },
  {
    "date": "2022-09-30",
    "symbol": "WRB",
    "reportedCurrency": "USD",
    "cik": "0000011544",
    "fillingDate": "2022-11-04",
    "acceptedDate": "2022-11-04 16:15:44",
    "calendarYear": "2022",
    "period": "Q3",
    "revenue": 2724400000,
    "costOfRevenue": 2299885000,
    "grossProfit": 424515000,
    "grossProfitRatio": 0.15581963,
    "researchAndDevelopmentExpenses": 0,
    "generalAndAdministrativeExpenses": 0,
    "sellingAndMarketingExpenses": 0,
    "sellingGeneralAndAdministrativeExpenses": 0,
    "otherExpenses": 138250000,
    "operatingExpenses": 138250000,
    "costAndExpenses": 2438135000,
    "interestIncome": 0,
    "interestExpense": 31780000,
    "depreciationAndAmortization": 8799000,
    "ebitda": 326844000,
    "ebitdaratio": 0.1199691675,
    "operatingIncome": 286265000,
    "operatingIncomeRatio": 0.1050745118,
    "totalOtherIncomeExpensesNet": 0,
    "incomeBeforeTax": 286265000,
    "incomeBeforeTaxRatio": 0.1050745118,
    "incomeTaxExpense": 55791000,
    "netIncome": 228879000,
    "netIncomeRatio": 0.0840107914,
    "eps": 0.55,
    "epsdiluted": 0.55,
    "weightedAverageShsOut": 418656335,
    "weightedAverageShsOutDil": 419463000,
    "link": "https://www.sec.gov/Archives/edgar/data/11544/000001154422000032/0000011544-22-000032-index.htm",
    "finalLink": "https://www.sec.gov/Archives/edgar/data/11544/000001154422000032/wrb-20220930.htm"
  },
  {
    "date": "2022-06-30",
    "symbol": "WRB",
    "reportedCurrency": "USD",
    "cik": "0000011544",
    "fillingDate": "2022-08-02",
    "acceptedDate": "2022-08-02 16:21:31",
    "calendarYear": "2022",
    "period": "Q2",
    "revenue": 2512887000,
    "costOfRevenue": 2112800000,
    "grossProfit": 400087000,
    "grossProfitRatio": 0.1592140832,
    "researchAndDevelopmentExpenses": 0,
    "generalAndAdministrativeExpenses": 0,
    "sellingAndMarketingExpenses": 0,
    "sellingGeneralAndAdministrativeExpenses": 0,
    "otherExpenses": 177525000,
    "operatingExpenses": 177525000,
    "costAndExpenses": 2290325000,
    "interestIncome": 0,
    "interestExpense": 31723000,
    "depreciationAndAmortization": 12607000,
    "ebitda": 266892000,
    "ebitdaratio": 0.1062093122,
    "operatingIncome": 222562000,
    "operatingIncomeRatio": 0.0885682484,
    "totalOtherIncomeExpensesNet": 0,
    "incomeBeforeTax": 222562000,
    "incomeBeforeTaxRatio": 0.0885682484,
    "incomeTaxExpense": 43095000,
    "netIncome": 179322000,
    "netIncomeRatio": 0.0713609486,
    "eps": 0.43,
    "epsdiluted": 0.43,
    "weightedAverageShsOut": 419287500,
    "weightedAverageShsOutDil": 419287500,
    "link": "https://www.sec.gov/Archives/edgar/data/11544/000001154422000027/0000011544-22-000027-index.htm",
    "finalLink": "https://www.sec.gov/Archives/edgar/data/11544/000001154422000027/wrb-20220630.htm"
  },
  {
    "date": "2022-03-31",
    "symbol": "WRB",
    "reportedCurrency": "USD",
    "cik": "0000011544",
    "fillingDate": "2022-05-03",
    "acceptedDate": "2022-05-03 16:18:51",
    "calendarYear": "2022",
    "period": "Q1",
    "revenue": 2915409000,
    "costOfRevenue": 2019637000,
    "grossProfit": 895772000,
    "grossProfitRatio": 0.3072543166,
    "researchAndDevelopmentExpenses": 0,
    "generalAndAdministrativeExpenses": 0,
    "sellingAndMarketingExpenses": 0,
    "sellingGeneralAndAdministrativeExpenses": 0,
    "otherExpenses": 163339000,
    "operatingExpenses": 163339000,
    "costAndExpenses": 2182976000,
    "interestIncome": 0,
    "interestExpense": 34970000,
    "depreciationAndAmortization": 24631000,
    "ebitda": 792034000,
    "ebitdaratio": 0.2716716591,
    "operatingIncome": 732433000,
    "operatingIncomeRatio": 0.2512282153,
    "totalOtherIncomeExpensesNet": 0,
    "incomeBeforeTax": 732433000,
    "incomeBeforeTaxRatio": 0.2512282153,
    "incomeTaxExpense": 139403000,
    "netIncome": 590638000,
    "netIncomeRatio": 0.2025918147,
    "eps": 1.42,
    "epsdiluted": 1.41,
    "weightedAverageShsOut": 417914397,
    "weightedAverageShsOutDil": 418735500,
    "link": "https://www.sec.gov/Archives/edgar/data/11544/000001154422000016/0000011544-22-000016-index.htm",
    "finalLink": "https://www.sec.gov/Archives/edgar/data/11544/000001154422000016/wrb-20220331.htm"
  },
  {
    "date": "2021-12-31",
    "symbol": "WRB",
    "reportedCurrency": "USD",
    "cik": "0000011544",
    "fillingDate": "2022-02-24",
    "acceptedDate": "2022-02-24 16:51:04",
    "calendarYear": "2021",
    "period": "Q4",
    "revenue": 2578228000,
    "costOfRevenue": 1986881000,
    "grossProfit": 591347000,
    "grossProfitRatio": 0.2293617942,
    "researchAndDevelopmentExpenses": 0,
    "generalAndAdministrativeExpenses": 0,
    "sellingAndMarketingExpenses": 0,
    "sellingGeneralAndAdministrativeExpenses": 0,
    "otherExpenses": 236731000,
    "operatingExpenses": 236731000,
    "costAndExpenses": 2223612000,
    "interestIncome": 0,
    "interestExpense": 37334000,
    "depreciationAndAmortization": 28352000,
    "ebitda": 420302000,
    "ebitdaratio": 0.1630197174,
    "operatingIncome": 354616000,
    "operatingIncomeRatio": 0.1375425292,
    "totalOtherIncomeExpensesNet": 0,
    "incomeBeforeTax": 354616000,
    "incomeBeforeTaxRatio": 0.1375425292,
    "incomeTaxExpense": 60313000,
    "netIncome": 294430000,
    "netIncomeRatio": 0.1141985891,
    "eps": 0.71,
    "epsdiluted": 0.71,
    "weightedAverageShsOut": 414981212,
    "weightedAverageShsOutDil": 417802500,
    "link": "https://www.sec.gov/Archives/edgar/data/11544/000001154422000007/0000011544-22-000007-index.htm",
    "finalLink": "https://www.sec.gov/Archives/edgar/data/11544/000001154422000007/wrb-20211231.htm"
  },
  {
    "date": "2021-09-30",
    "symbol": "WRB",
    "reportedCurrency": "USD",
    "cik": "0000011544",
    "fillingDate": "2021-11-04",
    "acceptedDate": "2021-11-04 16:20:42",
    "calendarYear": "2021",
    "period": "Q3",
    "revenue": 2424283000,
    "costOfRevenue": 1923943000,
    "grossProfit": 500340000,
    "grossProfitRatio": 0.2063867956,
    "researchAndDevelopmentExpenses": 0,
    "generalAndAdministrativeExpenses": 0,
    "sellingAndMarketingExpenses": 0,
    "sellingGeneralAndAdministrativeExpenses": 0,
    "otherExpenses": 168059000,
    "operatingExpenses": 168059000,
    "costAndExpenses": 2092002000,
    "interestIncome": 0,
    "interestExpense": 35100000,
    "depreciationAndAmortization": 30733000,
    "ebitda": 398114000,
    "ebitdaratio": 0.1642192764,
    "operatingIncome": 332281000,
    "operatingIncomeRatio": 0.1370636184,
    "totalOtherIncomeExpensesNet": 0,
    "incomeBeforeTax": 332281000,
    "incomeBeforeTaxRatio": 0.1370636184,
    "incomeTaxExpense": 64963000,
    "netIncome": 261297000,
    "netIncomeRatio": 0.1077832085,
    "eps": 0.63,
    "epsdiluted": 0.62,
    "weightedAverageShsOut": 420169500,
    "weightedAverageShsOutDil": 420169500,
    "link": "https://www.sec.gov/Archives/edgar/data/11544/000001154421000078/0000011544-21-000078-index.htm",
    "finalLink": "https://www.sec.gov/Archives/edgar/data/11544/000001154421000078/wrb-20210930.htm"
  },
  {
    "date": "2021-06-30",
    "symbol": "WRB",
    "reportedCurrency": "USD",
    "cik": "0000011544",
    "fillingDate": "2021-08-02",
    "acceptedDate": "2021-08-02 16:10:18",
    "calendarYear": "2021",
    "period": "Q2",
    "revenue": 2296086000,
    "costOfRevenue": 1812958000,
    "grossProfit": 483128000,
    "grossProfitRatio": 0.2104137214,
    "researchAndDevelopmentExpenses": 0,
    "generalAndAdministrativeExpenses": 0,
    "sellingAndMarketingExpenses": 0,
    "sellingGeneralAndAdministrativeExpenses": 0,
    "otherExpenses": 183188000,
    "operatingExpenses": 183188000,
    "costAndExpenses": 1996146000,
    "interestIncome": 0,
    "interestExpense": 38096000,
    "depreciationAndAmortization": 37054000,
    "ebitda": 375090000,
    "ebitdaratio": 0.1633606058,
    "operatingIncome": 299940000,
    "operatingIncomeRatio": 0.1306309955,
    "totalOtherIncomeExpensesNet": 0,
    "incomeBeforeTax": 299940000,
    "incomeBeforeTaxRatio": 0.1306309955,
    "incomeTaxExpense": 62262000,
    "netIncome": 237238000,
    "netIncomeRatio": 0.1033227849,
    "eps": 0.57,
    "epsdiluted": 0.57,
    "weightedAverageShsOut": 418630668,
    "weightedAverageShsOutDil": 420988500,
    "link": "https://www.sec.gov/Archives/edgar/data/11544/000001154421000046/0000011544-21-000046-index.htm",
    "finalLink": "https://www.sec.gov/Archives/edgar/data/11544/000001154421000046/wrb-20210630.htm"
  },
  {
    "date": "2021-03-31",
    "symbol": "WRB",
    "reportedCurrency": "USD",
    "cik": "0000011544",
    "fillingDate": "2021-05-05",
    "acceptedDate": "2021-05-05 16:16:48",
    "calendarYear": "2021",
    "period": "Q1",
    "revenue": 2156869000,
    "costOfRevenue": 1708914000,
    "grossProfit": 447955000,
    "grossProfitRatio": 0.207687625,
    "researchAndDevelopmentExpenses": 0,
    "generalAndAdministrativeExpenses": 0,
    "sellingAndMarketingExpenses": 0,
    "sellingGeneralAndAdministrativeExpenses": 0,
    "otherExpenses": 151887000,
    "operatingExpenses": 151887000,
    "costAndExpenses": 1860801000,
    "interestIncome": 0,
    "interestExpense": 36651000,
    "depreciationAndAmortization": 33543000,
    "ebitda": 366262000,
    "ebitdaratio": 0.1698118894,
    "operatingIncome": 296068000,
    "operatingIncomeRatio": 0.1372674928,
    "totalOtherIncomeExpensesNet": 0,
    "incomeBeforeTax": 296068000,
    "incomeBeforeTaxRatio": 0.1372674928,
    "incomeTaxExpense": 64352000,
    "netIncome": 229525000,
    "netIncomeRatio": 0.1064158278,
    "eps": 0.55,
    "epsdiluted": 0.55,
    "weightedAverageShsOut": 419837972,
    "weightedAverageShsOutDil": 420367500,
    "link": "https://www.sec.gov/Archives/edgar/data/11544/000001154421000018/0000011544-21-000018-index.htm",
    "finalLink": "https://www.sec.gov/Archives/edgar/data/11544/000001154421000018/wrb-20210331.htm"
  },
  {
    "date": "2020-12-31",
    "symbol": "WRB",
    "reportedCurrency": "USD",
    "cik": "0000011544",
    "fillingDate": "2021-02-18",
    "acceptedDate": "2021-02-18 17:21:32",
    "calendarYear": "2020",
    "period": "Q4",
    "revenue": 2312471000,
    "costOfRevenue": 1691591000,
    "grossProfit": 620880000,
    "grossProfitRatio": 0.2684920157,
    "researchAndDevelopmentExpenses": 0,
    "generalAndAdministrativeExpenses": 0,
    "sellingAndMarketingExpenses": 0,
    "sellingGeneralAndAdministrativeExpenses": 0,
    "otherExpenses": 221473000,
    "operatingExpenses": 221473000,
    "costAndExpenses": 1913064000,
    "interestIncome": 0,
    "interestExpense": 35663000,
    "depreciationAndAmortization": 38870000,
    "ebitda": 473940000,
    "ebitdaratio": 0.2049495972,
    "operatingIncome": 399407000,
    "operatingIncomeRatio": 0.1727187065,
    "totalOtherIncomeExpensesNet": 0,
    "incomeBeforeTax": 399407000,
    "incomeBeforeTaxRatio": 0.1727187065,
    "incomeTaxExpense": 86917000,
    "netIncome": 312150000,
    "netIncomeRatio": 0.1349854766,
    "eps": 0.75,
    "epsdiluted": 0.74,
    "weightedAverageShsOut": 420695269,
    "weightedAverageShsOutDil": 421155000,
    "link": "https://www.sec.gov/Archives/edgar/data/11544/000001154421000013/0000011544-21-000013-index.htm",
    "finalLink": "https://www.sec.gov/Archives/edgar/data/11544/000001154421000013/wrb-20201231.htm"
  },
  {
    "date": "2020-09-30",
    "symbol": "WRB",
    "reportedCurrency": "USD",
    "cik": "0000011544",
    "fillingDate": "2020-11-05",
    "acceptedDate": "2020-11-05 16:21:25",
    "calendarYear": "2020",
    "period": "Q3",
    "revenue": 2039820000,
    "costOfRevenue": 1680049000,
    "grossProfit": 359771000,
    "grossProfitRatio": 0.1763738957,
    "researchAndDevelopmentExpenses": 0,
    "generalAndAdministrativeExpenses": 0,
    "sellingAndMarketingExpenses": 0,
    "sellingGeneralAndAdministrativeExpenses": 0,
    "otherExpenses": 153356000,
    "operatingExpenses": 153356000,
    "costAndExpenses": 1833405000,
    "interestIncome": 0,
    "interestExpense": 39768000,
    "depreciationAndAmortization": 32130000,
    "ebitda": 278312000,
    "ebitdaratio": 0.1364394898,
    "operatingIncome": 206415000,
    "operatingIncomeRatio": 0.1011927523,
    "totalOtherIncomeExpensesNet": -1000,
    "incomeBeforeTax": 206414000,
    "incomeBeforeTaxRatio": 0.1011922621,
    "incomeTaxExpense": 54048000,
    "netIncome": 151678000,
    "netIncomeRatio": 0.0743585218,
    "eps": 0.36,
    "epsdiluted": 0.36,
    "weightedAverageShsOut": 421327777,
    "weightedAverageShsOutDil": 422363250,
    "link": "https://www.sec.gov/Archives/edgar/data/11544/000001154420000143/0000011544-20-000143-index.htm",
    "finalLink": "https://www.sec.gov/Archives/edgar/data/11544/000001154420000143/wrb-20200930.htm"
  },
  {
    "date": "2020-06-30",
    "symbol": "WRB",
    "reportedCurrency": "USD",
    "cik": "0000011544",
    "fillingDate": "2020-08-03",
    "acceptedDate": "2020-08-03 16:16:12",
    "calendarYear": "2020",
    "period": "Q2",
    "revenue": 1936026000,
    "costOfRevenue": 1695206000,
    "grossProfit": 240820000,
    "grossProfitRatio": 0.1243888254,
    "researchAndDevelopmentExpenses": 0,
    "generalAndAdministrativeExpenses": 0,
    "sellingAndMarketingExpenses": 0,
    "sellingGeneralAndAdministrativeExpenses": 0,
    "otherExpenses": 135371000,
    "operatingExpenses": 135371000,
    "costAndExpenses": 1830577000,
    "interestIncome": 0,
    "interestExpense": 38373000,
    "depreciationAndAmortization": 39002000,
    "ebitda": 182824000,
    "ebitdaratio": 0.0944326161,
    "operatingIncome": 105449000,
    "operatingIncomeRatio": 0.0544667272,
    "totalOtherIncomeExpensesNet": 0,
    "incomeBeforeTax": 105449000,
    "incomeBeforeTaxRatio": 0.0544667272,
    "incomeTaxExpense": 33793000,
    "netIncome": 71260000,
    "netIncomeRatio": 0.0368073569,
    "eps": 0.17,
    "epsdiluted": 0.17,
    "weightedAverageShsOut": 421906453,
    "weightedAverageShsOutDil": 422689500,
    "link": "https://www.sec.gov/Archives/edgar/data/11544/000001154420000087/0000011544-20-000087-index.htm",
    "finalLink": "https://www.sec.gov/Archives/edgar/data/11544/000001154420000087/wrb-20200630.htm"
  },
  {
    "date": "2020-03-31",
    "symbol": "WRB",
    "reportedCurrency": "USD",
    "cik": "0000011544",
    "fillingDate": "2020-05-04",
    "acceptedDate": "2020-05-04 16:13:30",
    "calendarYear": "2020",
    "period": "Q1",
    "revenue": 1810610000,
    "costOfRevenue": 1684323000,
    "grossProfit": 126287000,
    "grossProfitRatio": 0.0697483169,
    "researchAndDevelopmentExpenses": 0,
    "generalAndAdministrativeExpenses": 0,
    "sellingAndMarketingExpenses": 0,
    "sellingGeneralAndAdministrativeExpenses": 0,
    "otherExpenses": 132755000,
    "operatingExpenses": 132755000,
    "costAndExpenses": 1817078000,
    "interestIncome": 0,
    "interestExpense": 36734000,
    "depreciationAndAmortization": 25063000,
    "ebitda": 55329000,
    "ebitdaratio": 0.0305582097,
    "operatingIncome": -6468000,
    "operatingIncomeRatio": -0.0035722767,
    "totalOtherIncomeExpensesNet": 0,
    "incomeBeforeTax": -6468000,
    "incomeBeforeTaxRatio": -0.0035722767,
    "incomeTaxExpense": -2942000,
    "netIncome": -4418000,
    "netIncomeRatio": -0.0024400616,
    "eps": -0.0103,
    "epsdiluted": -0.0103,
    "weightedAverageShsOut": 428145750,
    "weightedAverageShsOutDil": 428145750,
    "link": "https://www.sec.gov/Archives/edgar/data/11544/000001154420000030/0000011544-20-000030-index.htm",
    "finalLink": "https://www.sec.gov/Archives/edgar/data/11544/000001154420000030/wrb331202010-q.htm"
  },
  {
    "date": "2019-12-31",
    "symbol": "WRB",
    "reportedCurrency": "USD",
    "cik": "0000011544",
    "fillingDate": "2020-02-20",
    "acceptedDate": "2020-02-20 16:20:08",
    "calendarYear": "2019",
    "period": "Q4",
    "revenue": 1976074000,
    "costOfRevenue": 1649725000,
    "grossProfit": 326349000,
    "grossProfitRatio": 0.1651501917,
    "researchAndDevelopmentExpenses": 0,
    "generalAndAdministrativeExpenses": 0,
    "sellingAndMarketingExpenses": 0,
    "sellingGeneralAndAdministrativeExpenses": 0,
    "otherExpenses": 179586000,
    "operatingExpenses": 179586000,
    "costAndExpenses": 1829311000,
    "interestIncome": 0,
    "interestExpense": 33496000,
    "depreciationAndAmortization": 71380000,
    "ebitda": 251639000,
    "ebitdaratio": 0.1273429032,
    "operatingIncome": 146763000,
    "operatingIncomeRatio": 0.0742699919,
    "totalOtherIncomeExpensesNet": 0,
    "incomeBeforeTax": 146763000,
    "incomeBeforeTaxRatio": 0.0742699919,
    "incomeTaxExpense": 26970000,
    "netIncome": 119306000,
    "netIncomeRatio": 0.0603752693,
    "eps": 0.28,
    "epsdiluted": 0.27,
    "weightedAverageShsOut": 434880000,
    "weightedAverageShsOutDil": 434880000,
    "link": "https://www.sec.gov/Archives/edgar/data/11544/000001154420000016/0000011544-20-000016-index.htm",
    "finalLink": "https://www.sec.gov/Archives/edgar/data/11544/000001154420000016/wrb1231201910-k.htm"
  },
  {
    "date": "2019-09-30",
    "symbol": "WRB",
    "reportedCurrency": "USD",
    "cik": "0000011544",
    "fillingDate": "2019-11-07",
    "acceptedDate": "2019-11-07 16:32:56",
    "calendarYear": "2019",
    "period": "Q3",
    "revenue": 1965716000,
    "costOfRevenue": 1622212000,
    "grossProfit": 343504000,
    "grossProfitRatio": 0.174747522,
    "researchAndDevelopmentExpenses": 0,
    "generalAndAdministrativeExpenses": 0,
    "sellingAndMarketingExpenses": 0,
    "sellingGeneralAndAdministrativeExpenses": 0,
    "otherExpenses": 140522000,
    "operatingExpenses": 140522000,
    "costAndExpenses": 1762734000,
    "interestIncome": 0,
    "interestExpense": 38475000,
    "depreciationAndAmortization": -9282000,
    "ebitda": 232175000,
    "ebitdaratio": 0.118112179,
    "operatingIncome": 202982000,
    "operatingIncomeRatio": 0.1032611018,
    "totalOtherIncomeExpensesNet": 0,
    "incomeBeforeTax": 202982000,
    "incomeBeforeTaxRatio": 0.1032611018,
    "incomeTaxExpense": 37831000,
    "netIncome": 165208000,
    "netIncomeRatio": 0.0840446941,
    "eps": 0.38,
    "epsdiluted": 0.38,
    "weightedAverageShsOut": 435575250,
    "weightedAverageShsOutDil": 435575250,
    "link": "https://www.sec.gov/Archives/edgar/data/11544/000001154419000117/0000011544-19-000117-index.htm",
    "finalLink": "https://www.sec.gov/Archives/edgar/data/11544/000001154419000117/wrb930201910-q.htm"
  },
  {
    "date": "2019-06-30",
    "symbol": "WRB",
    "reportedCurrency": "USD",
    "cik": "0000011544",
    "fillingDate": "2019-08-05",
    "acceptedDate": "2019-08-05 16:11:10",
    "calendarYear": "2019",
    "period": "Q2",
    "revenue": 2023384000,
    "costOfRevenue": 1597762000,
    "grossProfit": 425622000,
    "grossProfitRatio": 0.2103515694,
    "researchAndDevelopmentExpenses": 0,
    "generalAndAdministrativeExpenses": 0,
    "sellingAndMarketingExpenses": 0,
    "sellingGeneralAndAdministrativeExpenses": 0,
    "otherExpenses": 151886000,
    "operatingExpenses": 151886000,
    "costAndExpenses": 1749648000,
    "interestIncome": 0,
    "interestExpense": 40718000,
    "depreciationAndAmortization": 23865000,
    "ebitda": 338319000,
    "ebitdaratio": 0.1672045445,
    "operatingIncome": 273736000,
    "operatingIncomeRatio": 0.1352862334,
    "totalOtherIncomeExpensesNet": 0,
    "incomeBeforeTax": 273736000,
    "incomeBeforeTaxRatio": 0.1352862334,
    "incomeTaxExpense": 56309000,
    "netIncome": 216709000,
    "netIncomeRatio": 0.1071022604,
    "eps": 0.51,
    "epsdiluted": 0.5,
    "weightedAverageShsOut": 434382750,
    "weightedAverageShsOutDil": 434382750,
    "link": "https://www.sec.gov/Archives/edgar/data/11544/000001154419000086/0000011544-19-000086-index.htm",
    "finalLink": "https://www.sec.gov/Archives/edgar/data/11544/000001154419000086/wrb630201910-q.htm"
  },
  {
    "date": "2019-03-31",
    "symbol": "WRB",
    "reportedCurrency": "USD",
    "cik": "0000011544",
    "fillingDate": "2019-05-08",
    "acceptedDate": "2019-05-08 16:14:38",
    "calendarYear": "2019",
    "period": "Q1",
    "revenue": 1937022000,
    "costOfRevenue": 1554353000,
    "grossProfit": 382669000,
    "grossProfitRatio": 0.1975553195,
    "researchAndDevelopmentExpenses": 0,
    "generalAndAdministrativeExpenses": 0,
    "sellingAndMarketingExpenses": 0,
    "sellingGeneralAndAdministrativeExpenses": 0,
    "otherExpenses": 153230000,
    "operatingExpenses": 153230000,
    "costAndExpenses": 1707583000,
    "interestIncome": 0,
    "interestExpense": 40721000,
    "depreciationAndAmortization": 27424000,
    "ebitda": 297584000,
    "ebitdaratio": 0.1536296439,
    "operatingIncome": 229439000,
    "operatingIncomeRatio": 0.1184493516,
    "totalOtherIncomeExpensesNet": 0,
    "incomeBeforeTax": 229439000,
    "incomeBeforeTaxRatio": 0.1184493516,
    "incomeTaxExpense": 47825000,
    "netIncome": 180722000,
    "netIncomeRatio": 0.0932988887,
    "eps": 0.42,
    "epsdiluted": 0.42,
    "weightedAverageShsOut": 432557282,
    "weightedAverageShsOutDil": 433505250,
    "link": "https://www.sec.gov/Archives/edgar/data/11544/000001154419000034/0000011544-19-000034-index.htm",
    "finalLink": "https://www.sec.gov/Archives/edgar/data/11544/000001154419000034/wrb331201910q.htm"
  },
  {
    "date": "2018-12-31",
    "symbol": "WRB",
    "reportedCurrency": "USD",
    "cik": "0000011544",
    "fillingDate": "2019-02-22",
    "acceptedDate": "2019-02-22 16:13:46",
    "calendarYear": "2018",
    "period": "Q4",
    "revenue": 1951585000,
    "costOfRevenue": 1607309000,
    "grossProfit": 344276000,
    "grossProfitRatio": 0.1764084065,
    "researchAndDevelopmentExpenses": 0,
    "generalAndAdministrativeExpenses": 0,
    "sellingAndMarketingExpenses": 0,
    "sellingGeneralAndAdministrativeExpenses": 0,
    "otherExpenses": 181637000,
    "operatingExpenses": 181637000,
    "costAndExpenses": 1788946000,
    "interestIncome": 0,
    "interestExpense": 40577000,
    "depreciationAndAmortization": 54567000,
    "ebitda": 257783000,
    "ebitdaratio": 0.1320890456,
    "operatingIncome": 162639000,
    "operatingIncomeRatio": 0.0833368775,
    "totalOtherIncomeExpensesNet": 0,
    "incomeBeforeTax": 162639000,
    "incomeBeforeTaxRatio": 0.0833368775,
    "incomeTaxExpense": 26367000,
    "netIncome": 132357000,
    "netIncomeRatio": 0.0678202589,
    "eps": 0.31,
    "epsdiluted": 0.31,
    "weightedAverageShsOut": 433373625,
    "weightedAverageShsOutDil": 433373625,
    "link": "https://www.sec.gov/Archives/edgar/data/11544/000001154419000016/0000011544-19-000016-index.htm",
    "finalLink": "https://www.sec.gov/Archives/edgar/data/11544/000001154419000016/wrb1231201810-k.htm"
  },
  {
    "date": "2018-09-30",
    "symbol": "WRB",
    "reportedCurrency": "USD",
    "cik": "0000011544",
    "fillingDate": "2018-11-08",
    "acceptedDate": "2018-11-08 16:10:09",
    "calendarYear": "2018",
    "period": "Q3",
    "revenue": 1937902000,
    "costOfRevenue": 1591636000,
    "grossProfit": 346266000,
    "grossProfitRatio": 0.1786808621,
    "researchAndDevelopmentExpenses": 0,
    "generalAndAdministrativeExpenses": 0,
    "sellingAndMarketingExpenses": 0,
    "sellingGeneralAndAdministrativeExpenses": 0,
    "otherExpenses": 137043000,
    "operatingExpenses": 137043000,
    "costAndExpenses": 1728679000,
    "interestIncome": 0,
    "interestExpense": 39848000,
    "depreciationAndAmortization": 20169000,
    "ebitda": 269240000,
    "ebitdaratio": 0.1389337541,
    "operatingIncome": 209223000,
    "operatingIncomeRatio": 0.1079636638,
    "totalOtherIncomeExpensesNet": 0,
    "incomeBeforeTax": 209223000,
    "incomeBeforeTaxRatio": 0.1079636638,
    "incomeTaxExpense": 44780000,
    "netIncome": 161920000,
    "netIncomeRatio": 0.0835542767,
    "eps": 0.38,
    "epsdiluted": 0.37,
    "weightedAverageShsOut": 433753013,
    "weightedAverageShsOutDil": 433894500,
    "link": "https://www.sec.gov/Archives/edgar/data/11544/000001154418000089/0000011544-18-000089-index.htm",
    "finalLink": "https://www.sec.gov/Archives/edgar/data/11544/000001154418000089/wrb930201810q.htm"
  },
  {
    "date": "2018-06-30",
    "symbol": "WRB",
    "reportedCurrency": "USD",
    "cik": "0000011544",
    "fillingDate": "2018-08-06",
    "acceptedDate": "2018-08-06 16:17:54",
    "calendarYear": "2018",
    "period": "Q2",
    "revenue": 1910916000,
    "costOfRevenue": 1562478000,
    "grossProfit": 348438000,
    "grossProfitRatio": 0.182340825,
    "researchAndDevelopmentExpenses": 0,
    "generalAndAdministrativeExpenses": 0,
    "sellingAndMarketingExpenses": 0,
    "sellingGeneralAndAdministrativeExpenses": 0,
    "otherExpenses": 119196000,
    "operatingExpenses": 119196000,
    "costAndExpenses": 1681674000,
    "interestIncome": 0,
    "interestExpense": 39705000,
    "depreciationAndAmortization": 27345000,
    "ebitda": 296292000,
    "ebitdaratio": 0.1550523414,
    "operatingIncome": 229242000,
    "operatingIncomeRatio": 0.1199644568,
    "totalOtherIncomeExpensesNet": 0,
    "incomeBeforeTax": 229242000,
    "incomeBeforeTaxRatio": 0.1199644568,
    "incomeTaxExpense": 48464000,
    "netIncome": 180075000,
    "netIncomeRatio": 0.0942349114,
    "eps": 0.42,
    "epsdiluted": 0.41,
    "weightedAverageShsOut": 433145250,
    "weightedAverageShsOutDil": 433145250,
    "link": "https://www.sec.gov/Archives/edgar/data/11544/000001154418000065/0000011544-18-000065-index.htm",
    "finalLink": "https://www.sec.gov/Archives/edgar/data/11544/000001154418000065/wrb630201810q.htm"
  },
  {
    "date": "2018-03-31",
    "symbol": "WRB",
    "reportedCurrency": "USD",
    "cik": "0000011544",
    "fillingDate": "2018-05-07",
    "acceptedDate": "2018-05-07 16:11:00",
    "calendarYear": "2018",
    "period": "Q1",
    "revenue": 1891247000,
    "costOfRevenue": 1548874000,
    "grossProfit": 342373000,
    "grossProfitRatio": 0.1810302938,
    "researchAndDevelopmentExpenses": 0,
    "generalAndAdministrativeExpenses": 0,
    "sellingAndMarketingExpenses": 0,
    "sellingGeneralAndAdministrativeExpenses": 0,
    "otherExpenses": 131383000,
    "operatingExpenses": 131383000,
    "costAndExpenses": 1680257000,
    "interestIncome": 0,
    "interestExpense": 37056000,
    "depreciationAndAmortization": 29027000,
    "ebitda": 277073000,
    "ebitdaratio": 0.1465028101,
    "operatingIncome": 210990000,
    "operatingIncomeRatio": 0.1115613138,
    "totalOtherIncomeExpensesNet": 0,
    "incomeBeforeTax": 210990000,
    "incomeBeforeTaxRatio": 0.1115613138,
    "incomeTaxExpense": 43417000,
    "netIncome": 166396000,
    "netIncomeRatio": 0.087982162,
    "eps": 0.39,
    "epsdiluted": 0.39,
    "weightedAverageShsOut": 430298500,
    "weightedAverageShsOutDil": 432423000,
    "link": "https://www.sec.gov/Archives/edgar/data/11544/000001154418000022/0000011544-18-000022-index.htm",
    "finalLink": "https://www.sec.gov/Archives/edgar/data/11544/000001154418000022/wrb331201810q.htm"
  },
  {
    "date": "2017-12-31",
    "symbol": "WRB",
    "reportedCurrency": "USD",
    "cik": "0000011544",
    "fillingDate": "2018-02-23",
    "acceptedDate": "2018-02-23 16:41:12",
    "calendarYear": "2017",
    "period": "Q4",
    "revenue": 1608791000,
    "costOfRevenue": 1575474000,
    "grossProfit": 33317000,
    "grossProfitRatio": 0.0207093401,
    "researchAndDevelopmentExpenses": 0,
    "generalAndAdministrativeExpenses": 0,
    "sellingAndMarketingExpenses": 0,
    "sellingGeneralAndAdministrativeExpenses": 0,
    "otherExpenses": -168083000,
    "operatingExpenses": -168083000,
    "costAndExpenses": 1407391000,
    "interestIncome": 0,
    "interestExpense": 36879000,
    "depreciationAndAmortization": 34819000,
    "ebitda": 273097000,
    "ebitdaratio": 0.1697529387,
    "operatingIncome": 201400000,
    "operatingIncomeRatio": 0.1251871747,
    "totalOtherIncomeExpensesNet": 0,
    "incomeBeforeTax": 201400000,
    "incomeBeforeTaxRatio": 0.1251871747,
    "incomeTaxExpense": 45128000,
    "netIncome": 154589000,
    "netIncomeRatio": 0.0960901696,
    "eps": 0.36,
    "epsdiluted": 0.36,
    "weightedAverageShsOut": 430833245,
    "weightedAverageShsOutDil": 432745875,
    "link": "https://www.sec.gov/Archives/edgar/data/11544/000001154418000012/0000011544-18-000012-index.htm",
    "finalLink": "https://www.sec.gov/Archives/edgar/data/11544/000001154418000012/wrb1231201710k.htm"
  },
  {
    "date": "2017-09-30",
    "symbol": "WRB",
    "reportedCurrency": "USD",
    "cik": "0000011544",
    "fillingDate": "2017-11-08",
    "acceptedDate": "2017-11-08 16:09:56",
    "calendarYear": "2017",
    "period": "Q3",
    "revenue": 2031342000,
    "costOfRevenue": 1662319000,
    "grossProfit": 369023000,
    "grossProfitRatio": 0.1816646335,
    "researchAndDevelopmentExpenses": 0,
    "generalAndAdministrativeExpenses": 0,
    "sellingAndMarketingExpenses": 0,
    "sellingGeneralAndAdministrativeExpenses": 0,
    "otherExpenses": 142910000,
    "operatingExpenses": 142910000,
    "costAndExpenses": 1805229000,
    "interestIncome": 0,
    "interestExpense": 36821000,
    "depreciationAndAmortization": 33458000,
    "ebitda": 296392000,
    "ebitdaratio": 0.145909453,
    "operatingIncome": 226113000,
    "operatingIncomeRatio": 0.1113121276,
    "totalOtherIncomeExpensesNet": 0,
    "incomeBeforeTax": 226113000,
    "incomeBeforeTaxRatio": 0.1113121276,
    "incomeTaxExpense": 63295000,
    "netIncome": 162054000,
    "netIncomeRatio": 0.0797768175,
    "eps": 0.38,
    "epsdiluted": 0.37,
    "weightedAverageShsOut": 434111974,
    "weightedAverageShsOutDil": 435186000,
    "link": "https://www.sec.gov/Archives/edgar/data/11544/000001154417000088/0000011544-17-000088-index.htm",
    "finalLink": "https://www.sec.gov/Archives/edgar/data/11544/000001154417000088/wrb930201710q.htm"
  },
  {
    "date": "2017-06-30",
    "symbol": "WRB",
    "reportedCurrency": "USD",
    "cik": "0000011544",
    "fillingDate": "2017-08-07",
    "acceptedDate": "2017-08-07 16:33:11",
    "calendarYear": "2017",
    "period": "Q2",
    "revenue": 1848049000,
    "costOfRevenue": 1562251000,
    "grossProfit": 285798000,
    "grossProfitRatio": 0.1546484969,
    "researchAndDevelopmentExpenses": 0,
    "generalAndAdministrativeExpenses": 0,
    "sellingAndMarketingExpenses": 0,
    "sellingGeneralAndAdministrativeExpenses": 0,
    "otherExpenses": 124837000,
    "operatingExpenses": 124837000,
    "costAndExpenses": 1687088000,
    "interestIncome": 0,
    "interestExpense": 36799000,
    "depreciationAndAmortization": 26546000,
    "ebitda": 224306000,
    "ebitdaratio": 0.1213744874,
    "operatingIncome": 160961000,
    "operatingIncomeRatio": 0.0870977988,
    "totalOtherIncomeExpensesNet": 0,
    "incomeBeforeTax": 160961000,
    "incomeBeforeTaxRatio": 0.0870977988,
    "incomeTaxExpense": 51388000,
    "netIncome": 109004000,
    "netIncomeRatio": 0.0589832845,
    "eps": 0.26,
    "epsdiluted": 0.25,
    "weightedAverageShsOut": 432727272,
    "weightedAverageShsOutDil": 434028375,
    "link": "https://www.sec.gov/Archives/edgar/data/11544/000001154417000063/0000011544-17-000063-index.htm",
    "finalLink": "https://www.sec.gov/Archives/edgar/data/11544/000001154417000063/wrb630201710q.htm"
  },
  {
    "date": "2017-03-31",
    "symbol": "WRB",
    "reportedCurrency": "USD",
    "cik": "0000011544",
    "fillingDate": "2017-05-05",
    "acceptedDate": "2017-05-05 16:22:09",
    "calendarYear": "2017",
    "period": "Q1",
    "revenue": 1870418000,
    "costOfRevenue": 1562878000,
    "grossProfit": 307540000,
    "grossProfitRatio": 0.1644231396,
    "researchAndDevelopmentExpenses": 0,
    "generalAndAdministrativeExpenses": 0,
    "sellingAndMarketingExpenses": 0,
    "sellingGeneralAndAdministrativeExpenses": 0,
    "otherExpenses": 123243000,
    "operatingExpenses": 123243000,
    "costAndExpenses": 1686121000,
    "interestIncome": 0,
    "interestExpense": 36799000,
    "depreciationAndAmortization": 18133000,
    "ebitda": 239229000,
    "ebitdaratio": 0.1279013568,
    "operatingIncome": 184297000,
    "operatingIncomeRatio": 0.0985325205,
    "totalOtherIncomeExpensesNet": 0,
    "incomeBeforeTax": 184297000,
    "incomeBeforeTaxRatio": 0.0985325205,
    "incomeTaxExpense": 59623000,
    "netIncome": 123447000,
    "netIncomeRatio": 0.0659996856,
    "eps": 0.3,
    "epsdiluted": 0.28,
    "weightedAverageShsOut": 433528875,
    "weightedAverageShsOutDil": 433528875,
    "link": "https://www.sec.gov/Archives/edgar/data/11544/000001154417000023/0000011544-17-000023-index.htm",
    "finalLink": "https://www.sec.gov/Archives/edgar/data/11544/000001154417000023/wrb331201710q.htm"
  },
  {
    "date": "2016-12-31",
    "symbol": "WRB",
    "reportedCurrency": "USD",
    "cik": "0000011544",
    "fillingDate": "2017-02-28",
    "acceptedDate": "2017-02-27 17:34:39",
    "calendarYear": "2016",
    "period": "Q4",
    "revenue": 1971644000,
    "costOfRevenue": 1961750000,
    "grossProfit": 9894000,
    "grossProfitRatio": 0.0050181473,
    "researchAndDevelopmentExpenses": 0,
    "generalAndAdministrativeExpenses": 0,
    "sellingAndMarketingExpenses": 0,
    "sellingGeneralAndAdministrativeExpenses": 0,
    "otherExpenses": -221939000,
    "operatingExpenses": -221939000,
    "costAndExpenses": 1739811000,
    "interestIncome": 0,
    "interestExpense": 36877000,
    "depreciationAndAmortization": 16898000,
    "ebitda": 285608000,
    "ebitdaratio": 0.1448577938,
    "operatingIncome": 231833000,
    "operatingIncomeRatio": 0.1175836003,
    "totalOtherIncomeExpensesNet": 0,
    "incomeBeforeTax": 231833000,
    "incomeBeforeTaxRatio": 0.1175836003,
    "incomeTaxExpense": 78164000,
    "netIncome": 152789000,
    "netIncomeRatio": 0.0774931986,
    "eps": 0.37,
    "epsdiluted": 0.35,
    "weightedAverageShsOut": 430130250,
    "weightedAverageShsOutDil": 430130250,
    "link": "https://www.sec.gov/Archives/edgar/data/11544/000001154417000009/0000011544-17-000009-index.htm",
    "finalLink": "https://www.sec.gov/Archives/edgar/data/11544/000001154417000009/wrb1231201610k.htm"
  },
  {
    "date": "2016-09-30",
    "symbol": "WRB",
    "reportedCurrency": "USD",
    "cik": "0000011544",
    "fillingDate": "2016-11-07",
    "acceptedDate": "2016-11-07 16:30:47",
    "calendarYear": "2016",
    "period": "Q3",
    "revenue": 2019727000,
    "costOfRevenue": 1553992000,
    "grossProfit": 465735000,
    "grossProfitRatio": 0.2305930455,
    "researchAndDevelopmentExpenses": 0,
    "generalAndAdministrativeExpenses": 0,
    "sellingAndMarketingExpenses": 0,
    "sellingGeneralAndAdministrativeExpenses": 0,
    "otherExpenses": 134120000,
    "operatingExpenses": 134120000,
    "costAndExpenses": 1688112000,
    "interestIncome": 0,
    "interestExpense": 37043000,
    "depreciationAndAmortization": 22280000,
    "ebitda": 390938000,
    "ebitdaratio": 0.1935598227,
    "operatingIncome": 331615000,
    "operatingIncomeRatio": 0.1641880314,
    "totalOtherIncomeExpensesNet": 0,
    "incomeBeforeTax": 331615000,
    "incomeBeforeTaxRatio": 0.1641880314,
    "incomeTaxExpense": 110952000,
    "netIncome": 220650000,
    "netIncomeRatio": 0.1092474379,
    "eps": 0.53,
    "epsdiluted": 0.51,
    "weightedAverageShsOut": 432987505,
    "weightedAverageShsOutDil": 433876500,
    "link": "https://www.sec.gov/Archives/edgar/data/11544/000001154416000144/0000011544-16-000144-index.htm",
    "finalLink": "https://www.sec.gov/Archives/edgar/data/11544/000001154416000144/wrb930201610q.htm"
  },
  {
    "date": "2016-06-30",
    "symbol": "WRB",
    "reportedCurrency": "USD",
    "cik": "0000011544",
    "fillingDate": "2016-08-05",
    "acceptedDate": "2016-08-05 17:27:27",
    "calendarYear": "2016",
    "period": "Q2",
    "revenue": 1855914000,
    "costOfRevenue": 1555705000,
    "grossProfit": 300209000,
    "grossProfitRatio": 0.161758034,
    "researchAndDevelopmentExpenses": 0,
    "generalAndAdministrativeExpenses": 0,
    "sellingAndMarketingExpenses": 0,
    "sellingGeneralAndAdministrativeExpenses": 0,
    "otherExpenses": 141895000,
    "operatingExpenses": 141895000,
    "costAndExpenses": 1697600000,
    "interestIncome": 0,
    "interestExpense": 34752000,
    "depreciationAndAmortization": 16628000,
    "ebitda": 209694000,
    "ebitdaratio": 0.1129869164,
    "operatingIncome": 158314000,
    "operatingIncomeRatio": 0.085302444,
    "totalOtherIncomeExpensesNet": 0,
    "incomeBeforeTax": 158314000,
    "incomeBeforeTaxRatio": 0.085302444,
    "incomeTaxExpense": 49408000,
    "netIncome": 108967000,
    "netIncomeRatio": 0.0587133887,
    "eps": 0.26,
    "epsdiluted": 0.25,
    "weightedAverageShsOut": 432582106,
    "weightedAverageShsOutDil": 433940625,
    "link": "https://www.sec.gov/Archives/edgar/data/11544/000001154416000130/0000011544-16-000130-index.htm",
    "finalLink": "https://www.sec.gov/Archives/edgar/data/11544/000001154416000130/wrb630201610q.htm"
  },
  {
    "date": "2016-03-31",
    "symbol": "WRB",
    "reportedCurrency": "USD",
    "cik": "0000011544",
    "fillingDate": "2016-05-10",
    "acceptedDate": "2016-05-10 14:58:33",
    "calendarYear": "2016",
    "period": "Q1",
    "revenue": 1908991000,
    "costOfRevenue": 1461374000,
    "grossProfit": 447617000,
    "grossProfitRatio": 0.2344783187,
    "researchAndDevelopmentExpenses": 0,
    "generalAndAdministrativeExpenses": 0,
    "sellingAndMarketingExpenses": 0,
    "sellingGeneralAndAdministrativeExpenses": 0,
    "otherExpenses": 272941000,
    "operatingExpenses": 272941000,
    "costAndExpenses": 1734315000,
    "interestIncome": 0,
    "interestExpense": 32224000,
    "depreciationAndAmortization": 30245000,
    "ebitda": 237145000,
    "ebitdaratio": 0.1242253106,
    "operatingIncome": 174676000,
    "operatingIncomeRatio": 0.091501741,
    "totalOtherIncomeExpensesNet": 0,
    "incomeBeforeTax": 174676000,
    "incomeBeforeTaxRatio": 0.091501741,
    "incomeTaxExpense": 54428000,
    "netIncome": 119511000,
    "netIncomeRatio": 0.0626042763,
    "eps": 0.29,
    "epsdiluted": 0.28,
    "weightedAverageShsOut": 433640905,
    "weightedAverageShsOutDil": 433785375,
    "link": "https://www.sec.gov/Archives/edgar/data/11544/000001154416000095/0000011544-16-000095-index.htm",
    "finalLink": "https://www.sec.gov/Archives/edgar/data/11544/000001154416000095/wrb331201610q.htm"
  },
  {
    "date": "2015-12-31",
    "symbol": "WRB",
    "reportedCurrency": "USD",
    "cik": "0000011544",
    "fillingDate": "2016-02-22",
    "acceptedDate": "2016-02-22 17:25:35",
    "calendarYear": "2015",
    "period": "Q4",
    "revenue": 1811056000,
    "costOfRevenue": 957023000,
    "grossProfit": 854033000,
    "grossProfitRatio": 0.4715663127,
    "researchAndDevelopmentExpenses": 0,
    "generalAndAdministrativeExpenses": 0,
    "sellingAndMarketingExpenses": 0,
    "sellingGeneralAndAdministrativeExpenses": 0,
    "otherExpenses": 697827000,
    "operatingExpenses": 697827000,
    "costAndExpenses": 1654850000,
    "interestIncome": 0,
    "interestExpense": 31736000,
    "depreciationAndAmortization": 19755000,
    "ebitda": 207697000,
    "ebitdaratio": 0.1146828149,
    "operatingIncome": 156206000,
    "operatingIncomeRatio": 0.0862513362,
    "totalOtherIncomeExpensesNet": 0,
    "incomeBeforeTax": 156206000,
    "incomeBeforeTaxRatio": 0.0862513362,
    "incomeTaxExpense": 46328000,
    "netIncome": 109745000,
    "netIncomeRatio": 0.0605972427,
    "eps": 0.26,
    "epsdiluted": 0.25,
    "weightedAverageShsOut": 435429000,
    "weightedAverageShsOutDil": 435429000,
    "link": "https://www.sec.gov/Archives/edgar/data/11544/000001154416000086/0000011544-16-000086-index.htm",
    "finalLink": "https://www.sec.gov/Archives/edgar/data/11544/000001154416000086/wrb1231201510k.htm"
  },
  {
    "date": "2015-09-30",
    "symbol": "WRB",
    "reportedCurrency": "USD",
    "cik": "0000011544",
    "fillingDate": "2015-11-09",
    "acceptedDate": "2015-11-09 16:20:42",
    "calendarYear": "2015",
    "period": "Q3",
    "revenue": 1968016000,
    "costOfRevenue": 956211000,
    "grossProfit": 1011805000,
    "grossProfitRatio": 0.514124377,
    "researchAndDevelopmentExpenses": 0,
    "generalAndAdministrativeExpenses": 0,
    "sellingAndMarketingExpenses": 0,
    "sellingGeneralAndAdministrativeExpenses": 0,
    "otherExpenses": 782885000,
    "operatingExpenses": 782885000,
    "costAndExpenses": 1739096000,
    "interestIncome": 0,
    "interestExpense": 31641000,
    "depreciationAndAmortization": 23117000,
    "ebitda": 283678000,
    "ebitdaratio": 0.1441441533,
    "operatingIncome": 228920000,
    "operatingIncomeRatio": 0.1163201925,
    "totalOtherIncomeExpensesNet": 0,
    "incomeBeforeTax": 228920000,
    "incomeBeforeTaxRatio": 0.1163201925,
    "incomeTaxExpense": 76184000,
    "netIncome": 152607000,
    "netIncomeRatio": 0.0775435769,
    "eps": 0.37,
    "epsdiluted": 0.35,
    "weightedAverageShsOut": 435196125,
    "weightedAverageShsOutDil": 435196125,
    "link": "https://www.sec.gov/Archives/edgar/data/11544/000001154415000076/0000011544-15-000076-index.htm",
    "finalLink": "https://www.sec.gov/Archives/edgar/data/11544/000001154415000076/wrb930201510q.htm"
  },
  {
    "date": "2015-06-30",
    "symbol": "WRB",
    "reportedCurrency": "USD",
    "cik": "0000011544",
    "fillingDate": "2015-08-07",
    "acceptedDate": "2015-08-06 17:52:41",
    "calendarYear": "2015",
    "period": "Q2",
    "revenue": 1895361000,
    "costOfRevenue": 938609000,
    "grossProfit": 956752000,
    "grossProfitRatio": 0.5047861595,
    "researchAndDevelopmentExpenses": 0,
    "generalAndAdministrativeExpenses": 0,
    "sellingAndMarketingExpenses": 0,
    "sellingGeneralAndAdministrativeExpenses": 0,
    "otherExpenses": 778565000,
    "operatingExpenses": 778565000,
    "costAndExpenses": 1717174000,
    "interestIncome": 0,
    "interestExpense": 33031000,
    "depreciationAndAmortization": 23064000,
    "ebitda": 234282000,
    "ebitdaratio": 0.1236081148,
    "operatingIncome": 178187000,
    "operatingIncomeRatio": 0.0940121697,
    "totalOtherIncomeExpensesNet": 0,
    "incomeBeforeTax": 178187000,
    "incomeBeforeTaxRatio": 0.0940121697,
    "incomeTaxExpense": 55138000,
    "netIncome": 123035000,
    "netIncomeRatio": 0.0649137552,
    "eps": 0.29,
    "epsdiluted": 0.28,
    "weightedAverageShsOut": 437070824,
    "weightedAverageShsOutDil": 438709500,
    "link": "https://www.sec.gov/Archives/edgar/data/11544/000001154415000067/0000011544-15-000067-index.htm",
    "finalLink": "https://www.sec.gov/Archives/edgar/data/11544/000001154415000067/wrb630201510q.htm"
  },
  {
    "date": "2015-03-31",
    "symbol": "WRB",
    "reportedCurrency": "USD",
    "cik": "0000011544",
    "fillingDate": "2015-05-04",
    "acceptedDate": "2015-05-04 11:29:46",
    "calendarYear": "2015",
    "period": "Q1",
    "revenue": 1837285000,
    "costOfRevenue": 931792000,
    "grossProfit": 905493000,
    "grossProfitRatio": 0.4928429721,
    "researchAndDevelopmentExpenses": 0,
    "generalAndAdministrativeExpenses": 0,
    "sellingAndMarketingExpenses": 0,
    "sellingGeneralAndAdministrativeExpenses": 0,
    "otherExpenses": 736776000,
    "operatingExpenses": 736776000,
    "costAndExpenses": 1668568000,
    "interestIncome": 0,
    "interestExpense": 34538000,
    "depreciationAndAmortization": 19203000,
    "ebitda": 222458000,
    "ebitdaratio": 0.1210797454,
    "operatingIncome": 168717000,
    "operatingIncomeRatio": 0.0918295202,
    "totalOtherIncomeExpensesNet": 0,
    "incomeBeforeTax": 168717000,
    "incomeBeforeTaxRatio": 0.0918295202,
    "incomeTaxExpense": 50273000,
    "netIncome": 118307000,
    "netIncomeRatio": 0.0643922962,
    "eps": 0.28,
    "epsdiluted": 0.26,
    "weightedAverageShsOut": 447133500,
    "weightedAverageShsOutDil": 447133500,
    "link": "https://www.sec.gov/Archives/edgar/data/11544/000001154415000032/0000011544-15-000032-index.htm",
    "finalLink": "https://www.sec.gov/Archives/edgar/data/11544/000001154415000032/wrb331201510q.htm"
  },
  {
    "date": "2014-12-31",
    "symbol": "WRB",
    "reportedCurrency": "USD",
    "cik": "0000011544",
    "fillingDate": "2015-02-27",
    "acceptedDate": "2015-02-27 16:09:48",
    "calendarYear": "2014",
    "period": "Q4",
    "revenue": 1784428000,
    "costOfRevenue": 947167000,
    "grossProfit": 837261000,
    "grossProfitRatio": 0.4692041371,
    "researchAndDevelopmentExpenses": 0,
    "generalAndAdministrativeExpenses": 0,
    "sellingAndMarketingExpenses": 0,
    "sellingGeneralAndAdministrativeExpenses": 0,
    "otherExpenses": 674557000,
    "operatingExpenses": 674557000,
    "costAndExpenses": 1621724000,
    "interestIncome": 0,
    "interestExpense": 34604000,
    "depreciationAndAmortization": 25421000,
    "ebitda": 222729000,
    "ebitdaratio": 0.124818149,
    "operatingIncome": 162704000,
    "operatingIncomeRatio": 0.0911799187,
    "totalOtherIncomeExpensesNet": 0,
    "incomeBeforeTax": 162704000,
    "incomeBeforeTaxRatio": 0.0911799187,
    "incomeTaxExpense": 51753000,
    "netIncome": 110711000,
    "netIncomeRatio": 0.0620428507,
    "eps": 0.26,
    "epsdiluted": 0.25,
    "weightedAverageShsOut": 445969353,
    "weightedAverageShsOutDil": 448466625,
    "link": "https://www.sec.gov/Archives/edgar/data/11544/000001154415000010/0000011544-15-000010-index.htm",
    "finalLink": "https://www.sec.gov/Archives/edgar/data/11544/000001154415000010/wrb1231201410k.htm"
  },
  {
    "date": "2014-09-30",
    "symbol": "WRB",
    "reportedCurrency": "USD",
    "cik": "0000011544",
    "fillingDate": "2014-11-07",
    "acceptedDate": "2014-11-07 09:30:02",
    "calendarYear": "2014",
    "period": "Q3",
    "revenue": 1840605000,
    "costOfRevenue": 910389000,
    "grossProfit": 930216000,
    "grossProfitRatio": 0.5053860008,
    "researchAndDevelopmentExpenses": 0,
    "generalAndAdministrativeExpenses": 0,
    "sellingAndMarketingExpenses": 0,
    "sellingGeneralAndAdministrativeExpenses": 0,
    "otherExpenses": 651763000,
    "operatingExpenses": 651763000,
    "costAndExpenses": 1562152000,
    "interestIncome": 0,
    "interestExpense": 32929000,
    "depreciationAndAmortization": 12583000,
    "ebitda": 323965000,
    "ebitdaratio": 0.1760100619,
    "operatingIncome": 278453000,
    "operatingIncomeRatio": 0.1512834095,
    "totalOtherIncomeExpensesNet": 0,
    "incomeBeforeTax": 278453000,
    "incomeBeforeTaxRatio": 0.1512834095,
    "incomeTaxExpense": 89662000,
    "netIncome": 188539000,
    "netIncomeRatio": 0.1024331674,
    "eps": 0.44,
    "epsdiluted": 0.42,
    "weightedAverageShsOut": 448156520,
    "weightedAverageShsOutDil": 448878375,
    "link": "https://www.sec.gov/Archives/edgar/data/11544/000001154414000066/0000011544-14-000066-index.htm",
    "finalLink": "https://www.sec.gov/Archives/edgar/data/11544/000001154414000066/wrb930201410q.htm"
  },
  {
    "date": "2014-06-30",
    "symbol": "WRB",
    "reportedCurrency": "USD",
    "cik": "0000011544",
    "fillingDate": "2014-08-07",
    "acceptedDate": "2014-08-07 11:41:36",
    "calendarYear": "2014",
    "period": "Q2",
    "revenue": 1796989000,
    "costOfRevenue": 891385000,
    "grossProfit": 905604000,
    "grossProfitRatio": 0.5039563403,
    "researchAndDevelopmentExpenses": 0,
    "generalAndAdministrativeExpenses": 0,
    "sellingAndMarketingExpenses": 0,
    "sellingGeneralAndAdministrativeExpenses": 0,
    "otherExpenses": 642150000,
    "operatingExpenses": 642150000,
    "costAndExpenses": 1533535000,
    "interestIncome": 0,
    "interestExpense": 30311000,
    "depreciationAndAmortization": 25596000,
    "ebitda": 319361000,
    "ebitdaratio": 0.177720064,
    "operatingIncome": 263454000,
    "operatingIncomeRatio": 0.1466085769,
    "totalOtherIncomeExpensesNet": 0,
    "incomeBeforeTax": 263454000,
    "incomeBeforeTaxRatio": 0.1466085769,
    "incomeTaxExpense": 83277000,
    "netIncome": 179961000,
    "netIncomeRatio": 0.1001458551,
    "eps": 0.42,
    "epsdiluted": 0.4,
    "weightedAverageShsOut": 449901000,
    "weightedAverageShsOutDil": 449901000,
    "link": "https://www.sec.gov/Archives/edgar/data/11544/000001154414000052/0000011544-14-000052-index.htm",
    "finalLink": "https://www.sec.gov/Archives/edgar/data/11544/000001154414000052/wrb630201410q.htm"
  },
  {
    "date": "2014-03-31",
    "symbol": "WRB",
    "reportedCurrency": "USD",
    "cik": "0000011544",
    "fillingDate": "2014-05-12",
    "acceptedDate": "2014-05-12 12:37:25",
    "calendarYear": "2014",
    "period": "Q1",
    "revenue": 1706906000,
    "costOfRevenue": 844352000,
    "grossProfit": 862554000,
    "grossProfitRatio": 0.5053318695,
    "researchAndDevelopmentExpenses": 0,
    "generalAndAdministrativeExpenses": 0,
    "sellingAndMarketingExpenses": 0,
    "sellingGeneralAndAdministrativeExpenses": 0,
    "otherExpenses": 614969000,
    "operatingExpenses": 614969000,
    "costAndExpenses": 1459321000,
    "interestIncome": 0,
    "interestExpense": 30330000,
    "depreciationAndAmortization": 25236000,
    "ebitda": 303151000,
    "ebitdaratio": 0.1776026331,
    "operatingIncome": 247585000,
    "operatingIncomeRatio": 0.1450489951,
    "totalOtherIncomeExpensesNet": 0,
    "incomeBeforeTax": 247585000,
    "incomeBeforeTaxRatio": 0.1450489951,
    "incomeTaxExpense": 77901000,
    "netIncome": 169673000,
    "netIncomeRatio": 0.0994038336,
    "eps": 0.39,
    "epsdiluted": 0.37,
    "weightedAverageShsOut": 457072875,
    "weightedAverageShsOutDil": 457072875,
    "link": "https://www.sec.gov/Archives/edgar/data/11544/000001154414000024/0000011544-14-000024-index.htm",
    "finalLink": "https://www.sec.gov/Archives/edgar/data/11544/000001154414000024/wrb331201410q.htm"
  },
  {
    "date": "2013-12-31",
    "symbol": "WRB",
    "reportedCurrency": "USD",
    "cik": "0000011544",
    "fillingDate": "2014-02-28",
    "acceptedDate": "2014-02-28 16:51:18",
    "calendarYear": "2013",
    "period": "Q4",
    "revenue": 1696679000,
    "costOfRevenue": 870756000,
    "grossProfit": 825923000,
    "grossProfitRatio": 0.4867880135,
    "researchAndDevelopmentExpenses": 0,
    "generalAndAdministrativeExpenses": 0,
    "sellingAndMarketingExpenses": 0,
    "sellingGeneralAndAdministrativeExpenses": 0,
    "otherExpenses": 644197000,
    "operatingExpenses": 644197000,
    "costAndExpenses": 1514953000,
    "interestIncome": 0,
    "interestExpense": 30510000,
    "depreciationAndAmortization": 23041000,
    "ebitda": 235277000,
    "ebitdaratio": 0.1386691295,
    "operatingIncome": 181726000,
    "operatingIncomeRatio": 0.1071068835,
    "totalOtherIncomeExpensesNet": 0,
    "incomeBeforeTax": 181726000,
    "incomeBeforeTaxRatio": 0.1071068835,
    "incomeTaxExpense": 46338000,
    "netIncome": 130379000,
    "netIncomeRatio": 0.0768436457,
    "eps": 0.29,
    "epsdiluted": 0.28,
    "weightedAverageShsOut": 471369375,
    "weightedAverageShsOutDil": 471369375,
    "link": "https://www.sec.gov/Archives/edgar/data/11544/000001154414000012/0000011544-14-000012-index.htm",
    "finalLink": "https://www.sec.gov/Archives/edgar/data/11544/000001154414000012/wrb1231201310k.htm"
  },
  {
    "date": "2013-09-30",
    "symbol": "WRB",
    "reportedCurrency": "USD",
    "cik": "0000011544",
    "fillingDate": "2013-11-08",
    "acceptedDate": "2013-11-08 17:06:32",
    "calendarYear": "2013",
    "period": "Q3",
    "revenue": 1634124000,
    "costOfRevenue": 819340000,
    "grossProfit": 814784000,
    "grossProfitRatio": 0.4986059809,
    "researchAndDevelopmentExpenses": 0,
    "generalAndAdministrativeExpenses": 0,
    "sellingAndMarketingExpenses": 0,
    "sellingGeneralAndAdministrativeExpenses": 0,
    "otherExpenses": 616551000,
    "operatingExpenses": 616551000,
    "costAndExpenses": 1435891000,
    "interestIncome": 0,
    "interestExpense": 30349000,
    "depreciationAndAmortization": 29432000,
    "ebitda": 258014000,
    "ebitdaratio": 0.1578913228,
    "operatingIncome": 198233000,
    "operatingIncomeRatio": 0.1213084197,
    "totalOtherIncomeExpensesNet": 0,
    "incomeBeforeTax": 198233000,
    "incomeBeforeTaxRatio": 0.1213084197,
    "incomeTaxExpense": 60045000,
    "netIncome": 136974000,
    "netIncomeRatio": 0.0838210564,
    "eps": 0.3,
    "epsdiluted": 0.29,
    "weightedAverageShsOut": 475058250,
    "weightedAverageShsOutDil": 475058250,
    "link": "https://www.sec.gov/Archives/edgar/data/11544/000001154413000084/0000011544-13-000084-index.htm",
    "finalLink": "https://www.sec.gov/Archives/edgar/data/11544/000001154413000084/wrb930201310q.htm"
  },
  {
    "date": "2013-06-30",
    "symbol": "WRB",
    "reportedCurrency": "USD",
    "cik": "0000011544",
    "fillingDate": "2013-08-06",
    "acceptedDate": "2013-08-06 14:08:21",
    "calendarYear": "2013",
    "period": "Q2",
    "revenue": 1570962000,
    "costOfRevenue": 828606000,
    "grossProfit": 742356000,
    "grossProfitRatio": 0.4725486676,
    "researchAndDevelopmentExpenses": 0,
    "generalAndAdministrativeExpenses": 0,
    "sellingAndMarketingExpenses": 0,
    "sellingGeneralAndAdministrativeExpenses": 0,
    "otherExpenses": 583650000,
    "operatingExpenses": 583650000,
    "costAndExpenses": 1412256000,
    "interestIncome": 0,
    "interestExpense": 31207000,
    "depreciationAndAmortization": 29707000,
    "ebitda": 219620000,
    "ebitdaratio": 0.1397996896,
    "operatingIncome": 158706000,
    "operatingIncomeRatio": 0.1010247224,
    "totalOtherIncomeExpensesNet": 0,
    "incomeBeforeTax": 158706000,
    "incomeBeforeTaxRatio": 0.1010247224,
    "incomeTaxExpense": 43579000,
    "netIncome": 115957000,
    "netIncomeRatio": 0.0738127339,
    "eps": 0.38,
    "epsdiluted": 0.36,
    "weightedAverageShsOut": 317866500,
    "weightedAverageShsOutDil": 317866500,
    "link": "https://www.sec.gov/Archives/edgar/data/11544/000001154413000072/0000011544-13-000072-index.htm",
    "finalLink": "https://www.sec.gov/Archives/edgar/data/11544/000001154413000072/wrb630201310q.htm"
  },
  {
    "date": "2013-03-31",
    "symbol": "WRB",
    "reportedCurrency": "USD",
    "cik": "0000011544",
    "fillingDate": "2013-05-06",
    "acceptedDate": "2013-05-06 14:31:35",
    "calendarYear": "2013",
    "period": "Q1",
    "revenue": 1506769000,
    "costOfRevenue": 766984000,
    "grossProfit": 739785000,
    "grossProfitRatio": 0.4909743962,
    "researchAndDevelopmentExpenses": 0,
    "generalAndAdministrativeExpenses": 0,
    "sellingAndMarketingExpenses": 0,
    "sellingGeneralAndAdministrativeExpenses": 0,
    "otherExpenses": 579562000,
    "operatingExpenses": 579562000,
    "costAndExpenses": 1346546000,
    "interestIncome": 0,
    "interestExpense": 31111000,
    "depreciationAndAmortization": 20910000,
    "ebitda": 212244000,
    "ebitdaratio": 0.1408603442,
    "operatingIncome": 160223000,
    "operatingIncomeRatio": 0.1063354768,
    "totalOtherIncomeExpensesNet": 0,
    "incomeBeforeTax": 160223000,
    "incomeBeforeTaxRatio": 0.1063354768,
    "incomeTaxExpense": 43625000,
    "netIncome": 116615000,
    "netIncomeRatio": 0.0773940796,
    "eps": 0.38,
    "epsdiluted": 0.37,
    "weightedAverageShsOut": 316115478,
    "weightedAverageShsOutDil": 317751750,
    "link": "https://www.sec.gov/Archives/edgar/data/11544/000001154413000036/0000011544-13-000036-index.htm",
    "finalLink": "https://www.sec.gov/Archives/edgar/data/11544/000001154413000036/wrb331201310q.htm"
  },
  {
    "date": "2012-12-31",
    "symbol": "WRB",
    "reportedCurrency": "USD",
    "cik": "0000011544",
    "fillingDate": "2013-02-28",
    "acceptedDate": "2013-02-28 14:27:25",
    "calendarYear": "2012",
    "period": "Q4",
    "revenue": 1367580000,
    "costOfRevenue": 801173000,
    "grossProfit": 566407000,
    "grossProfitRatio": 0.4141673613,
    "researchAndDevelopmentExpenses": 0,
    "generalAndAdministrativeExpenses": 0,
    "sellingAndMarketingExpenses": 0,
    "sellingGeneralAndAdministrativeExpenses": 0,
    "otherExpenses": 333914000,
    "operatingExpenses": 333914000,
    "costAndExpenses": 1135087000,
    "interestIncome": 0,
    "interestExpense": 32552000,
    "depreciationAndAmortization": 38330000,
    "ebitda": 303375000,
    "ebitdaratio": 0.2218334576,
    "operatingIncome": 232493000,
    "operatingIncomeRatio": 0.1700032174,
    "totalOtherIncomeExpensesNet": 0,
    "incomeBeforeTax": 232493000,
    "incomeBeforeTaxRatio": 0.1700032174,
    "incomeTaxExpense": 66994000,
    "netIncome": 165489000,
    "netIncomeRatio": 0.121008643,
    "eps": 0.54,
    "epsdiluted": 0.52,
    "weightedAverageShsOut": 318300106,
    "weightedAverageShsOutDil": 318721500,
    "link": "https://www.sec.gov/Archives/edgar/data/11544/000001154413000018/0000011544-13-000018-index.htm",
    "finalLink": "https://www.sec.gov/Archives/edgar/data/11544/000001154413000018/wrb1231201210k.htm"
  },
  {
    "date": "2012-09-30",
    "symbol": "WRB",
    "reportedCurrency": "USD",
    "cik": "0000011544",
    "fillingDate": "2012-11-08",
    "acceptedDate": "2012-11-08 16:24:22",
    "calendarYear": "2012",
    "period": "Q3",
    "revenue": 1420501000,
    "costOfRevenue": 759401000,
    "grossProfit": 661100000,
    "grossProfitRatio": 0.4653991796,
    "researchAndDevelopmentExpenses": 0,
    "generalAndAdministrativeExpenses": 0,
    "sellingAndMarketingExpenses": 0,
    "sellingGeneralAndAdministrativeExpenses": 451487000,
    "otherExpenses": 75920000,
    "operatingExpenses": 527407000,
    "costAndExpenses": 1286808000,
    "interestIncome": 0,
    "interestExpense": 32512000,
    "depreciationAndAmortization": 17942000,
    "ebitda": 184147000,
    "ebitdaratio": 0.1296352484,
    "operatingIncome": 133693000,
    "operatingIncomeRatio": 0.094116794,
    "totalOtherIncomeExpensesNet": 0,
    "incomeBeforeTax": 133693000,
    "incomeBeforeTaxRatio": 0.094116794,
    "incomeTaxExpense": 32685000,
    "netIncome": 100947000,
    "netIncomeRatio": 0.0710643639,
    "eps": 0.33,
    "epsdiluted": 0.32,
    "weightedAverageShsOut": 318683250,
    "weightedAverageShsOutDil": 318683250,
    "link": "https://www.sec.gov/Archives/edgar/data/11544/000001154412000092/0000011544-12-000092-index.htm",
    "finalLink": "https://www.sec.gov/Archives/edgar/data/11544/000001154412000092/wrb930201210q.htm"
  },
  {
    "date": "2012-06-30",
    "symbol": "WRB",
    "reportedCurrency": "USD",
    "cik": "0000011544",
    "fillingDate": "2012-08-08",
    "acceptedDate": "2012-08-08 17:07:50",
    "calendarYear": "2012",
    "period": "Q2",
    "revenue": 1415747000,
    "costOfRevenue": 752837000,
    "grossProfit": 662910000,
    "grossProfitRatio": 0.4682404413,
    "researchAndDevelopmentExpenses": 0,
    "generalAndAdministrativeExpenses": 0,
    "sellingAndMarketingExpenses": 0,
    "sellingGeneralAndAdministrativeExpenses": 448758000,
    "otherExpenses": 65713000,
    "operatingExpenses": 514471000,
    "costAndExpenses": 1267308000,
    "interestIncome": 0,
    "interestExpense": 32417000,
    "depreciationAndAmortization": 24935000,
    "ebitda": 205791000,
    "ebitdaratio": 0.1453585987,
    "operatingIncome": 148439000,
    "operatingIncomeRatio": 0.1048485358,
    "totalOtherIncomeExpensesNet": 0,
    "incomeBeforeTax": 148439000,
    "incomeBeforeTaxRatio": 0.1048485358,
    "incomeTaxExpense": 39535000,
    "netIncome": 108838000,
    "netIncomeRatio": 0.0768767301,
    "eps": 0.35,
    "epsdiluted": 0.34,
    "weightedAverageShsOut": 310907250,
    "weightedAverageShsOutDil": 322938000,
    "link": "https://www.sec.gov/Archives/edgar/data/11544/000001154412000066/0000011544-12-000066-index.htm",
    "finalLink": "https://www.sec.gov/Archives/edgar/data/11544/000001154412000066/wrb630201210q.htm"
  },
  {
    "date": "2012-03-31",
    "symbol": "WRB",
    "reportedCurrency": "USD",
    "cik": "0000011544",
    "fillingDate": "2012-05-07",
    "acceptedDate": "2012-05-07 16:18:11",
    "calendarYear": "2012",
    "period": "Q1",
    "revenue": 1378705000,
    "costOfRevenue": 699064000,
    "grossProfit": 679641000,
    "grossProfitRatio": 0.4929560711,
    "researchAndDevelopmentExpenses": 0,
    "generalAndAdministrativeExpenses": 0,
    "sellingAndMarketingExpenses": 0,
    "sellingGeneralAndAdministrativeExpenses": 431779000,
    "otherExpenses": 60559000,
    "operatingExpenses": 492338000,
    "costAndExpenses": 1191402000,
    "interestIncome": 0,
    "interestExpense": 28821000,
    "depreciationAndAmortization": 22212000,
    "ebitda": 238336000,
    "ebitdaratio": 0.1728694681,
    "operatingIncome": 187303000,
    "operatingIncomeRatio": 0.1358542981,
    "totalOtherIncomeExpensesNet": 0,
    "incomeBeforeTax": 187303000,
    "incomeBeforeTaxRatio": 0.1358542981,
    "incomeTaxExpense": 52071000,
    "netIncome": 135318000,
    "netIncomeRatio": 0.098148625,
    "eps": 0.44,
    "epsdiluted": 0.42,
    "weightedAverageShsOut": 310081500,
    "weightedAverageShsOutDil": 322674750,
    "link": "https://www.sec.gov/Archives/edgar/data/11544/000001154412000031/0000011544-12-000031-index.htm",
    "finalLink": "https://www.sec.gov/Archives/edgar/data/11544/000001154412000031/wrb331201210q.htm"
  },
  {
    "date": "2011-12-31",
    "symbol": "WRB",
    "reportedCurrency": "USD",
    "cik": "0000011544",
    "fillingDate": "2012-02-28",
    "acceptedDate": "2012-02-28 14:57:21",
    "calendarYear": "2011",
    "period": "Q4",
    "revenue": 1370953000,
    "costOfRevenue": 693014000,
    "grossProfit": 677939000,
    "grossProfitRatio": 0.4945019997,
    "researchAndDevelopmentExpenses": 0,
    "generalAndAdministrativeExpenses": 0,
    "sellingAndMarketingExpenses": 0,
    "sellingGeneralAndAdministrativeExpenses": 428289000,
    "otherExpenses": 99631000,
    "operatingExpenses": 527920000,
    "costAndExpenses": 1220934000,
    "interestIncome": 0,
    "interestExpense": 28195000,
    "depreciationAndAmortization": 30680000,
    "ebitda": 208894000,
    "ebitdaratio": 0.1523713796,
    "operatingIncome": 150019000,
    "operatingIncomeRatio": 0.1094268002,
    "totalOtherIncomeExpensesNet": 0,
    "incomeBeforeTax": 150019000,
    "incomeBeforeTaxRatio": 0.1094268002,
    "incomeTaxExpense": 32065000,
    "netIncome": 117926000,
    "netIncomeRatio": 0.0860175367,
    "eps": 0.38,
    "epsdiluted": 0.36,
    "weightedAverageShsOut": 308576662,
    "weightedAverageShsOutDil": 321817146,
    "link": "https://www.sec.gov/Archives/edgar/data/11544/000001154412000021/0000011544-12-000021-index.htm",
    "finalLink": "https://www.sec.gov/Archives/edgar/data/11544/000001154412000021/wrb1231201110k.htm"
  },
  {
    "date": "2011-09-30",
    "symbol": "WRB",
    "reportedCurrency": "USD",
    "cik": "0000011544",
    "fillingDate": "2011-11-07",
    "acceptedDate": "2011-11-07 10:55:13",
    "calendarYear": "2011",
    "period": "Q3",
    "revenue": 1279731000,
    "costOfRevenue": 683980000,
    "grossProfit": 595751000,
    "grossProfitRatio": 0.4655283024,
    "researchAndDevelopmentExpenses": 0,
    "generalAndAdministrativeExpenses": 0,
    "sellingAndMarketingExpenses": 0,
    "sellingGeneralAndAdministrativeExpenses": 407149000,
    "otherExpenses": 92456000,
    "operatingExpenses": 499605000,
    "costAndExpenses": 1183585000,
    "interestIncome": 0,
    "interestExpense": 28068000,
    "depreciationAndAmortization": 24153000,
    "ebitda": 148367000,
    "ebitdaratio": 0.1159360834,
    "operatingIncome": 96146000,
    "operatingIncomeRatio": 0.0751298515,
    "totalOtherIncomeExpensesNet": 0,
    "incomeBeforeTax": 96146000,
    "incomeBeforeTaxRatio": 0.0751298515,
    "incomeTaxExpense": 19775000,
    "netIncome": 76410000,
    "netIncomeRatio": 0.0597078605,
    "eps": 0.25,
    "epsdiluted": 0.24,
    "weightedAverageShsOut": 312336000,
    "weightedAverageShsOutDil": 325210500,
    "link": "https://www.sec.gov/Archives/edgar/data/11544/000001154411000048/0000011544-11-000048-index.htm",
    "finalLink": "https://www.sec.gov/Archives/edgar/data/11544/000001154411000048/wrb930201110q.htm"
  },
  {
    "date": "2011-06-30",
    "symbol": "WRB",
    "reportedCurrency": "USD",
    "cik": "0000011544",
    "fillingDate": "2011-08-05",
    "acceptedDate": "2011-08-05 10:53:52",
    "calendarYear": "2011",
    "period": "Q2",
    "revenue": 1270949000,
    "costOfRevenue": 674276000,
    "grossProfit": 596673000,
    "grossProfitRatio": 0.4694704508,
    "researchAndDevelopmentExpenses": 0,
    "generalAndAdministrativeExpenses": 0,
    "sellingAndMarketingExpenses": 0,
    "sellingGeneralAndAdministrativeExpenses": 403658000,
    "otherExpenses": 83987000,
    "operatingExpenses": 487645000,
    "costAndExpenses": 1161921000,
    "interestIncome": 0,
    "interestExpense": 28132000,
    "depreciationAndAmortization": 11100000,
    "ebitda": 148260000,
    "ebitdaratio": 0.1166529892,
    "operatingIncome": 109028000,
    "operatingIncomeRatio": 0.0857847168,
    "totalOtherIncomeExpensesNet": 0,
    "incomeBeforeTax": 109028000,
    "incomeBeforeTaxRatio": 0.0857847168,
    "incomeTaxExpense": 26908000,
    "netIncome": 82184000,
    "netIncomeRatio": 0.0646634916,
    "eps": 0.26,
    "epsdiluted": 0.25,
    "weightedAverageShsOut": 318683250,
    "weightedAverageShsOutDil": 332273250,
    "link": "https://www.sec.gov/Archives/edgar/data/11544/000119312511211637/0001193125-11-211637-index.htm",
    "finalLink": "https://www.sec.gov/Archives/edgar/data/11544/000119312511211637/d10q.htm"
  },
  {
    "date": "2011-03-31",
    "symbol": "WRB",
    "reportedCurrency": "USD",
    "cik": "0000011544",
    "fillingDate": "2011-05-06",
    "acceptedDate": "2011-05-06 11:14:00",
    "calendarYear": "2011",
    "period": "Q1",
    "revenue": 1234351000,
    "costOfRevenue": 607095000,
    "grossProfit": 627256000,
    "grossProfitRatio": 0.5081666398,
    "researchAndDevelopmentExpenses": 0,
    "generalAndAdministrativeExpenses": 0,
    "sellingAndMarketingExpenses": 0,
    "sellingGeneralAndAdministrativeExpenses": 386129000,
    "otherExpenses": 81933000,
    "operatingExpenses": 468062000,
    "costAndExpenses": 1075157000,
    "interestIncome": 0,
    "interestExpense": 28117000,
    "depreciationAndAmortization": 22079000,
    "ebitda": 209390000,
    "ebitdaratio": 0.1696357033,
    "operatingIncome": 159194000,
    "operatingIncomeRatio": 0.1289697987,
    "totalOtherIncomeExpensesNet": 0,
    "incomeBeforeTax": 159194000,
    "incomeBeforeTaxRatio": 0.1289697987,
    "incomeTaxExpense": 43599000,
    "netIncome": 115590000,
    "netIncomeRatio": 0.0936443524,
    "eps": 0.37,
    "epsdiluted": 0.35,
    "weightedAverageShsOut": 317648250,
    "weightedAverageShsOutDil": 331706250,
    "link": "https://www.sec.gov/Archives/edgar/data/11544/000095012311046282/0000950123-11-046282-index.htm",
    "finalLink": "https://www.sec.gov/Archives/edgar/data/11544/000095012311046282/y90829e10vq.htm"
  },
  {
    "date": "2010-12-31",
    "symbol": "WRB",
    "reportedCurrency": "USD",
    "cik": "0000011544",
    "fillingDate": "2011-02-28",
    "acceptedDate": "2011-02-28 15:37:05",
    "calendarYear": "2010",
    "period": "Q4",
    "revenue": 1231342000,
    "costOfRevenue": 591512000,
    "grossProfit": 639830000,
    "grossProfitRatio": 0.5196200568,
    "researchAndDevelopmentExpenses": 0,
    "generalAndAdministrativeExpenses": 0,
    "sellingAndMarketingExpenses": 0,
    "sellingGeneralAndAdministrativeExpenses": 388355000,
    "otherExpenses": 75884000,
    "operatingExpenses": 464239000,
    "costAndExpenses": 1055751000,
    "interestIncome": 0,
    "interestExpense": 28189000,
    "depreciationAndAmortization": 18804000,
    "ebitda": 222584000,
    "ebitdaratio": 0.1807653763,
    "operatingIncome": 175591000,
    "operatingIncomeRatio": 0.1426013244,
    "totalOtherIncomeExpensesNet": 0,
    "incomeBeforeTax": 175591000,
    "incomeBeforeTaxRatio": 0.1426013244,
    "incomeTaxExpense": 48699000,
    "netIncome": 126851000,
    "netIncomeRatio": 0.1030184953,
    "eps": 0.38,
    "epsdiluted": 0.37,
    "weightedAverageShsOut": 322518312,
    "weightedAverageShsOutDil": 335610376,
    "link": "https://www.sec.gov/Archives/edgar/data/11544/000095012311019708/0000950123-11-019708-index.htm",
    "finalLink": "https://www.sec.gov/Archives/edgar/data/11544/000095012311019708/y88683e10vk.htm"
  },
  {
    "date": "2010-09-30",
    "symbol": "WRB",
    "reportedCurrency": "USD",
    "cik": "0000011544",
    "fillingDate": "2010-11-08",
    "acceptedDate": "2010-11-08 09:56:47",
    "calendarYear": "2010",
    "period": "Q3",
    "revenue": 1176112000,
    "costOfRevenue": 597907000,
    "grossProfit": 578205000,
    "grossProfitRatio": 0.491624097,
    "researchAndDevelopmentExpenses": 0,
    "generalAndAdministrativeExpenses": 0,
    "sellingAndMarketingExpenses": 0,
    "sellingGeneralAndAdministrativeExpenses": 369217000,
    "otherExpenses": 87688000,
    "operatingExpenses": 456905000,
    "costAndExpenses": 1054812000,
    "interestIncome": 0,
    "interestExpense": 26725000,
    "depreciationAndAmortization": 21595000,
    "ebitda": 169620000,
    "ebitdaratio": 0.1442209585,
    "operatingIncome": 121300000,
    "operatingIncomeRatio": 0.103136436,
    "totalOtherIncomeExpensesNet": 0,
    "incomeBeforeTax": 121300000,
    "incomeBeforeTaxRatio": 0.103136436,
    "incomeTaxExpense": 27631000,
    "netIncome": 93619000,
    "netIncomeRatio": 0.0796004122,
    "eps": 0.28,
    "epsdiluted": 0.27,
    "weightedAverageShsOut": 330927750,
    "weightedAverageShsOutDil": 346860000,
    "link": "https://www.sec.gov/Archives/edgar/data/11544/000095012310102184/0000950123-10-102184-index.htm",
    "finalLink": "https://www.sec.gov/Archives/edgar/data/11544/000095012310102184/y87404e10vq.htm"
  },
  {
    "date": "2010-06-30",
    "symbol": "WRB",
    "reportedCurrency": "USD",
    "cik": "0000011544",
    "fillingDate": "2010-08-06",
    "acceptedDate": "2010-08-06 11:50:02",
    "calendarYear": "2010",
    "period": "Q2",
    "revenue": 1163068000,
    "costOfRevenue": 570475000,
    "grossProfit": 592593000,
    "grossProfitRatio": 0.5095084724,
    "researchAndDevelopmentExpenses": 0,
    "generalAndAdministrativeExpenses": 0,
    "sellingAndMarketingExpenses": 0,
    "sellingGeneralAndAdministrativeExpenses": 370823000,
    "otherExpenses": 75948000,
    "operatingExpenses": 446771000,
    "costAndExpenses": 1017246000,
    "interestIncome": 0,
    "interestExpense": 26014000,
    "depreciationAndAmortization": 21940000,
    "ebitda": 193776000,
    "ebitdaratio": 0.1666076274,
    "operatingIncome": 145822000,
    "operatingIncomeRatio": 0.1253770201,
    "totalOtherIncomeExpensesNet": 0,
    "incomeBeforeTax": 145822000,
    "incomeBeforeTaxRatio": 0.1253770201,
    "incomeTaxExpense": 35598000,
    "netIncome": 110207000,
    "netIncomeRatio": 0.0947554227,
    "eps": 0.32,
    "epsdiluted": 0.31,
    "weightedAverageShsOut": 340233750,
    "weightedAverageShsOutDil": 354287250,
    "link": "https://www.sec.gov/Archives/edgar/data/11544/000095012310073981/0000950123-10-073981-index.htm",
    "finalLink": "https://www.sec.gov/Archives/edgar/data/11544/000095012310073981/y85252e10vq.htm"
  },
  {
    "date": "2010-03-31",
    "symbol": "WRB",
    "reportedCurrency": "USD",
    "cik": "0000011544",
    "fillingDate": "2010-05-07",
    "acceptedDate": "2010-05-07 11:49:13",
    "calendarYear": "2010",
    "period": "Q1",
    "revenue": 1153547000,
    "costOfRevenue": 549973000,
    "grossProfit": 603574000,
    "grossProfitRatio": 0.5232331236,
    "researchAndDevelopmentExpenses": 0,
    "generalAndAdministrativeExpenses": 0,
    "sellingAndMarketingExpenses": 0,
    "sellingGeneralAndAdministrativeExpenses": 367967000,
    "otherExpenses": 75015000,
    "operatingExpenses": 442982000,
    "costAndExpenses": 992955000,
    "interestIncome": 0,
    "interestExpense": 26041000,
    "depreciationAndAmortization": 20528000,
    "ebitda": 207161000,
    "ebitdaratio": 0.179586094,
    "operatingIncome": 160592000,
    "operatingIncomeRatio": 0.1392158274,
    "totalOtherIncomeExpensesNet": 0,
    "incomeBeforeTax": 160592000,
    "incomeBeforeTaxRatio": 0.1392158274,
    "incomeTaxExpense": 41811000,
    "netIncome": 118610000,
    "netIncomeRatio": 0.1028219916,
    "eps": 0.34,
    "epsdiluted": 0.33,
    "weightedAverageShsOut": 345251250,
    "weightedAverageShsOutDil": 359484750,
    "link": "https://www.sec.gov/Archives/edgar/data/11544/000095012310046102/0000950123-10-046102-index.htm",
    "finalLink": "https://www.sec.gov/Archives/edgar/data/11544/000095012310046102/y84408e10vq.htm"
  },
  {
    "date": "2009-12-31",
    "symbol": "WRB",
    "reportedCurrency": "USD",
    "cik": "0000011544",
    "fillingDate": "2010-02-26",
    "acceptedDate": "2010-02-26 15:53:49",
    "calendarYear": "2009",
    "period": "Q4",
    "revenue": 1176150000,
    "costOfRevenue": 543031000,
    "grossProfit": 633119000,
    "grossProfitRatio": 0.5382978362,
    "researchAndDevelopmentExpenses": 0,
    "generalAndAdministrativeExpenses": 0,
    "sellingAndMarketingExpenses": 0,
    "sellingGeneralAndAdministrativeExpenses": 364855000,
    "otherExpenses": 82773000,
    "operatingExpenses": 447628000,
    "costAndExpenses": 990659000,
    "interestIncome": 0,
    "interestExpense": 25953000,
    "depreciationAndAmortization": 22708000,
    "ebitda": 234152000,
    "ebitdaratio": 0.1990834502,
    "operatingIncome": 185491000,
    "operatingIncomeRatio": 0.1577103261,
    "totalOtherIncomeExpensesNet": 0,
    "incomeBeforeTax": 185491000,
    "incomeBeforeTaxRatio": 0.1577103261,
    "incomeTaxExpense": 51347000,
    "netIncome": 134294000,
    "netIncomeRatio": 0.1141810143,
    "eps": 0.37,
    "epsdiluted": 0.36,
    "weightedAverageShsOut": 359703000,
    "weightedAverageShsOutDil": 373502250,
    "link": "https://www.sec.gov/Archives/edgar/data/11544/000095012310018092/0000950123-10-018092-index.htm",
    "finalLink": "https://www.sec.gov/Archives/edgar/data/11544/000095012310018092/y82923e10vk.htm"
  },
  {
    "date": "2009-09-30",
    "symbol": "WRB",
    "reportedCurrency": "USD",
    "cik": "0000011544",
    "fillingDate": "2009-11-09",
    "acceptedDate": "2009-11-09 14:02:28",
    "calendarYear": "2009",
    "period": "Q3",
    "revenue": 1136309000,
    "costOfRevenue": 585964000,
    "grossProfit": 550345000,
    "grossProfitRatio": 0.4843268864,
    "researchAndDevelopmentExpenses": 0,
    "generalAndAdministrativeExpenses": 0,
    "sellingAndMarketingExpenses": 0,
    "sellingGeneralAndAdministrativeExpenses": 353122000,
    "otherExpenses": 71448000,
    "operatingExpenses": 424570000,
    "costAndExpenses": 1010534000,
    "interestIncome": 0,
    "interestExpense": 21599000,
    "depreciationAndAmortization": 8340000,
    "ebitda": 155714000,
    "ebitdaratio": 0.1370349086,
    "operatingIncome": 125775000,
    "operatingIncomeRatio": 0.1106873218,
    "totalOtherIncomeExpensesNet": 0,
    "incomeBeforeTax": 125775000,
    "incomeBeforeTaxRatio": 0.1106873218,
    "incomeTaxExpense": 27987000,
    "netIncome": 97722000,
    "netIncomeRatio": 0.0859994949,
    "eps": 0.27,
    "epsdiluted": 0.26,
    "weightedAverageShsOut": 361053000,
    "weightedAverageShsOutDil": 375156000,
    "link": "https://www.sec.gov/Archives/edgar/data/11544/000095012309060008/0000950123-09-060008-index.htm",
    "finalLink": "https://www.sec.gov/Archives/edgar/data/11544/000095012309060008/y80287e10vq.htm"
  },
  {
    "date": "2009-06-30",
    "symbol": "WRB",
    "reportedCurrency": "USD",
    "cik": "0000011544",
    "fillingDate": "2009-08-07",
    "acceptedDate": "2009-08-07 15:07:20",
    "calendarYear": "2009",
    "period": "Q2",
    "revenue": 1155098000,
    "costOfRevenue": 597267000,
    "grossProfit": 557831000,
    "grossProfitRatio": 0.4829295869,
    "researchAndDevelopmentExpenses": 0,
    "generalAndAdministrativeExpenses": 0,
    "sellingAndMarketingExpenses": 0,
    "sellingGeneralAndAdministrativeExpenses": 365514000,
    "otherExpenses": 67004000,
    "operatingExpenses": 432518000,
    "costAndExpenses": 1029785000,
    "interestIncome": 0,
    "interestExpense": 20213000,
    "depreciationAndAmortization": 24568000,
    "ebitda": 170094000,
    "ebitdaratio": 0.1472550381,
    "operatingIncome": 125313000,
    "operatingIncomeRatio": 0.1084868989,
    "totalOtherIncomeExpensesNet": 0,
    "incomeBeforeTax": 125313000,
    "incomeBeforeTaxRatio": 0.1084868989,
    "incomeTaxExpense": 27881000,
    "netIncome": 97387000,
    "netIncomeRatio": 0.0843105953,
    "eps": 0.27,
    "epsdiluted": 0.26,
    "weightedAverageShsOut": 360018000,
    "weightedAverageShsOutDil": 374008500,
    "link": "https://www.sec.gov/Archives/edgar/data/11544/000095012309032013/0000950123-09-032013-index.htm",
    "finalLink": "https://www.sec.gov/Archives/edgar/data/11544/000095012309032013/y78720e10vq.htm"
  },
  {
    "date": "2009-03-31",
    "symbol": "WRB",
    "reportedCurrency": "USD",
    "cik": "0000011544",
    "fillingDate": "2009-05-08",
    "acceptedDate": "2009-05-08 11:00:58",
    "calendarYear": "2009",
    "period": "Q1",
    "revenue": 963621000,
    "costOfRevenue": 610445000,
    "grossProfit": 353176000,
    "grossProfitRatio": 0.3665092396,
    "researchAndDevelopmentExpenses": 0,
    "generalAndAdministrativeExpenses": 0,
    "sellingAndMarketingExpenses": 0,
    "sellingGeneralAndAdministrativeExpenses": 357347000,
    "otherExpenses": 50178000,
    "operatingExpenses": 407525000,
    "costAndExpenses": 1017970000,
    "interestIncome": 0,
    "interestExpense": 20224000,
    "depreciationAndAmortization": 23259000,
    "ebitda": -10866000,
    "ebitdaratio": -0.0112762175,
    "operatingIncome": -54349000,
    "operatingIncomeRatio": -0.0564008049,
    "totalOtherIncomeExpensesNet": 0,
    "incomeBeforeTax": -54349000,
    "incomeBeforeTaxRatio": -0.0564008049,
    "incomeTaxExpense": -34065000,
    "netIncome": -20346000,
    "netIncomeRatio": -0.0211141102,
    "eps": -0.0561,
    "epsdiluted": -0.0561,
    "weightedAverageShsOut": 362452500,
    "weightedAverageShsOutDil": 362452500,
    "link": "https://www.sec.gov/Archives/edgar/data/11544/000095012309008373/0000950123-09-008373-index.htm",
    "finalLink": "https://www.sec.gov/Archives/edgar/data/11544/000095012309008373/y77017e10vq.htm"
  },
  {
    "date": "2008-12-31",
    "symbol": "WRB",
    "reportedCurrency": "USD",
    "cik": "0000011544",
    "fillingDate": "2009-02-27",
    "acceptedDate": "2009-02-27 12:19:51",
    "calendarYear": "2008",
    "period": "Q4",
    "revenue": 1078835000,
    "costOfRevenue": 631663000,
    "grossProfit": 447172000,
    "grossProfitRatio": 0.4144952657,
    "researchAndDevelopmentExpenses": 0,
    "generalAndAdministrativeExpenses": 0,
    "sellingAndMarketingExpenses": 0,
    "sellingGeneralAndAdministrativeExpenses": 0,
    "otherExpenses": 423817000,
    "operatingExpenses": 423817000,
    "costAndExpenses": 1055480000,
    "interestIncome": 0,
    "interestExpense": 20232000,
    "depreciationAndAmortization": 23594000,
    "ebitda": 67181000,
    "ebitdaratio": 0.0622718025,
    "operatingIncome": 23355000,
    "operatingIncomeRatio": 0.0216483522,
    "totalOtherIncomeExpensesNet": 0,
    "incomeBeforeTax": 23355000,
    "incomeBeforeTaxRatio": 0.0216483522,
    "incomeTaxExpense": -16996000,
    "netIncome": 40326000,
    "netIncomeRatio": 0.03737921,
    "eps": 0.11,
    "epsdiluted": 0.11,
    "weightedAverageShsOut": 363028500,
    "weightedAverageShsOutDil": 377345250,
    "link": "https://www.sec.gov/Archives/edgar/data/11544/000095012309003653/0000950123-09-003653-index.htm",
    "finalLink": "https://www.sec.gov/Archives/edgar/data/11544/000095012309003653/y74875e10vk.htm"
  },
  {
    "date": "2008-09-30",
    "symbol": "WRB",
    "reportedCurrency": "USD",
    "cik": "0000011544",
    "fillingDate": "2008-11-10",
    "acceptedDate": "2008-11-10 10:29:04",
    "calendarYear": "2008",
    "period": "Q3",
    "revenue": 1055630000,
    "costOfRevenue": 694254000,
    "grossProfit": 361376000,
    "grossProfitRatio": 0.3423320671,
    "researchAndDevelopmentExpenses": 0,
    "generalAndAdministrativeExpenses": 0,
    "sellingAndMarketingExpenses": 0,
    "sellingGeneralAndAdministrativeExpenses": 358580000,
    "otherExpenses": 59588000,
    "operatingExpenses": 418168000,
    "costAndExpenses": 1112422000,
    "interestIncome": 0,
    "interestExpense": 20251000,
    "depreciationAndAmortization": 18885000,
    "ebitda": -17656000,
    "ebitdaratio": -0.0167255573,
    "operatingIncome": -56792000,
    "operatingIncomeRatio": -0.0537991531,
    "totalOtherIncomeExpensesNet": 0,
    "incomeBeforeTax": -56792000,
    "incomeBeforeTaxRatio": -0.0537991531,
    "incomeTaxExpense": -28964000,
    "netIncome": -27880000,
    "netIncomeRatio": -0.0264107689,
    "eps": -0.0762,
    "epsdiluted": -0.0762,
    "weightedAverageShsOut": 366018750,
    "weightedAverageShsOutDil": 366018750,
    "link": "https://www.sec.gov/Archives/edgar/data/11544/000095012308014872/0000950123-08-014872-index.htm",
    "finalLink": "https://www.sec.gov/Archives/edgar/data/11544/000095012308014872/y72484e10vq.htm"
  },
  {
    "date": "2008-06-30",
    "symbol": "WRB",
    "reportedCurrency": "USD",
    "cik": "0000011544",
    "fillingDate": "2008-08-08",
    "acceptedDate": "2008-08-08 11:22:50",
    "calendarYear": "2008",
    "period": "Q2",
    "revenue": 1199139000,
    "costOfRevenue": 679703000,
    "grossProfit": 519436000,
    "grossProfitRatio": 0.4331741358,
    "researchAndDevelopmentExpenses": 0,
    "generalAndAdministrativeExpenses": 0,
    "sellingAndMarketingExpenses": 0,
    "sellingGeneralAndAdministrativeExpenses": 376249000,
    "otherExpenses": 47739000,
    "operatingExpenses": 423988000,
    "costAndExpenses": 1103691000,
    "interestIncome": 0,
    "interestExpense": 21396000,
    "depreciationAndAmortization": 4409000,
    "ebitda": 121253000,
    "ebitdaratio": 0.1011167179,
    "operatingIncome": 95448000,
    "operatingIncomeRatio": 0.0795971109,
    "totalOtherIncomeExpensesNet": 0,
    "incomeBeforeTax": 95448000,
    "incomeBeforeTaxRatio": 0.0795971109,
    "incomeTaxExpense": 15173000,
    "netIncome": 80257000,
    "netIncomeRatio": 0.0669288548,
    "eps": 0.21,
    "epsdiluted": 0.2,
    "weightedAverageShsOut": 376137000,
    "weightedAverageShsOutDil": 390789000,
    "link": "https://www.sec.gov/Archives/edgar/data/11544/000095012308009129/0000950123-08-009129-index.htm",
    "finalLink": "https://www.sec.gov/Archives/edgar/data/11544/000095012308009129/y65025e10vq.htm"
  },
  {
    "date": "2008-03-31",
    "symbol": "WRB",
    "reportedCurrency": "USD",
    "cik": "0000011544",
    "fillingDate": "2008-05-08",
    "acceptedDate": "2008-05-08 16:44:35",
    "calendarYear": "2008",
    "period": "Q1",
    "revenue": 1375204000,
    "costOfRevenue": 1013909000,
    "grossProfit": 361295000,
    "grossProfitRatio": 0.2627210218,
    "researchAndDevelopmentExpenses": 0,
    "generalAndAdministrativeExpenses": 0,
    "sellingAndMarketingExpenses": 0,
    "sellingGeneralAndAdministrativeExpenses": 380173000,
    "otherExpenses": -283189000,
    "operatingExpenses": 96984000,
    "costAndExpenses": 1110893000,
    "interestIncome": 0,
    "interestExpense": 22744000,
    "depreciationAndAmortization": 37065000,
    "ebitda": 324120000,
    "ebitdaratio": 0.2356886687,
    "operatingIncome": 264311000,
    "operatingIncomeRatio": 0.1921976667,
    "totalOtherIncomeExpensesNet": 0,
    "incomeBeforeTax": 264311000,
    "incomeBeforeTaxRatio": 0.1921976667,
    "incomeTaxExpense": 75706000,
    "netIncome": 188438000,
    "netIncomeRatio": 0.1370254886,
    "eps": 0.48,
    "epsdiluted": 0.46,
    "weightedAverageShsOut": 397572750,
    "weightedAverageShsOutDil": 413559000,
    "link": "https://www.sec.gov/Archives/edgar/data/11544/000095012308005348/0000950123-08-005348-index.htm",
    "finalLink": "https://www.sec.gov/Archives/edgar/data/11544/000095012308005348/y57749e10vq.htm"
  },
  {
    "date": "2007-12-31",
    "symbol": "WRB",
    "reportedCurrency": "USD",
    "cik": "0000011544",
    "fillingDate": "2008-02-29",
    "acceptedDate": "2008-02-29 11:56:58",
    "calendarYear": "2007",
    "period": "Q4",
    "revenue": 1400003000,
    "costOfRevenue": 28032000,
    "grossProfit": 1371971000,
    "grossProfitRatio": 0.9799771858,
    "researchAndDevelopmentExpenses": 0,
    "generalAndAdministrativeExpenses": 0,
    "sellingAndMarketingExpenses": 0,
    "sellingGeneralAndAdministrativeExpenses": 0,
    "otherExpenses": 1110406000,
    "operatingExpenses": 1110406000,
    "costAndExpenses": 1138438000,
    "interestIncome": 0,
    "interestExpense": 22889000,
    "depreciationAndAmortization": 11849000,
    "ebitda": 296303000,
    "ebitdaratio": 0.2116445465,
    "operatingIncome": 261565000,
    "operatingIncomeRatio": 0.1868317425,
    "totalOtherIncomeExpensesNet": 0,
    "incomeBeforeTax": 261565000,
    "incomeBeforeTaxRatio": 0.1868317425,
    "incomeTaxExpense": 76050000,
    "netIncome": 184124000,
    "netIncomeRatio": 0.131516861,
    "eps": 0.5,
    "epsdiluted": 0.48,
    "weightedAverageShsOut": 413880750,
    "weightedAverageShsOutDil": 425364750,
    "link": "https://www.sec.gov/Archives/edgar/data/11544/000095012308002324/0000950123-08-002324-index.htm",
    "finalLink": "https://www.sec.gov/Archives/edgar/data/11544/000095012308002324/y50287e10vk.htm"
  },
  {
    "date": "2007-09-30",
    "symbol": "WRB",
    "reportedCurrency": "USD",
    "cik": "0000011544",
    "fillingDate": "2007-11-09",
    "acceptedDate": "2007-11-09 11:11:42",
    "calendarYear": "2007",
    "period": "Q3",
    "revenue": 1408032000,
    "costOfRevenue": 1039788000,
    "grossProfit": 368244000,
    "grossProfitRatio": 0.2615309879,
    "researchAndDevelopmentExpenses": 0,
    "generalAndAdministrativeExpenses": 0,
    "sellingAndMarketingExpenses": 0,
    "sellingGeneralAndAdministrativeExpenses": 0,
    "otherExpenses": 110541000,
    "operatingExpenses": 110541000,
    "costAndExpenses": 1150329000,
    "interestIncome": 0,
    "interestExpense": 22707000,
    "depreciationAndAmortization": 20066000,
    "ebitda": 300476000,
    "ebitdaratio": 0.2134014,
    "operatingIncome": 257703000,
    "operatingIncomeRatio": 0.1830235392,
    "totalOtherIncomeExpensesNet": 0,
    "incomeBeforeTax": 257703000,
    "incomeBeforeTaxRatio": 0.1830235392,
    "incomeTaxExpense": 76344000,
    "netIncome": 180463000,
    "netIncomeRatio": 0.1281668314,
    "eps": 0.43,
    "epsdiluted": 0.41,
    "weightedAverageShsOut": 419852250,
    "weightedAverageShsOutDil": 435867750,
    "link": "https://www.sec.gov/Archives/edgar/data/11544/000095012307015190/0000950123-07-015190-index.htm",
    "finalLink": "https://www.sec.gov/Archives/edgar/data/11544/000095012307015190/y42297e10vq.htm"
  },
  {
    "date": "2007-06-30",
    "symbol": "WRB",
    "reportedCurrency": "USD",
    "cik": "0000011544",
    "fillingDate": "2007-08-06",
    "acceptedDate": "2007-08-06 15:50:54",
    "calendarYear": "2007",
    "period": "Q2",
    "revenue": 1386583000,
    "costOfRevenue": 1028846000,
    "grossProfit": 357737000,
    "grossProfitRatio": 0.2579989802,
    "researchAndDevelopmentExpenses": 0,
    "generalAndAdministrativeExpenses": 0,
    "sellingAndMarketingExpenses": 0,
    "sellingGeneralAndAdministrativeExpenses": 0,
    "otherExpenses": 87314000,
    "operatingExpenses": 87314000,
    "costAndExpenses": 1116160000,
    "interestIncome": 0,
    "interestExpense": 22700000,
    "depreciationAndAmortization": 21016000,
    "ebitda": 314139000,
    "ebitdaratio": 0.2265562177,
    "operatingIncome": 270423000,
    "operatingIncomeRatio": 0.1950283539,
    "totalOtherIncomeExpensesNet": 0,
    "incomeBeforeTax": 270423000,
    "incomeBeforeTaxRatio": 0.1950283539,
    "incomeTaxExpense": 79376000,
    "netIncome": 190633000,
    "netIncomeRatio": 0.1374840165,
    "eps": 0.44,
    "epsdiluted": 0.41,
    "weightedAverageShsOut": 437276250,
    "weightedAverageShsOutDil": 458824500,
    "link": "https://www.sec.gov/Archives/edgar/data/11544/000095012307010882/0000950123-07-010882-index.htm",
    "finalLink": "https://www.sec.gov/Archives/edgar/data/11544/000095012307010882/y37923e10vq.htm"
  },
  {
    "date": "2007-03-31",
    "symbol": "WRB",
    "reportedCurrency": "USD",
    "cik": "0000011544",
    "fillingDate": "2007-05-08",
    "acceptedDate": "2007-05-08 16:54:38",
    "calendarYear": "2007",
    "period": "Q1",
    "revenue": 1359021000,
    "costOfRevenue": 685147000,
    "grossProfit": 673874000,
    "grossProfitRatio": 0.4958525291,
    "researchAndDevelopmentExpenses": 0,
    "generalAndAdministrativeExpenses": 0,
    "sellingAndMarketingExpenses": 0,
    "sellingGeneralAndAdministrativeExpenses": 0,
    "otherExpenses": 405931000,
    "operatingExpenses": 405931000,
    "costAndExpenses": 1091078000,
    "interestIncome": 0,
    "interestExpense": 20700000,
    "depreciationAndAmortization": 20766000,
    "ebitda": 309409000,
    "ebitdaratio": 0.2276705069,
    "operatingIncome": 267943000,
    "operatingIncomeRatio": 0.1971588371,
    "totalOtherIncomeExpensesNet": 0,
    "incomeBeforeTax": 267943000,
    "incomeBeforeTaxRatio": 0.1971588371,
    "incomeTaxExpense": 79135000,
    "netIncome": 188426000,
    "netIncomeRatio": 0.1386483358,
    "eps": 0.44,
    "epsdiluted": 0.41,
    "weightedAverageShsOut": 434697750,
    "weightedAverageShsOutDil": 454671000,
    "link": "https://www.sec.gov/Archives/edgar/data/11544/000095012307007000/0000950123-07-007000-index.htm",
    "finalLink": "https://www.sec.gov/Archives/edgar/data/11544/000095012307007000/y34630e10vq.htm"
  },
  {
    "date": "2006-12-31",
    "symbol": "WRB",
    "reportedCurrency": "USD",
    "cik": "0000011544",
    "fillingDate": "2007-03-01",
    "acceptedDate": "2007-03-01 13:56:04",
    "calendarYear": "2006",
    "period": "Q4",
    "revenue": 1360443000,
    "costOfRevenue": 689249000,
    "grossProfit": 671194000,
    "grossProfitRatio": 0.4933642938,
    "researchAndDevelopmentExpenses": 0,
    "generalAndAdministrativeExpenses": 0,
    "sellingAndMarketingExpenses": 0,
    "sellingGeneralAndAdministrativeExpenses": 0,
    "otherExpenses": 388763000,
    "operatingExpenses": 388763000,
    "costAndExpenses": 1078012000,
    "interestIncome": 0,
    "interestExpense": 22488000,
    "depreciationAndAmortization": 14665000,
    "ebitda": 319584000,
    "ebitdaratio": 0.2349117163,
    "operatingIncome": 282431000,
    "operatingIncomeRatio": 0.2076022296,
    "totalOtherIncomeExpensesNet": 0,
    "incomeBeforeTax": 282431000,
    "incomeBeforeTaxRatio": 0.2076022296,
    "incomeTaxExpense": 83147000,
    "netIncome": 198056000,
    "netIncomeRatio": 0.1455819906,
    "eps": 0.46,
    "epsdiluted": 0.43,
    "weightedAverageShsOut": 432904362,
    "weightedAverageShsOutDil": 460170552,
    "link": "https://www.sec.gov/Archives/edgar/data/11544/000095012307003012/0000950123-07-003012-index.htm",
    "finalLink": "https://www.sec.gov/Archives/edgar/data/11544/000095012307003012/y30637e10vk.htm"
  },
  {
    "date": "2006-09-30",
    "symbol": "WRB",
    "reportedCurrency": "USD",
    "cik": "0000011544",
    "fillingDate": "2006-11-03",
    "acceptedDate": "2006-11-03 12:49:21",
    "calendarYear": "2006",
    "period": "Q3",
    "revenue": 1368508000,
    "costOfRevenue": 731941000,
    "grossProfit": 636567000,
    "grossProfitRatio": 0.4651540218,
    "researchAndDevelopmentExpenses": 0,
    "generalAndAdministrativeExpenses": 0,
    "sellingAndMarketingExpenses": 0,
    "sellingGeneralAndAdministrativeExpenses": 0,
    "otherExpenses": 391604000,
    "operatingExpenses": 391604000,
    "costAndExpenses": 1123545000,
    "interestIncome": 0,
    "interestExpense": 23293000,
    "depreciationAndAmortization": 16780000,
    "ebitda": 285036000,
    "ebitdaratio": 0.2082823045,
    "operatingIncome": 244963000,
    "operatingIncomeRatio": 0.1790000497,
    "totalOtherIncomeExpensesNet": 0,
    "incomeBeforeTax": 244963000,
    "incomeBeforeTaxRatio": 0.1790000497,
    "incomeTaxExpense": 70445000,
    "netIncome": 174308000,
    "netIncomeRatio": 0.1273708301,
    "eps": 0.4,
    "epsdiluted": 0.39,
    "weightedAverageShsOut": 430981319,
    "weightedAverageShsOutDil": 450796552,
    "link": "https://www.sec.gov/Archives/edgar/data/11544/000095012306013463/0000950123-06-013463-index.htm",
    "finalLink": "https://www.sec.gov/Archives/edgar/data/11544/000095012306013463/y26590e10vq.htm"
  },
  {
    "date": "2006-06-30",
    "symbol": "WRB",
    "reportedCurrency": "USD",
    "cik": "0000011544",
    "fillingDate": "2006-08-07",
    "acceptedDate": "2006-08-07 16:20:52",
    "calendarYear": "2006",
    "period": "Q2",
    "revenue": 1358346000,
    "costOfRevenue": 742110000,
    "grossProfit": 616236000,
    "grossProfitRatio": 0.4536664443,
    "researchAndDevelopmentExpenses": 0,
    "generalAndAdministrativeExpenses": 0,
    "sellingAndMarketingExpenses": 0,
    "sellingGeneralAndAdministrativeExpenses": 0,
    "otherExpenses": 382198000,
    "operatingExpenses": 382198000,
    "costAndExpenses": 1124308000,
    "interestIncome": 0,
    "interestExpense": 23272000,
    "depreciationAndAmortization": 15646000,
    "ebitda": 272956000,
    "ebitdaratio": 0.2009473286,
    "operatingIncome": 234038000,
    "operatingIncomeRatio": 0.1722963074,
    "totalOtherIncomeExpensesNet": 0,
    "incomeBeforeTax": 234038000,
    "incomeBeforeTaxRatio": 0.1722963074,
    "incomeTaxExpense": 67883000,
    "netIncome": 165452000,
    "netIncomeRatio": 0.1218040175,
    "eps": 0.38,
    "epsdiluted": 0.36,
    "weightedAverageShsOut": 432868605,
    "weightedAverageShsOutDil": 453984146,
    "link": "https://www.sec.gov/Archives/edgar/data/11544/000095012306010020/0000950123-06-010020-index.htm",
    "finalLink": "https://www.sec.gov/Archives/edgar/data/11544/000095012306010020/y23797e10vq.htm"
  },
  {
    "date": "2006-03-31",
    "symbol": "WRB",
    "reportedCurrency": "USD",
    "cik": "0000011544",
    "fillingDate": "2006-05-08",
    "acceptedDate": "2006-05-08 17:28:39",
    "calendarYear": "2006",
    "period": "Q1",
    "revenue": 1307534000,
    "costOfRevenue": 1011288000,
    "grossProfit": 296246000,
    "grossProfitRatio": 0.2265684869,
    "researchAndDevelopmentExpenses": 0,
    "generalAndAdministrativeExpenses": 0,
    "sellingAndMarketingExpenses": 0,
    "sellingGeneralAndAdministrativeExpenses": 0,
    "otherExpenses": 69033000,
    "operatingExpenses": 69033000,
    "costAndExpenses": 1080321000,
    "interestIncome": 0,
    "interestExpense": 23469000,
    "depreciationAndAmortization": 18055000,
    "ebitda": 268737000,
    "ebitdaratio": 0.2055296459,
    "operatingIncome": 227213000,
    "operatingIncomeRatio": 0.1737721543,
    "totalOtherIncomeExpensesNet": 0,
    "incomeBeforeTax": 227213000,
    "incomeBeforeTaxRatio": 0.1737721543,
    "incomeTaxExpense": 64923000,
    "netIncome": 161702000,
    "netIncomeRatio": 0.1236694419,
    "eps": 0.37,
    "epsdiluted": 0.36,
    "weightedAverageShsOut": 431417250,
    "weightedAverageShsOutDil": 455244750,
    "link": "https://www.sec.gov/Archives/edgar/data/11544/000095012306005895/0000950123-06-005895-index.htm",
    "finalLink": "https://www.sec.gov/Archives/edgar/data/11544/000095012306005895/y20879e10vq.htm"
  },
  {
    "date": "2005-12-31",
    "symbol": "WRB",
    "reportedCurrency": "USD",
    "cik": "0000011544",
    "fillingDate": "2006-03-13",
    "acceptedDate": "2006-03-13 17:14:32",
    "calendarYear": "2005",
    "period": "Q4",
    "revenue": 1343890000,
    "costOfRevenue": 82241000,
    "grossProfit": 1261649000,
    "grossProfitRatio": 0.9388037711,
    "researchAndDevelopmentExpenses": 0,
    "generalAndAdministrativeExpenses": 0,
    "sellingAndMarketingExpenses": 0,
    "sellingGeneralAndAdministrativeExpenses": 0,
    "otherExpenses": 1024006000,
    "operatingExpenses": 1024006000,
    "costAndExpenses": 1106247000,
    "interestIncome": 0,
    "interestExpense": 24952000,
    "depreciationAndAmortization": 23606000,
    "ebitda": 286201000,
    "ebitdaratio": 0.2129646028,
    "operatingIncome": 237643000,
    "operatingIncomeRatio": 0.1768321812,
    "totalOtherIncomeExpensesNet": 0,
    "incomeBeforeTax": 237643000,
    "incomeBeforeTaxRatio": 0.1768321812,
    "incomeTaxExpense": 69157000,
    "netIncome": 167424000,
    "netIncomeRatio": 0.124581625,
    "eps": 0.39,
    "epsdiluted": 0.37,
    "weightedAverageShsOut": 434338823,
    "weightedAverageShsOutDil": 454851471,
    "link": "https://www.sec.gov/Archives/edgar/data/11544/000095012306003047/0000950123-06-003047-index.htm",
    "finalLink": "https://www.sec.gov/Archives/edgar/data/11544/000095012306003047/y18323e10vk.htm"
  },
  {
    "date": "2005-09-30",
    "symbol": "WRB",
    "reportedCurrency": "USD",
    "cik": "0000011544",
    "fillingDate": "2005-11-03",
    "acceptedDate": "2005-11-03 10:34:33",
    "calendarYear": "2005",
    "period": "Q3",
    "revenue": 1272177000,
    "costOfRevenue": 1042263000,
    "grossProfit": 229914000,
    "grossProfitRatio": 0.180724852,
    "researchAndDevelopmentExpenses": 0,
    "generalAndAdministrativeExpenses": 0,
    "sellingAndMarketingExpenses": 0,
    "sellingGeneralAndAdministrativeExpenses": 0,
    "otherExpenses": 62573000,
    "operatingExpenses": 62573000,
    "costAndExpenses": 1104836000,
    "interestIncome": 0,
    "interestExpense": 23632000,
    "depreciationAndAmortization": 9416000,
    "ebitda": 200389000,
    "ebitdaratio": 0.1575166034,
    "operatingIncome": 167341000,
    "operatingIncomeRatio": 0.1315390861,
    "totalOtherIncomeExpensesNet": 0,
    "incomeBeforeTax": 167341000,
    "incomeBeforeTaxRatio": 0.1315390861,
    "incomeTaxExpense": 44540000,
    "netIncome": 122518000,
    "netIncomeRatio": 0.0963057813,
    "eps": 0.28,
    "epsdiluted": 0.27,
    "weightedAverageShsOut": 430727344,
    "weightedAverageShsOutDil": 451910656,
    "link": "https://www.sec.gov/Archives/edgar/data/11544/000095012305013020/0000950123-05-013020-index.htm",
    "finalLink": "https://www.sec.gov/Archives/edgar/data/11544/000095012305013020/y14236e10vq.htm"
  },
  {
    "date": "2005-06-30",
    "symbol": "WRB",
    "reportedCurrency": "USD",
    "cik": "0000011544",
    "fillingDate": "2005-08-02",
    "acceptedDate": "2005-08-02 17:22:30",
    "calendarYear": "2005",
    "period": "Q2",
    "revenue": 1220784000,
    "costOfRevenue": 972864000,
    "grossProfit": 247920000,
    "grossProfitRatio": 0.2030826092,
    "researchAndDevelopmentExpenses": 0,
    "generalAndAdministrativeExpenses": 0,
    "sellingAndMarketingExpenses": 0,
    "sellingGeneralAndAdministrativeExpenses": 0,
    "otherExpenses": 56279000,
    "operatingExpenses": 56279000,
    "costAndExpenses": 1029143000,
    "interestIncome": 0,
    "interestExpense": 19217000,
    "depreciationAndAmortization": 15798000,
    "ebitda": 226656000,
    "ebitdaratio": 0.1856642944,
    "operatingIncome": 191641000,
    "operatingIncomeRatio": 0.1569819067,
    "totalOtherIncomeExpensesNet": 0,
    "incomeBeforeTax": 191641000,
    "incomeBeforeTaxRatio": 0.1569819067,
    "incomeTaxExpense": 56095000,
    "netIncome": 134079000,
    "netIncomeRatio": 0.1098302402,
    "eps": 0.31,
    "epsdiluted": 0.3,
    "weightedAverageShsOut": 430968214,
    "weightedAverageShsOutDil": 450265299,
    "link": "https://www.sec.gov/Archives/edgar/data/11544/000095012305009293/0000950123-05-009293-index.htm",
    "finalLink": "https://www.sec.gov/Archives/edgar/data/11544/000095012305009293/y11278e10vq.htm"
  },
  {
    "date": "2005-03-31",
    "symbol": "WRB",
    "reportedCurrency": "USD",
    "cik": "0000011544",
    "fillingDate": "2005-05-03",
    "acceptedDate": "2005-05-03 13:26:59",
    "calendarYear": "2005",
    "period": "Q1",
    "revenue": 1159988000,
    "costOfRevenue": 926897000,
    "grossProfit": 233091000,
    "grossProfitRatio": 0.200942596,
    "researchAndDevelopmentExpenses": 0,
    "generalAndAdministrativeExpenses": 0,
    "sellingAndMarketingExpenses": 0,
    "sellingGeneralAndAdministrativeExpenses": 0,
    "otherExpenses": 59179000,
    "operatingExpenses": 59179000,
    "costAndExpenses": 986076000,
    "interestIncome": 0,
    "interestExpense": 18125000,
    "depreciationAndAmortization": 15034000,
    "ebitda": 207071000,
    "ebitdaratio": 0.1785113294,
    "operatingIncome": 173912000,
    "operatingIncomeRatio": 0.1499256889,
    "totalOtherIncomeExpensesNet": 0,
    "incomeBeforeTax": 173912000,
    "incomeBeforeTaxRatio": 0.1499256889,
    "incomeTaxExpense": 52729000,
    "netIncome": 120871000,
    "netIncomeRatio": 0.1042002159,
    "eps": 0.28,
    "epsdiluted": 0.27,
    "weightedAverageShsOut": 427133250,
    "weightedAverageShsOutDil": 449293500,
    "link": "https://www.sec.gov/Archives/edgar/data/11544/000095012305005491/0000950123-05-005491-index.htm",
    "finalLink": "https://www.sec.gov/Archives/edgar/data/11544/000095012305005491/y08534e10vq.htm"
  },
  {
    "date": "2004-12-31",
    "symbol": "WRB",
    "reportedCurrency": "USD",
    "cik": "0000011544",
    "fillingDate": "2005-03-14",
    "acceptedDate": "2005-03-14 06:01:13",
    "calendarYear": "2004",
    "period": "Q4",
    "revenue": 1183240000,
    "costOfRevenue": 53425000,
    "grossProfit": 1129815000,
    "grossProfitRatio": 0.9548485514,
    "researchAndDevelopmentExpenses": 0,
    "generalAndAdministrativeExpenses": 0,
    "sellingAndMarketingExpenses": 0,
    "sellingGeneralAndAdministrativeExpenses": 0,
    "otherExpenses": 958802000,
    "operatingExpenses": 958802000,
    "costAndExpenses": 1012227000,
    "interestIncome": 0,
    "interestExpense": 18191000,
    "depreciationAndAmortization": 19898000,
    "ebitda": 209102000,
    "ebitdaratio": 0.176719854,
    "operatingIncome": 171013000,
    "operatingIncomeRatio": 0.1445294277,
    "totalOtherIncomeExpensesNet": 0,
    "incomeBeforeTax": 171013000,
    "incomeBeforeTaxRatio": 0.1445294277,
    "incomeTaxExpense": 53398000,
    "netIncome": 116121000,
    "netIncomeRatio": 0.098138163,
    "eps": 0.27,
    "epsdiluted": 0.26,
    "weightedAverageShsOut": 425567134,
    "weightedAverageShsOutDil": 441978134,
    "link": "https://www.sec.gov/Archives/edgar/data/11544/000095012305003028/0000950123-05-003028-index.htm",
    "finalLink": "https://www.sec.gov/Archives/edgar/data/11544/000095012305003028/y06585e10vk.htm"
  },
  {
    "date": "2004-09-30",
    "symbol": "WRB",
    "reportedCurrency": "USD",
    "cik": "0000011544",
    "fillingDate": "2004-11-08",
    "acceptedDate": "2004-11-08 15:42:06",
    "calendarYear": "2004",
    "period": "Q3",
    "revenue": 1139536000,
    "costOfRevenue": 950422000,
    "grossProfit": 189114000,
    "grossProfitRatio": 0.1659570211,
    "researchAndDevelopmentExpenses": 0,
    "generalAndAdministrativeExpenses": 0,
    "sellingAndMarketingExpenses": 0,
    "sellingGeneralAndAdministrativeExpenses": 0,
    "otherExpenses": 50211000,
    "operatingExpenses": 50211000,
    "costAndExpenses": 1000633000,
    "interestIncome": 0,
    "interestExpense": 16707000,
    "depreciationAndAmortization": 6026000,
    "ebitda": 161636000,
    "ebitdaratio": 0.1418436978,
    "operatingIncome": 138903000,
    "operatingIncomeRatio": 0.12189435,
    "totalOtherIncomeExpensesNet": 0,
    "incomeBeforeTax": 138903000,
    "incomeBeforeTaxRatio": 0.12189435,
    "incomeTaxExpense": 40645000,
    "netIncome": 97072000,
    "netIncomeRatio": 0.0851855492,
    "eps": 0.23,
    "epsdiluted": 0.22,
    "weightedAverageShsOut": 425648250,
    "weightedAverageShsOutDil": 446380875,
    "link": "https://www.sec.gov/Archives/edgar/data/11544/000095012304013170/0000950123-04-013170-index.htm",
    "finalLink": "https://www.sec.gov/Archives/edgar/data/11544/000095012304013170/y68487e10vq.htm"
  },
  {
    "date": "2004-06-30",
    "symbol": "WRB",
    "reportedCurrency": "USD",
    "cik": "0000011544",
    "fillingDate": "2004-08-05",
    "acceptedDate": "2004-08-04 18:51:08",
    "calendarYear": "2004",
    "period": "Q2",
    "revenue": 1110754000,
    "costOfRevenue": 902107000,
    "grossProfit": 208647000,
    "grossProfitRatio": 0.1878426726,
    "researchAndDevelopmentExpenses": 0,
    "generalAndAdministrativeExpenses": 0,
    "sellingAndMarketingExpenses": 0,
    "sellingGeneralAndAdministrativeExpenses": 0,
    "otherExpenses": 50701000,
    "operatingExpenses": 50701000,
    "costAndExpenses": 952808000,
    "interestIncome": 0,
    "interestExpense": 15754000,
    "depreciationAndAmortization": 15164000,
    "ebitda": 188864000,
    "ebitdaratio": 0.1700322484,
    "operatingIncome": 157946000,
    "operatingIncomeRatio": 0.1421971021,
    "totalOtherIncomeExpensesNet": 0,
    "incomeBeforeTax": 157946000,
    "incomeBeforeTaxRatio": 0.1421971021,
    "incomeTaxExpense": 48166000,
    "netIncome": 109484000,
    "netIncomeRatio": 0.0985672795,
    "eps": 0.26,
    "epsdiluted": 0.25,
    "weightedAverageShsOut": 424722414,
    "weightedAverageShsOutDil": 445190964,
    "link": "https://www.sec.gov/Archives/edgar/data/11544/000095012304009233/0000950123-04-009233-index.htm",
    "finalLink": "https://www.sec.gov/Archives/edgar/data/11544/000095012304009233/y99817e10vq.htm"
  },
  {
    "date": "2004-03-31",
    "symbol": "WRB",
    "reportedCurrency": "USD",
    "cik": "0000011544",
    "fillingDate": "2004-05-06",
    "acceptedDate": "2004-05-06 12:14:52",
    "calendarYear": "2004",
    "period": "Q1",
    "revenue": 1078705000,
    "costOfRevenue": 858694000,
    "grossProfit": 220011000,
    "grossProfitRatio": 0.2039584502,
    "researchAndDevelopmentExpenses": 0,
    "generalAndAdministrativeExpenses": 0,
    "sellingAndMarketingExpenses": 0,
    "sellingGeneralAndAdministrativeExpenses": 0,
    "otherExpenses": 49360000,
    "operatingExpenses": 49360000,
    "costAndExpenses": 908054000,
    "interestIncome": 0,
    "interestExpense": 15771000,
    "depreciationAndAmortization": 13946000,
    "ebitda": 200368000,
    "ebitdaratio": 0.1857486523,
    "operatingIncome": 170651000,
    "operatingIncomeRatio": 0.1581998786,
    "totalOtherIncomeExpensesNet": 0,
    "incomeBeforeTax": 170651000,
    "incomeBeforeTaxRatio": 0.1581998786,
    "incomeTaxExpense": 54026000,
    "netIncome": 115428000,
    "netIncomeRatio": 0.107006086,
    "eps": 0.27,
    "epsdiluted": 0.26,
    "weightedAverageShsOut": 423445109,
    "weightedAverageShsOutDil": 442692614,
    "link": "https://www.sec.gov/Archives/edgar/data/11544/000095012304005846/0000950123-04-005846-index.htm",
    "finalLink": "https://www.sec.gov/Archives/edgar/data/11544/000095012304005846/y97084e10vq.htm"
  },
  {
    "date": "2003-12-31",
    "symbol": "WRB",
    "reportedCurrency": "USD",
    "cik": "0000011544",
    "fillingDate": "2004-03-12",
    "acceptedDate": "2004-03-12 16:40:30",
    "calendarYear": "2003",
    "period": "Q4",
    "revenue": 995356000,
    "costOfRevenue": 558933000,
    "grossProfit": 436423000,
    "grossProfitRatio": 0.4384592045,
    "researchAndDevelopmentExpenses": 0,
    "generalAndAdministrativeExpenses": 0,
    "sellingAndMarketingExpenses": 0,
    "sellingGeneralAndAdministrativeExpenses": 0,
    "otherExpenses": 301140000,
    "operatingExpenses": 301140000,
    "costAndExpenses": 860073000,
    "interestIncome": 0,
    "interestExpense": 15540000,
    "depreciationAndAmortization": 6643000,
    "ebitda": 157466000,
    "ebitdaratio": 0.158200684,
    "operatingIncome": 135283000,
    "operatingIncomeRatio": 0.1359141855,
    "totalOtherIncomeExpensesNet": 0,
    "incomeBeforeTax": 135283000,
    "incomeBeforeTaxRatio": 0.1359141855,
    "incomeTaxExpense": 42666000,
    "netIncome": 93208000,
    "netIncomeRatio": 0.0936428775,
    "eps": 0.22,
    "epsdiluted": 0.21,
    "weightedAverageShsOut": 421425871,
    "weightedAverageShsOutDil": 436232127,
    "link": "https://www.sec.gov/Archives/edgar/data/11544/000095012304003258/0000950123-04-003258-index.htm",
    "finalLink": "https://www.sec.gov/Archives/edgar/data/11544/000095012304003258/y95088e10vk.txt"
  },
  {
    "date": "2003-09-30",
    "symbol": "WRB",
    "reportedCurrency": "USD",
    "cik": "0000011544",
    "fillingDate": "2003-11-14",
    "acceptedDate": "2003-11-14 17:11:21",
    "calendarYear": "2003",
    "period": "Q3",
    "revenue": 916382000,
    "costOfRevenue": 533201000,
    "grossProfit": 383181000,
    "grossProfitRatio": 0.4181454895,
    "researchAndDevelopmentExpenses": 0,
    "generalAndAdministrativeExpenses": 0,
    "sellingAndMarketingExpenses": 0,
    "sellingGeneralAndAdministrativeExpenses": 0,
    "otherExpenses": 275106000,
    "operatingExpenses": 275106000,
    "costAndExpenses": 808307000,
    "interestIncome": 0,
    "interestExpense": 13825000,
    "depreciationAndAmortization": 1330000,
    "ebitda": 123230000,
    "ebitdaratio": 0.1344744877,
    "operatingIncome": 108075000,
    "operatingIncomeRatio": 0.1179366247,
    "totalOtherIncomeExpensesNet": 0,
    "incomeBeforeTax": 108075000,
    "incomeBeforeTaxRatio": 0.1179366247,
    "incomeTaxExpense": 30744000,
    "netIncome": 76469000,
    "netIncomeRatio": 0.0834466412,
    "eps": 0.18,
    "epsdiluted": 0.17,
    "weightedAverageShsOut": 420787296,
    "weightedAverageShsOutDil": 444970474,
    "link": "https://www.sec.gov/Archives/edgar/data/11544/000095012303012783/0000950123-03-012783-index.htm",
    "finalLink": "https://www.sec.gov/Archives/edgar/data/11544/000095012303012783/y91798e10vq.htm"
  },
  {
    "date": "2003-06-30",
    "symbol": "WRB",
    "reportedCurrency": "USD",
    "cik": "0000011544",
    "fillingDate": "2003-08-06",
    "acceptedDate": "2003-08-06 11:20:18",
    "calendarYear": "2003",
    "period": "Q2",
    "revenue": 926957000,
    "costOfRevenue": 514157000,
    "grossProfit": 412800000,
    "grossProfitRatio": 0.4453281004,
    "researchAndDevelopmentExpenses": 0,
    "generalAndAdministrativeExpenses": 0,
    "sellingAndMarketingExpenses": 0,
    "sellingGeneralAndAdministrativeExpenses": 0,
    "otherExpenses": 271433000,
    "operatingExpenses": 271433000,
    "costAndExpenses": 785590000,
    "interestIncome": 0,
    "interestExpense": 13273000,
    "depreciationAndAmortization": 5633000,
    "ebitda": 160273000,
    "ebitdaratio": 0.1729023029,
    "operatingIncome": 141367000,
    "operatingIncomeRatio": 0.1525065348,
    "totalOtherIncomeExpensesNet": 0,
    "incomeBeforeTax": 141367000,
    "incomeBeforeTaxRatio": 0.1525065348,
    "incomeTaxExpense": 44230000,
    "netIncome": 95840000,
    "netIncomeRatio": 0.1033920667,
    "eps": 0.23,
    "epsdiluted": 0.22,
    "weightedAverageShsOut": 421904348,
    "weightedAverageShsOutDil": 441081818,
    "link": "https://www.sec.gov/Archives/edgar/data/11544/000095012303009001/0000950123-03-009001-index.htm",
    "finalLink": "https://www.sec.gov/Archives/edgar/data/11544/000095012303009001/y89010e10vq.txt"
  },
  {
    "date": "2003-03-31",
    "symbol": "WRB",
    "reportedCurrency": "USD",
    "cik": "0000011544",
    "fillingDate": "2003-05-15",
    "acceptedDate": "2003-05-15 13:37:43",
    "calendarYear": "2003",
    "period": "Q1",
    "revenue": 791413000,
    "costOfRevenue": 443886000,
    "grossProfit": 347527000,
    "grossProfitRatio": 0.4391221777,
    "researchAndDevelopmentExpenses": 0,
    "generalAndAdministrativeExpenses": 0,
    "sellingAndMarketingExpenses": 0,
    "sellingGeneralAndAdministrativeExpenses": 0,
    "otherExpenses": 242948000,
    "operatingExpenses": 242948000,
    "costAndExpenses": 686834000,
    "interestIncome": 0,
    "interestExpense": 12095000,
    "depreciationAndAmortization": 6718000,
    "ebitda": 123392000,
    "ebitdaratio": 0.1559135369,
    "operatingIncome": 104579000,
    "operatingIncomeRatio": 0.1321421306,
    "totalOtherIncomeExpensesNet": 0,
    "incomeBeforeTax": 104579000,
    "incomeBeforeTaxRatio": 0.1321421306,
    "incomeTaxExpense": 32986000,
    "netIncome": 71703000,
    "netIncomeRatio": 0.0906012411,
    "eps": 0.17,
    "epsdiluted": 0.16,
    "weightedAverageShsOut": 419549625,
    "weightedAverageShsOutDil": 435334500,
    "link": "https://www.sec.gov/Archives/edgar/data/11544/000095012303006052/0000950123-03-006052-index.htm",
    "finalLink": "https://www.sec.gov/Archives/edgar/data/11544/000095012303006052/y86559e10vq.txt"
  },
  {
    "date": "2002-12-31",
    "symbol": "WRB",
    "reportedCurrency": "USD",
    "cik": "0000011544",
    "fillingDate": "2003-03-31",
    "acceptedDate": "2003-03-31 15:36:57",
    "calendarYear": "2002",
    "period": "Q4",
    "revenue": 818192000,
    "costOfRevenue": 448092000,
    "grossProfit": 370100000,
    "grossProfitRatio": 0.4523388153,
    "researchAndDevelopmentExpenses": 0,
    "generalAndAdministrativeExpenses": 0,
    "sellingAndMarketingExpenses": 0,
    "sellingGeneralAndAdministrativeExpenses": 0,
    "otherExpenses": 258114000,
    "operatingExpenses": 258114000,
    "costAndExpenses": 706206000,
    "interestIncome": 0,
    "interestExpense": 11417000,
    "depreciationAndAmortization": 3574000,
    "ebitda": 126977000,
    "ebitdaratio": 0.1551921798,
    "operatingIncome": 111986000,
    "operatingIncomeRatio": 0.1368700745,
    "totalOtherIncomeExpensesNet": 0,
    "incomeBeforeTax": 111986000,
    "incomeBeforeTaxRatio": 0.1368700745,
    "incomeTaxExpense": 32884000,
    "netIncome": 72731000,
    "netIncomeRatio": 0.0888923382,
    "eps": 0.18,
    "epsdiluted": 0.18,
    "weightedAverageShsOut": 407002009,
    "weightedAverageShsOutDil": 411821868,
    "link": "https://www.sec.gov/Archives/edgar/data/11544/000095012303003655/0000950123-03-003655-index.htm",
    "finalLink": "https://www.sec.gov/Archives/edgar/data/11544/000095012303003655/y84583e10vk.htm"
  },
  {
    "date": "2002-09-30",
    "symbol": "WRB",
    "reportedCurrency": "USD",
    "cik": "0000011544",
    "fillingDate": "2002-11-12",
    "acceptedDate": "2002-11-12 16:32:17",
    "calendarYear": "2002",
    "period": "Q3",
    "revenue": 634071000,
    "costOfRevenue": 368763000,
    "grossProfit": 265308000,
    "grossProfitRatio": 0.4184200192,
    "researchAndDevelopmentExpenses": 0,
    "generalAndAdministrativeExpenses": 0,
    "sellingAndMarketingExpenses": 0,
    "sellingGeneralAndAdministrativeExpenses": 0,
    "otherExpenses": 205775000,
    "operatingExpenses": 205775000,
    "costAndExpenses": 574538000,
    "interestIncome": 0,
    "interestExpense": 11593000,
    "depreciationAndAmortization": 4840000,
    "ebitda": 75966000,
    "ebitdaratio": 0.1198067724,
    "operatingIncome": 59533000,
    "operatingIncomeRatio": 0.0938901164,
    "totalOtherIncomeExpensesNet": 0,
    "incomeBeforeTax": 59533000,
    "incomeBeforeTaxRatio": 0.0938901164,
    "incomeTaxExpense": 19470000,
    "netIncome": 40544000,
    "netIncomeRatio": 0.0639423661,
    "eps": 0.11,
    "epsdiluted": 0.1,
    "weightedAverageShsOut": 381175875,
    "weightedAverageShsOutDil": 394799062,
    "link": "https://www.sec.gov/Archives/edgar/data/11544/000091403902000381/0000914039-02-000381-index.htm",
    "finalLink": "https://www.sec.gov/Archives/edgar/data/11544/000091403902000381/y65549e10vq.txt"
  },
  {
    "date": "2002-06-30",
    "symbol": "WRB",
    "reportedCurrency": "USD",
    "cik": "0000011544",
    "fillingDate": "2002-08-13",
    "acceptedDate": "2002-08-13 15:35:25",
    "calendarYear": "2002",
    "period": "Q2",
    "revenue": 566935000,
    "costOfRevenue": 336515000,
    "grossProfit": 230420000,
    "grossProfitRatio": 0.4064310723,
    "researchAndDevelopmentExpenses": 0,
    "generalAndAdministrativeExpenses": 0,
    "sellingAndMarketingExpenses": 0,
    "sellingGeneralAndAdministrativeExpenses": 0,
    "otherExpenses": 193213000,
    "operatingExpenses": 193213000,
    "costAndExpenses": 529728000,
    "interestIncome": 0,
    "interestExpense": 11330000,
    "depreciationAndAmortization": 4769000,
    "ebitda": 53306000,
    "ebitdaratio": 0.0940248882,
    "operatingIncome": 37207000,
    "operatingIncomeRatio": 0.0656283348,
    "totalOtherIncomeExpensesNet": 0,
    "incomeBeforeTax": 37207000,
    "incomeBeforeTaxRatio": 0.0656283348,
    "incomeTaxExpense": 15563000,
    "netIncome": 27374000,
    "netIncomeRatio": 0.0482841948,
    "eps": 0.0724,
    "epsdiluted": 0.0685,
    "weightedAverageShsOut": 380636718,
    "weightedAverageShsOutDil": 397904906,
    "link": "https://www.sec.gov/Archives/edgar/data/11544/000091403902000329/0000914039-02-000329-index.htm",
    "finalLink": "https://www.sec.gov/Archives/edgar/data/11544/000091403902000329/y63109e10vq.txt"
  },
  {
    "date": "2002-03-31",
    "symbol": "WRB",
    "reportedCurrency": "USD",
    "cik": "0000011544",
    "fillingDate": "2002-05-15",
    "acceptedDate": "2002-05-15 11:47:25",
    "calendarYear": "2002",
    "period": "Q1",
    "revenue": 547886000,
    "costOfRevenue": 310601000,
    "grossProfit": 237285000,
    "grossProfitRatio": 0.4330919206,
    "researchAndDevelopmentExpenses": 0,
    "generalAndAdministrativeExpenses": 0,
    "sellingAndMarketingExpenses": 0,
    "sellingGeneralAndAdministrativeExpenses": 0,
    "otherExpenses": -299466000,
    "operatingExpenses": -299466000,
    "costAndExpenses": 11135000,
    "interestIncome": 0,
    "interestExpense": 11135000,
    "depreciationAndAmortization": 4071000,
    "ebitda": 15206000,
    "ebitdaratio": 0.0277539488,
    "operatingIncome": 536751000,
    "operatingIncomeRatio": 0.979676429,
    "totalOtherIncomeExpensesNet": -486133000,
    "incomeBeforeTax": 50618000,
    "incomeBeforeTaxRatio": 0.0923878325,
    "incomeTaxExpense": 16222000,
    "netIncome": 34396000,
    "netIncomeRatio": 0.0627794833,
    "eps": 0.0906,
    "epsdiluted": 0.0871,
    "weightedAverageShsOut": 378277404,
    "weightedAverageShsOutDil": 393908238,
    "link": "https://www.sec.gov/Archives/edgar/data/11544/000091403902000235/0000914039-02-000235-index.htm",
    "finalLink": "https://www.sec.gov/Archives/edgar/data/11544/000091403902000235/y60707e10-q.txt"
  },
  {
    "date": "2001-12-31",
    "symbol": "WRB",
    "reportedCurrency": "USD",
    "cik": "0000011544",
    "fillingDate": "2002-03-28",
    "acceptedDate": "2002-03-28 00:00:00",
    "calendarYear": "2001",
    "period": "Q4",
    "revenue": 501575000,
    "costOfRevenue": 420902000,
    "grossProfit": 80673000,
    "grossProfitRatio": 0.160839356,
    "researchAndDevelopmentExpenses": 0,
    "generalAndAdministrativeExpenses": 0,
    "sellingAndMarketingExpenses": 0,
    "sellingGeneralAndAdministrativeExpenses": 0,
    "otherExpenses": 185453000,
    "operatingExpenses": 185453000,
    "costAndExpenses": 606355000,
    "interestIncome": 0,
    "interestExpense": 11287000,
    "depreciationAndAmortization": 4151000,
    "ebitda": -89342000,
    "ebitdaratio": -0.1781229128,
    "operatingIncome": -104780000,
    "operatingIncomeRatio": -0.2089019588,
    "totalOtherIncomeExpensesNet": 0,
    "incomeBeforeTax": -104780000,
    "incomeBeforeTaxRatio": -0.2089019588,
    "incomeTaxExpense": -35102000,
    "netIncome": -64164000,
    "netIncomeRatio": -0.1279250361,
    "eps": -0.18,
    "epsdiluted": -0.18,
    "weightedAverageShsOut": 365345321,
    "weightedAverageShsOutDil": 365345321,
    "link": "https://www.sec.gov/Archives/edgar/data/11544/000091403902000118/0000914039-02-000118-index.htm",
    "finalLink": "https://www.sec.gov/Archives/edgar/data/11544/000091403902000118/y58639e10-k.txt"
  },
  {
    "date": "2001-09-30",
    "symbol": "WRB",
    "reportedCurrency": "USD",
    "cik": "0000011544",
    "fillingDate": "2001-11-14",
    "acceptedDate": "2001-11-14 00:00:00",
    "calendarYear": "2001",
    "period": "Q3",
    "revenue": 500072000,
    "costOfRevenue": 391477000,
    "grossProfit": 108595000,
    "grossProfitRatio": 0.2171587291,
    "researchAndDevelopmentExpenses": 0,
    "generalAndAdministrativeExpenses": 0,
    "sellingAndMarketingExpenses": 0,
    "sellingGeneralAndAdministrativeExpenses": 0,
    "otherExpenses": 182434000,
    "operatingExpenses": 182434000,
    "costAndExpenses": 573911000,
    "interestIncome": 0,
    "interestExpense": 11570000,
    "depreciationAndAmortization": 4202000,
    "ebitda": -58067000,
    "ebitdaratio": -0.1161172791,
    "operatingIncome": -73839000,
    "operatingIncomeRatio": -0.1476567374,
    "totalOtherIncomeExpensesNet": 0,
    "incomeBeforeTax": -73839000,
    "incomeBeforeTaxRatio": -0.1476567374,
    "incomeTaxExpense": -27117000,
    "netIncome": -47246000,
    "netIncomeRatio": -0.0944783951,
    "eps": -0.14,
    "epsdiluted": -0.14,
    "weightedAverageShsOut": 330886265,
    "weightedAverageShsOutDil": 342322453,
    "link": "https://www.sec.gov/Archives/edgar/data/11544/000091403901500260/0000914039-01-500260-index.htm",
    "finalLink": "https://www.sec.gov/Archives/edgar/data/11544/000091403901500260/y54816e10-q.txt"
  },
  {
    "date": "2001-06-30",
    "symbol": "WRB",
    "reportedCurrency": "USD",
    "cik": "0000011544",
    "fillingDate": "2001-08-13",
    "acceptedDate": "2001-08-13 00:00:00",
    "calendarYear": "2001",
    "period": "Q2",
    "revenue": 490997000,
    "costOfRevenue": 296653000,
    "grossProfit": 194344000,
    "grossProfitRatio": 0.3958150457,
    "researchAndDevelopmentExpenses": 0,
    "generalAndAdministrativeExpenses": 0,
    "sellingAndMarketingExpenses": 0,
    "sellingGeneralAndAdministrativeExpenses": 0,
    "otherExpenses": 180731000,
    "operatingExpenses": 180731000,
    "costAndExpenses": 477384000,
    "interestIncome": 0,
    "interestExpense": 11412000,
    "depreciationAndAmortization": 4131000,
    "ebitda": 29156000,
    "ebitdaratio": 0.0593812182,
    "operatingIncome": 13613000,
    "operatingIncomeRatio": 0.0277252203,
    "totalOtherIncomeExpensesNet": 0,
    "incomeBeforeTax": 13613000,
    "incomeBeforeTaxRatio": 0.0277252203,
    "incomeTaxExpense": 3074000,
    "netIncome": 9598000,
    "netIncomeRatio": 0.0195479809,
    "eps": 0.029,
    "epsdiluted": 0.0281,
    "weightedAverageShsOut": 330214218,
    "weightedAverageShsOutDil": 342299671,
    "link": "https://www.sec.gov/Archives/edgar/data/11544/000091403901500151/0000914039-01-500151-index.htm",
    "finalLink": "https://www.sec.gov/Archives/edgar/data/11544/000091403901500151/y52458e10-q.txt"
  },
  {
    "date": "2001-03-31",
    "symbol": "WRB",
    "reportedCurrency": "USD",
    "cik": "0000011544",
    "fillingDate": "2001-05-15",
    "acceptedDate": "2001-05-15 00:00:00",
    "calendarYear": "2001",
    "period": "Q1",
    "revenue": 449153000,
    "costOfRevenue": 271468000,
    "grossProfit": 177685000,
    "grossProfitRatio": 0.395600163,
    "researchAndDevelopmentExpenses": 0,
    "generalAndAdministrativeExpenses": 0,
    "sellingAndMarketingExpenses": 0,
    "sellingGeneralAndAdministrativeExpenses": 0,
    "otherExpenses": 164073000,
    "operatingExpenses": 164073000,
    "costAndExpenses": 435541000,
    "interestIncome": 0,
    "interestExpense": 11450000,
    "depreciationAndAmortization": 5141000,
    "ebitda": 30203000,
    "ebitdaratio": 0.0672443466,
    "operatingIncome": 13612000,
    "operatingIncomeRatio": 0.0303059314,
    "totalOtherIncomeExpensesNet": 0,
    "incomeBeforeTax": 13612000,
    "incomeBeforeTaxRatio": 0.0303059314,
    "incomeTaxExpense": 2484000,
    "netIncome": 10266000,
    "netIncomeRatio": 0.0228563541,
    "eps": 0.0334,
    "epsdiluted": 0.0316,
    "weightedAverageShsOut": 306965953,
    "weightedAverageShsOutDil": 321842109,
    "link": "https://www.sec.gov/Archives/edgar/data/11544/000091403901500077/0000914039-01-500077-index.htm",
    "finalLink": "https://www.sec.gov/Archives/edgar/data/11544/000091403901500077/y49099e10-q.txt"
  },
  {
    "date": "2000-12-31",
    "symbol": "WRB",
    "reportedCurrency": "USD",
    "cik": "0000011544",
    "fillingDate": "2001-03-23",
    "acceptedDate": "2001-03-23 00:00:00",
    "calendarYear": "2000",
    "period": "Q4",
    "revenue": 480073000,
    "costOfRevenue": 290815000,
    "grossProfit": 189258000,
    "grossProfitRatio": 0.3942275446,
    "researchAndDevelopmentExpenses": 0,
    "generalAndAdministrativeExpenses": 0,
    "sellingAndMarketingExpenses": 0,
    "sellingGeneralAndAdministrativeExpenses": 0,
    "otherExpenses": 163815000,
    "operatingExpenses": 163815000,
    "costAndExpenses": 454630000,
    "interestIncome": 0,
    "interestExpense": 11642000,
    "depreciationAndAmortization": 6106000,
    "ebitda": 43191000,
    "ebitdaratio": 0.0899675674,
    "operatingIncome": 25443000,
    "operatingIncomeRatio": 0.0529981899,
    "totalOtherIncomeExpensesNet": 0,
    "incomeBeforeTax": 25443000,
    "incomeBeforeTaxRatio": 0.0529981899,
    "incomeTaxExpense": 6536000,
    "netIncome": 16745000,
    "netIncomeRatio": 0.034880112,
    "eps": 0.0615,
    "epsdiluted": 0.0606,
    "weightedAverageShsOut": 297179551,
    "weightedAverageShsOutDil": 307262275,
    "link": "https://www.sec.gov/Archives/edgar/data/11544/000091403901000093/0000914039-01-000093-index.htm",
    "finalLink": "https://www.sec.gov/Archives/edgar/data/11544/000091403901000093/y46799e10-k.txt"
  },
  {
    "date": "2000-09-30",
    "symbol": "WRB",
    "reportedCurrency": "USD",
    "cik": "0000011544",
    "fillingDate": "2000-11-14",
    "acceptedDate": "2000-11-14 00:00:00",
    "calendarYear": "2000",
    "period": "Q3",
    "revenue": 445957000,
    "costOfRevenue": 276344000,
    "grossProfit": 169613000,
    "grossProfitRatio": 0.3803348753,
    "researchAndDevelopmentExpenses": 0,
    "generalAndAdministrativeExpenses": 0,
    "sellingAndMarketingExpenses": 0,
    "sellingGeneralAndAdministrativeExpenses": 0,
    "otherExpenses": 162499000,
    "operatingExpenses": 162499000,
    "costAndExpenses": 438843000,
    "interestIncome": 0,
    "interestExpense": 11670000,
    "depreciationAndAmortization": 5387000,
    "ebitda": 24171000,
    "ebitdaratio": 0.0542002929,
    "operatingIncome": 7114000,
    "operatingIncomeRatio": 0.0159522106,
    "totalOtherIncomeExpensesNet": 0,
    "incomeBeforeTax": 7114000,
    "incomeBeforeTaxRatio": 0.0159522106,
    "incomeTaxExpense": 869000,
    "netIncome": 7983000,
    "netIncomeRatio": 0.017900829,
    "eps": 0.0246,
    "epsdiluted": 0.0237,
    "weightedAverageShsOut": 290187562,
    "weightedAverageShsOutDil": 293957859,
    "link": "https://www.sec.gov/Archives/edgar/data/11544/000091403900000480/0000914039-00-000480-index.htm",
    "finalLink": "https://www.sec.gov/Archives/edgar/data/11544/000091403900000480/y42529e10-q.txt"
  },
  {
    "date": "2000-06-30",
    "symbol": "WRB",
    "reportedCurrency": "USD",
    "cik": "0000011544",
    "fillingDate": "2000-08-11",
    "acceptedDate": "2000-08-11 00:00:00",
    "calendarYear": "2000",
    "period": "Q2",
    "revenue": 431933000,
    "costOfRevenue": 265493000,
    "grossProfit": 166440000,
    "grossProfitRatio": 0.3853375408,
    "researchAndDevelopmentExpenses": 0,
    "generalAndAdministrativeExpenses": 0,
    "sellingAndMarketingExpenses": 0,
    "sellingGeneralAndAdministrativeExpenses": 0,
    "otherExpenses": 160011000,
    "operatingExpenses": 160011000,
    "costAndExpenses": 425504000,
    "interestIncome": 0,
    "interestExpense": 11791000,
    "depreciationAndAmortization": 4483000,
    "ebitda": 22703000,
    "ebitdaratio": 0.0525613926,
    "operatingIncome": 6429000,
    "operatingIncomeRatio": 0.0148842529,
    "totalOtherIncomeExpensesNet": 0,
    "incomeBeforeTax": 6429000,
    "incomeBeforeTaxRatio": 0.0148842529,
    "incomeTaxExpense": -564000,
    "netIncome": 6636000,
    "netIncomeRatio": 0.0153634939,
    "eps": 0.0228,
    "epsdiluted": 0.0228,
    "weightedAverageShsOut": 291839203,
    "weightedAverageShsOutDil": 293832562,
    "link": "https://www.sec.gov/Archives/edgar/data/11544/000091403900000354/0000914039-00-000354-index.htm",
    "finalLink": "https://www.sec.gov/Archives/edgar/data/11544/000091403900000354/e10-q.txt"
  },
  {
    "date": "2000-03-31",
    "symbol": "WRB",
    "reportedCurrency": "USD",
    "cik": "0000011544",
    "fillingDate": "2000-05-12",
    "acceptedDate": "2000-05-12 00:00:00",
    "calendarYear": "2000",
    "period": "Q1",
    "revenue": 423324000,
    "costOfRevenue": 261759000,
    "grossProfit": 161565000,
    "grossProfitRatio": 0.3816580208,
    "researchAndDevelopmentExpenses": 0,
    "generalAndAdministrativeExpenses": 0,
    "sellingAndMarketingExpenses": 0,
    "sellingGeneralAndAdministrativeExpenses": 0,
    "otherExpenses": -247416000,
    "operatingExpenses": -247416000,
    "costAndExpenses": 14343000,
    "interestIncome": 0,
    "interestExpense": 12493000,
    "depreciationAndAmortization": 5724000,
    "ebitda": 18217000,
    "ebitdaratio": 0.0430332322,
    "operatingIncome": 408981000,
    "operatingIncomeRatio": 0.9661181506,
    "totalOtherIncomeExpensesNet": -407287000,
    "incomeBeforeTax": 1694000,
    "incomeBeforeTaxRatio": 0.004001663,
    "incomeTaxExpense": -2652000,
    "netIncome": 4346000,
    "netIncomeRatio": 0.0102663681,
    "eps": 0.015,
    "epsdiluted": 0.015,
    "weightedAverageShsOut": 291210858,
    "weightedAverageShsOutDil": 291915661,
    "link": "https://www.sec.gov/Archives/edgar/data/11544/000091403900000242/0000914039-00-000242-index.htm",
    "finalLink": "https://www.sec.gov/Archives/edgar/data/11544/000091403900000242/0000914039-00-000242.txt"
  },
  {
    "date": "1999-12-31",
    "symbol": "WRB",
    "reportedCurrency": "USD",
    "cik": "0000011544",
    "fillingDate": "2000-03-27",
    "acceptedDate": "2000-03-27 00:00:00",
    "calendarYear": "1999",
    "period": "Q4",
    "revenue": 421868000,
    "costOfRevenue": 0,
    "grossProfit": 421868000,
    "grossProfitRatio": 1,
    "researchAndDevelopmentExpenses": 0,
    "generalAndAdministrativeExpenses": 0,
    "sellingAndMarketingExpenses": 0,
    "sellingGeneralAndAdministrativeExpenses": 0,
    "otherExpenses": 1703316000,
    "operatingExpenses": 1703316000,
    "costAndExpenses": 1703316000,
    "interestIncome": 0,
    "interestExpense": 12701000,
    "depreciationAndAmortization": 6298000,
    "ebitda": -60249000,
    "ebitdaratio": -0.1428148141,
    "operatingIncome": -1281448000,
    "operatingIncomeRatio": -3.0375567713,
    "totalOtherIncomeExpensesNet": 1202200000,
    "incomeBeforeTax": -79248000,
    "incomeBeforeTaxRatio": -0.187850228,
    "incomeTaxExpense": -27966000,
    "netIncome": -38148000,
    "netIncomeRatio": -0.0904263893,
    "eps": -0.13,
    "epsdiluted": -0.13,
    "weightedAverageShsOut": 295661830,
    "weightedAverageShsOutDil": 303861840,
    "link": "https://www.sec.gov/Archives/edgar/data/11544/000091403900000142/0000914039-00-000142-index.htm",
    "finalLink": "https://www.sec.gov/Archives/edgar/data/11544/000091403900000142/0000914039-00-000142.txt"
  },
  {
    "date": "1999-09-30",
    "symbol": "WRB",
    "reportedCurrency": "USD",
    "cik": "0000011544",
    "fillingDate": "1999-11-10",
    "acceptedDate": "1999-11-10 00:00:00",
    "calendarYear": "1999",
    "period": "Q3",
    "revenue": 427800000,
    "costOfRevenue": 0,
    "grossProfit": 427800000,
    "grossProfitRatio": 1,
    "researchAndDevelopmentExpenses": 0,
    "generalAndAdministrativeExpenses": 0,
    "sellingAndMarketingExpenses": 0,
    "sellingGeneralAndAdministrativeExpenses": 0,
    "otherExpenses": 12200000,
    "operatingExpenses": 12200000,
    "costAndExpenses": 12200000,
    "interestIncome": 0,
    "interestExpense": 12200000,
    "depreciationAndAmortization": 5800000,
    "ebitda": 18000000,
    "ebitdaratio": 0.0420757363,
    "operatingIncome": 415600000,
    "operatingIncomeRatio": 0.9714820009,
    "totalOtherIncomeExpensesNet": -425100000,
    "incomeBeforeTax": -9500000,
    "incomeBeforeTaxRatio": -0.0222066386,
    "incomeTaxExpense": -8100000,
    "netIncome": -700000,
    "netIncomeRatio": -0.0016362786,
    "eps": -0.0024,
    "epsdiluted": -0.0024,
    "weightedAverageShsOut": 291782329,
    "weightedAverageShsOutDil": 291782329,
    "link": "https://www.sec.gov/Archives/edgar/data/11544/000091403999000481/0000914039-99-000481-index.htm",
    "finalLink": "https://www.sec.gov/Archives/edgar/data/11544/000091403999000481/0000914039-99-000481.txt"
  },
  {
    "date": "1999-06-30",
    "symbol": "WRB",
    "reportedCurrency": "USD",
    "cik": "0000011544",
    "fillingDate": "1999-08-11",
    "acceptedDate": "1999-08-11 00:00:00",
    "calendarYear": "1999",
    "period": "Q2",
    "revenue": 416250000,
    "costOfRevenue": 0,
    "grossProfit": 416250000,
    "grossProfitRatio": 1,
    "researchAndDevelopmentExpenses": 0,
    "generalAndAdministrativeExpenses": 0,
    "sellingAndMarketingExpenses": 0,
    "sellingGeneralAndAdministrativeExpenses": 0,
    "otherExpenses": 13000000,
    "operatingExpenses": 13000000,
    "costAndExpenses": 13000000,
    "interestIncome": 0,
    "interestExpense": 13000000,
    "depreciationAndAmortization": 5600000,
    "ebitda": 18600000,
    "ebitdaratio": 0.0446846847,
    "operatingIncome": 403250000,
    "operatingIncomeRatio": 0.9687687688,
    "totalOtherIncomeExpensesNet": -402150000,
    "incomeBeforeTax": 1100000,
    "incomeBeforeTaxRatio": 0.0026426426,
    "incomeTaxExpense": -4500000,
    "netIncome": 5600000,
    "netIncomeRatio": 0.0134534535,
    "eps": 0.0194,
    "epsdiluted": 0.0194,
    "weightedAverageShsOut": 289362484,
    "weightedAverageShsOutDil": 289362484,
    "link": "https://www.sec.gov/Archives/edgar/data/11544/000091403999000373/0000914039-99-000373-index.htm",
    "finalLink": "https://www.sec.gov/Archives/edgar/data/11544/000091403999000373/0000914039-99-000373.txt"
  },
  {
    "date": "1999-03-31",
    "symbol": "WRB",
    "reportedCurrency": "USD",
    "cik": "0000011544",
    "fillingDate": "1999-05-12",
    "acceptedDate": "1999-05-12 00:00:00",
    "calendarYear": "1999",
    "period": "Q1",
    "revenue": 407713000,
    "costOfRevenue": 0,
    "grossProfit": 407713000,
    "grossProfitRatio": 1,
    "researchAndDevelopmentExpenses": 0,
    "generalAndAdministrativeExpenses": 0,
    "sellingAndMarketingExpenses": 0,
    "sellingGeneralAndAdministrativeExpenses": 0,
    "otherExpenses": 24300000,
    "operatingExpenses": 24300000,
    "costAndExpenses": 24300000,
    "interestIncome": 0,
    "interestExpense": 12800000,
    "depreciationAndAmortization": 5900000,
    "ebitda": 18700000,
    "ebitdaratio": 0.0458655966,
    "operatingIncome": 383413000,
    "operatingIncomeRatio": 0.9403992514,
    "totalOtherIncomeExpensesNet": -386113000,
    "incomeBeforeTax": -2700000,
    "incomeBeforeTaxRatio": -0.0066223054,
    "incomeTaxExpense": -5200000,
    "netIncome": 2500000,
    "netIncomeRatio": 0.0061317643,
    "eps": 0.0084,
    "epsdiluted": 0.0084,
    "weightedAverageShsOut": 295951298,
    "weightedAverageShsOutDil": 295951298,
    "link": "https://www.sec.gov/Archives/edgar/data/11544/000091403999000219/0000914039-99-000219-index.htm",
    "finalLink": "https://www.sec.gov/Archives/edgar/data/11544/0000914039-99-000219.txt"
  },
  {
    "date": "1998-12-31",
    "symbol": "WRB",
    "reportedCurrency": "USD",
    "cik": "0000011544",
    "fillingDate": "1999-03-23",
    "acceptedDate": "1999-03-23 00:00:00",
    "calendarYear": "1998",
    "period": "Q4",
    "revenue": 407917000,
    "costOfRevenue": 0,
    "grossProfit": 407917000,
    "grossProfitRatio": 1,
    "researchAndDevelopmentExpenses": 0,
    "generalAndAdministrativeExpenses": 0,
    "sellingAndMarketingExpenses": 0,
    "sellingGeneralAndAdministrativeExpenses": 0,
    "otherExpenses": 1483436000,
    "operatingExpenses": 1483436000,
    "costAndExpenses": 1483436000,
    "interestIncome": 0,
    "interestExpense": 12519000,
    "depreciationAndAmortization": 6258000,
    "ebitda": 81558000,
    "ebitdaratio": 0.1999377324,
    "operatingIncome": -1075519000,
    "operatingIncomeRatio": -2.6366123501,
    "totalOtherIncomeExpensesNet": 1138300000,
    "incomeBeforeTax": 62781000,
    "incomeBeforeTaxRatio": 0.1539063094,
    "incomeTaxExpense": -7735000,
    "netIncome": 3060000,
    "netIncomeRatio": 0.007501526,
    "eps": 0.0101,
    "epsdiluted": 0.0099,
    "weightedAverageShsOut": 303402133,
    "weightedAverageShsOutDil": 308762531,
    "link": "https://www.sec.gov/Archives/edgar/data/11544/000091403999000106/0000914039-99-000106-index.htm",
    "finalLink": "https://www.sec.gov/Archives/edgar/data/11544/0000914039-99-000106.txt"
  },
  {
    "date": "1998-09-30",
    "symbol": "WRB",
    "reportedCurrency": "USD",
    "cik": "0000011544",
    "fillingDate": "1998-11-12",
    "acceptedDate": "1998-11-12 00:00:00",
    "calendarYear": "1998",
    "period": "Q3",
    "revenue": 394400000,
    "costOfRevenue": 0,
    "grossProfit": 394400000,
    "grossProfitRatio": 1,
    "researchAndDevelopmentExpenses": 0,
    "generalAndAdministrativeExpenses": 0,
    "sellingAndMarketingExpenses": 0,
    "sellingGeneralAndAdministrativeExpenses": 0,
    "otherExpenses": 12000000,
    "operatingExpenses": 12000000,
    "costAndExpenses": 12000000,
    "interestIncome": 0,
    "interestExpense": 12000000,
    "depreciationAndAmortization": 4000000,
    "ebitda": 16000000,
    "ebitdaratio": 0.0405679513,
    "operatingIncome": 382400000,
    "operatingIncomeRatio": 0.9695740365,
    "totalOtherIncomeExpensesNet": -370600000,
    "incomeBeforeTax": 11800000,
    "incomeBeforeTaxRatio": 0.0299188641,
    "incomeTaxExpense": -500000,
    "netIncome": 12300000,
    "netIncomeRatio": 0.0311866126,
    "eps": 0.0325,
    "epsdiluted": 0.0317,
    "weightedAverageShsOut": 319528082,
    "weightedAverageShsOutDil": 328402616,
    "link": "https://www.sec.gov/Archives/edgar/data/11544/000091403998000424/0000914039-98-000424-index.htm",
    "finalLink": "https://www.sec.gov/Archives/edgar/data/11544/0000914039-98-000424.txt"
  },
  {
    "date": "1998-06-30",
    "symbol": "WRB",
    "reportedCurrency": "USD",
    "cik": "0000011544",
    "fillingDate": "1998-08-13",
    "acceptedDate": "1998-08-13 00:00:00",
    "calendarYear": "1998",
    "period": "Q2",
    "revenue": 396900000,
    "costOfRevenue": 0,
    "grossProfit": 396900000,
    "grossProfitRatio": 1,
    "researchAndDevelopmentExpenses": 0,
    "generalAndAdministrativeExpenses": 0,
    "sellingAndMarketingExpenses": 0,
    "sellingGeneralAndAdministrativeExpenses": 0,
    "otherExpenses": 12200000,
    "operatingExpenses": 12200000,
    "costAndExpenses": 12200000,
    "interestIncome": 0,
    "interestExpense": 12200000,
    "depreciationAndAmortization": 8700000,
    "ebitda": 20900000,
    "ebitdaratio": 0.0526581003,
    "operatingIncome": 384700000,
    "operatingIncomeRatio": 0.9692617788,
    "totalOtherIncomeExpensesNet": -355500000,
    "incomeBeforeTax": 29200000,
    "incomeBeforeTaxRatio": 0.0735701688,
    "incomeTaxExpense": 6500000,
    "netIncome": 20100000,
    "netIncomeRatio": 0.0506424792,
    "eps": 0.0563,
    "epsdiluted": 0.0537,
    "weightedAverageShsOut": 323275862,
    "weightedAverageShsOutDil": 339175377,
    "link": "https://www.sec.gov/Archives/edgar/data/11544/000091403998000326/0000914039-98-000326-index.htm",
    "finalLink": "https://www.sec.gov/Archives/edgar/data/11544/0000914039-98-000326.txt"
  },
  {
    "date": "1998-03-31",
    "symbol": "WRB",
    "reportedCurrency": "USD",
    "cik": "0000011544",
    "fillingDate": "1998-05-13",
    "acceptedDate": "1998-05-13 00:00:00",
    "calendarYear": "1998",
    "period": "Q1",
    "revenue": 383300000,
    "costOfRevenue": 0,
    "grossProfit": 383300000,
    "grossProfitRatio": 1,
    "researchAndDevelopmentExpenses": 0,
    "generalAndAdministrativeExpenses": 0,
    "sellingAndMarketingExpenses": 0,
    "sellingGeneralAndAdministrativeExpenses": 0,
    "otherExpenses": 12200000,
    "operatingExpenses": 12200000,
    "costAndExpenses": 12200000,
    "interestIncome": 0,
    "interestExpense": 12200000,
    "depreciationAndAmortization": 3700000,
    "ebitda": 15900000,
    "ebitdaratio": 0.041481868,
    "operatingIncome": 371100000,
    "operatingIncomeRatio": 0.9681711453,
    "totalOtherIncomeExpensesNet": -338200000,
    "incomeBeforeTax": 32900000,
    "incomeBeforeTaxRatio": 0.0858335507,
    "incomeTaxExpense": 7200000,
    "netIncome": 23300000,
    "netIncomeRatio": 0.0607878946,
    "eps": 0.0633,
    "epsdiluted": 0.0607,
    "weightedAverageShsOut": 337878139,
    "weightedAverageShsOutDil": 352569031,
    "link": "https://www.sec.gov/Archives/edgar/data/11544/000091403998000186/0000914039-98-000186-index.htm",
    "finalLink": "https://www.sec.gov/Archives/edgar/data/11544/0000914039-98-000186.txt"
  },
  {
    "date": "1997-12-31",
    "symbol": "WRB",
    "reportedCurrency": "USD",
    "cik": "0000011544",
    "fillingDate": "1998-03-27",
    "acceptedDate": "1998-03-27 00:00:00",
    "calendarYear": "1997",
    "period": "Q4",
    "revenue": 378910000,
    "costOfRevenue": 0,
    "grossProfit": 378910000,
    "grossProfitRatio": 1,
    "researchAndDevelopmentExpenses": 0,
    "generalAndAdministrativeExpenses": 0,
    "sellingAndMarketingExpenses": 0,
    "sellingGeneralAndAdministrativeExpenses": 0,
    "otherExpenses": 1234369000,
    "operatingExpenses": 1234369000,
    "costAndExpenses": 1234369000,
    "interestIncome": 0,
    "interestExpense": 12169000,
    "depreciationAndAmortization": 7052000,
    "ebitda": 148462000,
    "ebitdaratio": 0.3918133594,
    "operatingIncome": -855459000,
    "operatingIncomeRatio": -2.2576838827,
    "totalOtherIncomeExpensesNet": 984700000,
    "incomeBeforeTax": 129241000,
    "incomeBeforeTaxRatio": 0.3410862738,
    "incomeTaxExpense": 7368000,
    "netIncome": 24247000,
    "netIncomeRatio": 0.0639914492,
    "eps": 0.0669,
    "epsdiluted": 0.0607,
    "weightedAverageShsOut": 335062893,
    "weightedAverageShsOutDil": 366170882,
    "link": "https://www.sec.gov/Archives/edgar/data/11544/000091403998000117/0000914039-98-000117-index.htm",
    "finalLink": "https://www.sec.gov/Archives/edgar/data/11544/0000914039-98-000117.txt"
  },
  {
    "date": "1997-09-30",
    "symbol": "WRB",
    "reportedCurrency": "USD",
    "cik": "0000011544",
    "fillingDate": "1997-11-12",
    "acceptedDate": "1997-11-12 00:00:00",
    "calendarYear": "1997",
    "period": "Q3",
    "revenue": 355700000,
    "costOfRevenue": 0,
    "grossProfit": 355700000,
    "grossProfitRatio": 1,
    "researchAndDevelopmentExpenses": 0,
    "generalAndAdministrativeExpenses": 0,
    "sellingAndMarketingExpenses": 0,
    "sellingGeneralAndAdministrativeExpenses": 0,
    "otherExpenses": 12200000,
    "operatingExpenses": 12200000,
    "costAndExpenses": 12200000,
    "interestIncome": 0,
    "interestExpense": 12200000,
    "depreciationAndAmortization": 2400000,
    "ebitda": 14600000,
    "ebitdaratio": 0.0410458251,
    "operatingIncome": 343500000,
    "operatingIncomeRatio": 0.9657014338,
    "totalOtherIncomeExpensesNet": -310000000,
    "incomeBeforeTax": 33500000,
    "incomeBeforeTaxRatio": 0.0941804892,
    "incomeTaxExpense": 7900000,
    "netIncome": 25600000,
    "netIncomeRatio": 0.0719707619,
    "eps": 0.0704,
    "epsdiluted": 0.0704,
    "weightedAverageShsOut": 336773167,
    "weightedAverageShsOutDil": 336773167,
    "link": "https://www.sec.gov/Archives/edgar/data/11544/000091403997000347/0000914039-97-000347-index.htm",
    "finalLink": "https://www.sec.gov/Archives/edgar/data/11544/0000914039-97-000347.txt"
  },
  {
    "date": "1997-06-30",
    "symbol": "WRB",
    "reportedCurrency": "USD",
    "cik": "0000011544",
    "fillingDate": "1997-08-14",
    "acceptedDate": "1997-08-14 00:00:00",
    "calendarYear": "1997",
    "period": "Q2",
    "revenue": 335900000,
    "costOfRevenue": 0,
    "grossProfit": 335900000,
    "grossProfitRatio": 1,
    "researchAndDevelopmentExpenses": 0,
    "generalAndAdministrativeExpenses": 0,
    "sellingAndMarketingExpenses": 0,
    "sellingGeneralAndAdministrativeExpenses": 0,
    "otherExpenses": 12200000,
    "operatingExpenses": 12200000,
    "costAndExpenses": 12200000,
    "interestIncome": 0,
    "interestExpense": 12200000,
    "depreciationAndAmortization": 1800000,
    "ebitda": 14000000,
    "ebitdaratio": 0.0416790712,
    "operatingIncome": 323700000,
    "operatingIncomeRatio": 0.9636796666,
    "totalOtherIncomeExpensesNet": -297500000,
    "incomeBeforeTax": 26200000,
    "incomeBeforeTaxRatio": 0.0779994046,
    "incomeTaxExpense": 5600000,
    "netIncome": 20600000,
    "netIncomeRatio": 0.0613277761,
    "eps": 0.0554,
    "epsdiluted": 0.0554,
    "weightedAverageShsOut": 335621602,
    "weightedAverageShsOutDil": 335621602,
    "link": "https://www.sec.gov/Archives/edgar/data/11544/000091403997000285/0000914039-97-000285-index.htm",
    "finalLink": "https://www.sec.gov/Archives/edgar/data/11544/0000914039-97-000285.txt"
  },
  {
    "date": "1997-03-31",
    "symbol": "WRB",
    "reportedCurrency": "USD",
    "cik": "0000011544",
    "fillingDate": "1997-05-12",
    "acceptedDate": "1997-05-12 00:00:00",
    "calendarYear": "1997",
    "period": "Q1",
    "revenue": 329800000,
    "costOfRevenue": 0,
    "grossProfit": 329800000,
    "grossProfitRatio": 1,
    "researchAndDevelopmentExpenses": 0,
    "generalAndAdministrativeExpenses": 0,
    "sellingAndMarketingExpenses": 0,
    "sellingGeneralAndAdministrativeExpenses": 0,
    "otherExpenses": 12200000,
    "operatingExpenses": 12200000,
    "costAndExpenses": 12200000,
    "interestIncome": 0,
    "interestExpense": 12200000,
    "depreciationAndAmortization": 600000,
    "ebitda": 12800000,
    "ebitdaratio": 0.0388114008,
    "operatingIncome": 317600000,
    "operatingIncomeRatio": 0.9630078836,
    "totalOtherIncomeExpensesNet": -279300000,
    "incomeBeforeTax": 38300000,
    "incomeBeforeTaxRatio": 0.1161309885,
    "incomeTaxExpense": 9800000,
    "netIncome": 28500000,
    "netIncomeRatio": 0.0864160097,
    "eps": 0.0792,
    "epsdiluted": 0.0792,
    "weightedAverageShsOut": 333456836,
    "weightedAverageShsOutDil": 333456836,
    "link": "https://www.sec.gov/Archives/edgar/data/11544/000091403997000162/0000914039-97-000162-index.htm",
    "finalLink": "https://www.sec.gov/Archives/edgar/data/11544/0000914039-97-000162.txt"
  },
  {
    "date": "1996-12-31",
    "symbol": "WRB",
    "reportedCurrency": "USD",
    "cik": "0000011544",
    "fillingDate": "1997-03-25",
    "acceptedDate": "1997-03-25 00:00:00",
    "calendarYear": "1996",
    "period": "Q4",
    "revenue": 324366000,
    "costOfRevenue": 0,
    "grossProfit": 324366000,
    "grossProfitRatio": 1,
    "researchAndDevelopmentExpenses": 0,
    "generalAndAdministrativeExpenses": 0,
    "sellingAndMarketingExpenses": 0,
    "sellingGeneralAndAdministrativeExpenses": 0,
    "otherExpenses": 1086417000,
    "operatingExpenses": 1086417000,
    "costAndExpenses": 1086417000,
    "interestIncome": 0,
    "interestExpense": 8263000,
    "depreciationAndAmortization": -610000,
    "ebitda": 122702000,
    "ebitdaratio": 0.3782825574,
    "operatingIncome": -762051000,
    "operatingIncomeRatio": -2.3493553578,
    "totalOtherIncomeExpensesNet": 877100000,
    "incomeBeforeTax": 115049000,
    "incomeBeforeTaxRatio": 0.3546888392,
    "incomeTaxExpense": 6502000,
    "netIncome": 25263000,
    "netIncomeRatio": 0.0778842419,
    "eps": 0.0629,
    "epsdiluted": 0.0629,
    "weightedAverageShsOut": 350658399,
    "weightedAverageShsOutDil": 350658399,
    "link": "https://www.sec.gov/Archives/edgar/data/11544/000091403997000076/0000914039-97-000076-index.htm",
    "finalLink": "https://www.sec.gov/Archives/edgar/data/11544/0000914039-97-000076.txt"
  },
  {
    "date": "1996-09-30",
    "symbol": "WRB",
    "reportedCurrency": "USD",
    "cik": "0000011544",
    "fillingDate": "1996-11-13",
    "acceptedDate": "1996-11-13 00:00:00",
    "calendarYear": "1996",
    "period": "Q3",
    "revenue": 311500000,
    "costOfRevenue": 0,
    "grossProfit": 311500000,
    "grossProfitRatio": 1,
    "researchAndDevelopmentExpenses": 0,
    "generalAndAdministrativeExpenses": 0,
    "sellingAndMarketingExpenses": 0,
    "sellingGeneralAndAdministrativeExpenses": 0,
    "otherExpenses": 8000000,
    "operatingExpenses": 8000000,
    "costAndExpenses": 8000000,
    "interestIncome": 0,
    "interestExpense": 8000000,
    "depreciationAndAmortization": 3600000,
    "ebitda": 11600000,
    "ebitdaratio": 0.0372391653,
    "operatingIncome": 303500000,
    "operatingIncomeRatio": 0.974317817,
    "totalOtherIncomeExpensesNet": -271800000,
    "incomeBeforeTax": 31700000,
    "incomeBeforeTaxRatio": 0.1017656501,
    "incomeTaxExpense": 7600000,
    "netIncome": 24100000,
    "netIncomeRatio": 0.0773675762,
    "eps": 0.0625,
    "epsdiluted": 0.0625,
    "weightedAverageShsOut": 331428612,
    "weightedAverageShsOutDil": 331428612,
    "link": "https://www.sec.gov/Archives/edgar/data/11544/000091403996000378/0000914039-96-000378-index.htm",
    "finalLink": "https://www.sec.gov/Archives/edgar/data/11544/0000914039-96-000378.txt"
  },
  {
    "date": "1996-06-30",
    "symbol": "WRB",
    "reportedCurrency": "USD",
    "cik": "0000011544",
    "fillingDate": "1996-08-14",
    "acceptedDate": "1996-08-14 00:00:00",
    "calendarYear": "1996",
    "period": "Q2",
    "revenue": 301300000,
    "costOfRevenue": 0,
    "grossProfit": 301300000,
    "grossProfitRatio": 1,
    "researchAndDevelopmentExpenses": 0,
    "generalAndAdministrativeExpenses": 0,
    "sellingAndMarketingExpenses": 0,
    "sellingGeneralAndAdministrativeExpenses": 0,
    "otherExpenses": 7900000,
    "operatingExpenses": 7900000,
    "costAndExpenses": 7900000,
    "interestIncome": 0,
    "interestExpense": 7900000,
    "depreciationAndAmortization": 2700000,
    "ebitda": 10600000,
    "ebitdaratio": 0.0351808828,
    "operatingIncome": 293400000,
    "operatingIncomeRatio": 0.9737802854,
    "totalOtherIncomeExpensesNet": -265700000,
    "incomeBeforeTax": 27700000,
    "incomeBeforeTaxRatio": 0.0919349486,
    "incomeTaxExpense": 6300000,
    "netIncome": 21400000,
    "netIncomeRatio": 0.0710255559,
    "eps": 0.0537,
    "epsdiluted": 0.0537,
    "weightedAverageShsOut": 335445397,
    "weightedAverageShsOutDil": 335445397,
    "link": "https://www.sec.gov/Archives/edgar/data/11544/000091403996000281/0000914039-96-000281-index.htm",
    "finalLink": "https://www.sec.gov/Archives/edgar/data/11544/0000914039-96-000281.txt"
  },
  {
    "date": "1996-03-31",
    "symbol": "WRB",
    "reportedCurrency": "USD",
    "cik": "0000011544",
    "fillingDate": "1996-05-14",
    "acceptedDate": "1996-05-14 00:00:00",
    "calendarYear": "1996",
    "period": "Q1",
    "revenue": 288300000,
    "costOfRevenue": 0,
    "grossProfit": 288300000,
    "grossProfitRatio": 1,
    "researchAndDevelopmentExpenses": 0,
    "generalAndAdministrativeExpenses": 0,
    "sellingAndMarketingExpenses": 0,
    "sellingGeneralAndAdministrativeExpenses": 0,
    "otherExpenses": 7800000,
    "operatingExpenses": 7800000,
    "costAndExpenses": 7800000,
    "interestIncome": 0,
    "interestExpense": 7800000,
    "depreciationAndAmortization": 2900000,
    "ebitda": 10700000,
    "ebitdaratio": 0.0371141172,
    "operatingIncome": 280500000,
    "operatingIncomeRatio": 0.9729448491,
    "totalOtherIncomeExpensesNet": -256200000,
    "incomeBeforeTax": 24300000,
    "incomeBeforeTaxRatio": 0.0842872008,
    "incomeTaxExpense": 4800000,
    "netIncome": 19500000,
    "netIncomeRatio": 0.0676378772,
    "eps": 0.0457,
    "epsdiluted": 0.0457,
    "weightedAverageShsOut": 343224415,
    "weightedAverageShsOutDil": 343224415,
    "link": "https://www.sec.gov/Archives/edgar/data/11544/000091403996000147/0000914039-96-000147-index.htm",
    "finalLink": "https://www.sec.gov/Archives/edgar/data/11544/0000914039-96-000147.txt"
  },
  {
    "date": "1995-12-31",
    "symbol": "WRB",
    "reportedCurrency": "USD",
    "cik": "0000011544",
    "fillingDate": "1996-03-26",
    "acceptedDate": "1996-03-26 00:00:00",
    "calendarYear": "1995",
    "period": "Q4",
    "revenue": 284643000,
    "costOfRevenue": 0,
    "grossProfit": 284643000,
    "grossProfitRatio": 1,
    "researchAndDevelopmentExpenses": 0,
    "generalAndAdministrativeExpenses": 0,
    "sellingAndMarketingExpenses": 0,
    "sellingGeneralAndAdministrativeExpenses": 0,
    "otherExpenses": 917996000,
    "operatingExpenses": 917996000,
    "costAndExpenses": 917996000,
    "interestIncome": 0,
    "interestExpense": 7009000,
    "depreciationAndAmortization": 3386000,
    "ebitda": 93142000,
    "ebitdaratio": 0.3272239261,
    "operatingIncome": -633353000,
    "operatingIncomeRatio": -2.2250784316,
    "totalOtherIncomeExpensesNet": 716100000,
    "incomeBeforeTax": 82747000,
    "incomeBeforeTaxRatio": 0.2907044965,
    "incomeTaxExpense": 6254000,
    "netIncome": 17182000,
    "netIncomeRatio": 0.0603633323,
    "eps": 0.0434,
    "epsdiluted": 0.0434,
    "weightedAverageShsOut": 334298003,
    "weightedAverageShsOutDil": 334298003,
    "link": "https://www.sec.gov/Archives/edgar/data/11544/000091403996000065/0000914039-96-000065-index.htm",
    "finalLink": "https://www.sec.gov/Archives/edgar/data/11544/0000914039-96-000065.txt"
  },
  {
    "date": "1995-09-30",
    "symbol": "WRB",
    "reportedCurrency": "USD",
    "cik": "0000011544",
    "fillingDate": "1995-11-13",
    "acceptedDate": "1995-11-13 00:00:00",
    "calendarYear": "1995",
    "period": "Q3",
    "revenue": 260900000,
    "costOfRevenue": 0,
    "grossProfit": 260900000,
    "grossProfitRatio": 1,
    "researchAndDevelopmentExpenses": 0,
    "generalAndAdministrativeExpenses": 0,
    "sellingAndMarketingExpenses": 0,
    "sellingGeneralAndAdministrativeExpenses": 0,
    "otherExpenses": 7100000,
    "operatingExpenses": 7100000,
    "costAndExpenses": 7100000,
    "interestIncome": 0,
    "interestExpense": 7100000,
    "depreciationAndAmortization": 4500000,
    "ebitda": 11600000,
    "ebitdaratio": 0.0444614795,
    "operatingIncome": 253800000,
    "operatingIncomeRatio": 0.9727865082,
    "totalOtherIncomeExpensesNet": -235800000,
    "incomeBeforeTax": 18000000,
    "incomeBeforeTaxRatio": 0.0689919509,
    "incomeTaxExpense": 3200000,
    "netIncome": 14800000,
    "netIncomeRatio": 0.0567267152,
    "eps": 0.0422,
    "epsdiluted": 0.0422,
    "weightedAverageShsOut": 284195569,
    "weightedAverageShsOutDil": 284195569,
    "link": "https://www.sec.gov/Archives/edgar/data/11544/000091403995000141/0000914039-95-000141-index.htm",
    "finalLink": "https://www.sec.gov/Archives/edgar/data/11544/0000914039-95-000141.txt"
  }
]