[
  {
    "date": "2024-12-31",
    "symbol": "WRB",
    "reportedCurrency": "USD",
    "cik": "0000011544",
    "fillingDate": "2025-02-24",
    "acceptedDate": "2025-02-24 16:18:40",
    "calendarYear": "2024",
    "period": "FY",
    "revenue": 13638752000,
    "costOfRevenue": 10517137000,
    "grossProfit": 3121615000,
    "grossProfitRatio": 0.2288783461,
    "researchAndDevelopmentExpenses": 0,
    "generalAndAdministrativeExpenses": 0,
    "sellingAndMarketingExpenses": 0,
    "sellingGeneralAndAdministrativeExpenses": 0,
    "otherExpenses": 857122000,
    "operatingExpenses": 857122000,
    "costAndExpenses": 11374259000,
    "interestIncome": 0,
    "interestExpense": 126907000,
    "depreciationAndAmortization": -170638000,
    "ebitda": 2220762000,
    "ebitdaratio": 0.1628273613,
    "operatingIncome": 2264493000,
    "operatingIncomeRatio": 0.1660337397,
    "totalOtherIncomeExpensesNet": 0,
    "incomeBeforeTax": 2264493000,
    "incomeBeforeTaxRatio": 0.1660337397,
    "incomeTaxExpense": 509916000,
    "netIncome": 1756115000,
    "netIncomeRatio": 0.1287592149,
    "eps": 4.39,
    "epsdiluted": 4.36,
    "weightedAverageShsOut": 399734000,
    "weightedAverageShsOutDil": 403224000,
    "link": "https://www.sec.gov/Archives/edgar/data/11544/000001154425000005/0000011544-25-000005-index.htm",
    "finalLink": "https://www.sec.gov/Archives/edgar/data/11544/000001154425000005/wrb-20241231.htm"
  },
  {
    "date": "2023-12-31",
    "symbol": "WRB",
    "reportedCurrency": "USD",
    "cik": "0000011544",
    "fillingDate": "2024-02-23",
    "acceptedDate": "2024-02-23 16:09:29",
    "calendarYear": "2023",
    "period": "FY",
    "revenue": 12142938000,
    "costOfRevenue": 9418542000,
    "grossProfit": 2724396000,
    "grossProfitRatio": 0.2243605296,
    "researchAndDevelopmentExpenses": 0,
    "generalAndAdministrativeExpenses": 0,
    "sellingAndMarketingExpenses": 0,
    "sellingGeneralAndAdministrativeExpenses": 0,
    "otherExpenses": 969993000,
    "operatingExpenses": 969993000,
    "costAndExpenses": 10388535000,
    "interestIncome": 0,
    "interestExpense": 127459000,
    "depreciationAndAmortization": -20861000,
    "ebitda": 1861001000,
    "ebitdaratio": 0.1532578854,
    "operatingIncome": 1754403000,
    "operatingIncomeRatio": 0.144479285,
    "totalOtherIncomeExpensesNet": 0,
    "incomeBeforeTax": 1754403000,
    "incomeBeforeTaxRatio": 0.144479285,
    "incomeTaxExpense": 370557000,
    "netIncome": 1381359000,
    "netIncomeRatio": 0.113758219,
    "eps": 3.4,
    "epsdiluted": 3.37,
    "weightedAverageShsOut": 409947000,
    "weightedAverageShsOutDil": 409947000,
    "link": "https://www.sec.gov/Archives/edgar/data/11544/000001154424000005/0000011544-24-000005-index.htm",
    "finalLink": "https://www.sec.gov/Archives/edgar/data/11544/000001154424000005/wrb-20231231.htm"
  },
  {
    "date": "2022-12-31",
    "symbol": "WRB",
    "reportedCurrency": "USD",
    "cik": "0000011544",
    "fillingDate": "2023-02-24",
    "acceptedDate": "2023-02-24 08:37:12",
    "calendarYear": "2022",
    "period": "FY",
    "revenue": 11166499000,
    "costOfRevenue": 8728491000,
    "grossProfit": 2438008000,
    "grossProfitRatio": 0.2183323529,
    "researchAndDevelopmentExpenses": 0,
    "generalAndAdministrativeExpenses": 0,
    "sellingAndMarketingExpenses": 0,
    "sellingGeneralAndAdministrativeExpenses": 0,
    "otherExpenses": 718327000,
    "operatingExpenses": 718327000,
    "costAndExpenses": 9446818000,
    "interestIncome": 0,
    "interestExpense": 130374000,
    "depreciationAndAmortization": 55872000,
    "ebitda": 1905927000,
    "ebitdaratio": 0.1706825926,
    "operatingIncome": 1719681000,
    "operatingIncomeRatio": 0.1540035959,
    "totalOtherIncomeExpensesNet": 0,
    "incomeBeforeTax": 1719681000,
    "incomeBeforeTaxRatio": 0.1540035959,
    "incomeTaxExpense": 334727000,
    "netIncome": 1381062000,
    "netIncomeRatio": 0.1236790511,
    "eps": 3.33,
    "epsdiluted": 3.29,
    "weightedAverageShsOut": 419191500,
    "weightedAverageShsOutDil": 419191500,
    "link": "https://www.sec.gov/Archives/edgar/data/11544/000001154423000004/0000011544-23-000004-index.htm",
    "finalLink": "https://www.sec.gov/Archives/edgar/data/11544/000001154423000004/wrb-20221231.htm"
  },
  {
    "date": "2021-12-31",
    "symbol": "WRB",
    "reportedCurrency": "USD",
    "cik": "0000011544",
    "fillingDate": "2022-02-24",
    "acceptedDate": "2022-02-24 16:51:04",
    "calendarYear": "2021",
    "period": "FY",
    "revenue": 9455466000,
    "costOfRevenue": 7432693000,
    "grossProfit": 2022773000,
    "grossProfitRatio": 0.2139263152,
    "researchAndDevelopmentExpenses": 0,
    "generalAndAdministrativeExpenses": 0,
    "sellingAndMarketingExpenses": 0,
    "sellingGeneralAndAdministrativeExpenses": 0,
    "otherExpenses": 739868000,
    "operatingExpenses": 739868000,
    "costAndExpenses": 8172561000,
    "interestIncome": 0,
    "interestExpense": 147180000,
    "depreciationAndAmortization": 129682000,
    "ebitda": 1559767000,
    "ebitdaratio": 0.1649592944,
    "operatingIncome": 1282905000,
    "operatingIncomeRatio": 0.1356786646,
    "totalOtherIncomeExpensesNet": 0,
    "incomeBeforeTax": 1282905000,
    "incomeBeforeTaxRatio": 0.1356786646,
    "incomeTaxExpense": 251890000,
    "netIncome": 1022490000,
    "netIncomeRatio": 0.1081374519,
    "eps": 2.46,
    "epsdiluted": 2.44,
    "weightedAverageShsOut": 419053278,
    "weightedAverageShsOutDil": 419623500,
    "link": "https://www.sec.gov/Archives/edgar/data/11544/000001154422000007/0000011544-22-000007-index.htm",
    "finalLink": "https://www.sec.gov/Archives/edgar/data/11544/000001154422000007/wrb-20211231.htm"
  },
  {
    "date": "2020-12-31",
    "symbol": "WRB",
    "reportedCurrency": "USD",
    "cik": "0000011544",
    "fillingDate": "2021-02-18",
    "acceptedDate": "2021-02-18 17:21:32",
    "calendarYear": "2020",
    "period": "FY",
    "revenue": 8098925000,
    "costOfRevenue": 6751167000,
    "grossProfit": 1347758000,
    "grossProfitRatio": 0.1664119621,
    "researchAndDevelopmentExpenses": 0,
    "generalAndAdministrativeExpenses": 0,
    "sellingAndMarketingExpenses": 0,
    "sellingGeneralAndAdministrativeExpenses": 0,
    "otherExpenses": 642956000,
    "operatingExpenses": 642956000,
    "costAndExpenses": 7394123000,
    "interestIncome": 0,
    "interestExpense": 150537000,
    "depreciationAndAmortization": 135065000,
    "ebitda": 990404000,
    "ebitdaratio": 0.1222883284,
    "operatingIncome": 704802000,
    "operatingIncomeRatio": 0.0870241421,
    "totalOtherIncomeExpensesNet": 0,
    "incomeBeforeTax": 704802000,
    "incomeBeforeTaxRatio": 0.0870241421,
    "incomeTaxExpense": 171817000,
    "netIncome": 530670000,
    "netIncomeRatio": 0.0655235108,
    "eps": 1.26,
    "epsdiluted": 1.25,
    "weightedAverageShsOut": 424717500,
    "weightedAverageShsOutDil": 424717500,
    "link": "https://www.sec.gov/Archives/edgar/data/11544/000001154421000013/0000011544-21-000013-index.htm",
    "finalLink": "https://www.sec.gov/Archives/edgar/data/11544/000001154421000013/wrb-20201231.htm"
  },
  {
    "date": "2019-12-31",
    "symbol": "WRB",
    "reportedCurrency": "USD",
    "cik": "0000011544",
    "fillingDate": "2020-02-20",
    "acceptedDate": "2020-02-20 16:20:08",
    "calendarYear": "2019",
    "period": "FY",
    "revenue": 7902196000,
    "costOfRevenue": 6424051000,
    "grossProfit": 1478145000,
    "grossProfitRatio": 0.1870549655,
    "researchAndDevelopmentExpenses": 0,
    "generalAndAdministrativeExpenses": 0,
    "sellingAndMarketingExpenses": 0,
    "sellingGeneralAndAdministrativeExpenses": 0,
    "otherExpenses": 625225000,
    "operatingExpenses": 625225000,
    "costAndExpenses": 7049276000,
    "interestIncome": 0,
    "interestExpense": 153409000,
    "depreciationAndAmortization": 113387000,
    "ebitda": 1119716000,
    "ebitdaratio": 0.1416968144,
    "operatingIncome": 852920000,
    "operatingIncomeRatio": 0.1079345539,
    "totalOtherIncomeExpensesNet": 0,
    "incomeBeforeTax": 852920000,
    "incomeBeforeTaxRatio": 0.1079345539,
    "incomeTaxExpense": 168935000,
    "netIncome": 681944000,
    "netIncomeRatio": 0.0862980366,
    "eps": 1.59,
    "epsdiluted": 1.56,
    "weightedAverageShsOut": 435422250,
    "weightedAverageShsOutDil": 435422250,
    "link": "https://www.sec.gov/Archives/edgar/data/11544/000001154420000016/0000011544-20-000016-index.htm",
    "finalLink": "https://www.sec.gov/Archives/edgar/data/11544/000001154420000016/wrb1231201910-k.htm"
  },
  {
    "date": "2018-12-31",
    "symbol": "WRB",
    "reportedCurrency": "USD",
    "cik": "0000011544",
    "fillingDate": "2019-02-22",
    "acceptedDate": "2019-02-22 16:13:46",
    "calendarYear": "2018",
    "period": "FY",
    "revenue": 7691651000,
    "costOfRevenue": 6310297000,
    "grossProfit": 1381354000,
    "grossProfitRatio": 0.1795913517,
    "researchAndDevelopmentExpenses": 0,
    "generalAndAdministrativeExpenses": 0,
    "sellingAndMarketingExpenses": 0,
    "sellingGeneralAndAdministrativeExpenses": 0,
    "otherExpenses": 569260000,
    "operatingExpenses": 569260000,
    "costAndExpenses": 6879557000,
    "interestIncome": 0,
    "interestExpense": 157185000,
    "depreciationAndAmortization": 131108000,
    "ebitda": 1100387000,
    "ebitdaratio": 0.1430625232,
    "operatingIncome": 812094000,
    "operatingIncomeRatio": 0.1055812335,
    "totalOtherIncomeExpensesNet": 0,
    "incomeBeforeTax": 812094000,
    "incomeBeforeTaxRatio": 0.1055812335,
    "incomeTaxExpense": 163028000,
    "netIncome": 640749000,
    "netIncomeRatio": 0.0833044817,
    "eps": 1.48,
    "epsdiluted": 1.48,
    "weightedAverageShsOut": 432888750,
    "weightedAverageShsOutDil": 432888750,
    "link": "https://www.sec.gov/Archives/edgar/data/11544/000001154419000016/0000011544-19-000016-index.htm",
    "finalLink": "https://www.sec.gov/Archives/edgar/data/11544/000001154419000016/wrb1231201810-k.htm"
  },
  {
    "date": "2017-12-31",
    "symbol": "WRB",
    "reportedCurrency": "USD",
    "cik": "0000011544",
    "fillingDate": "2018-02-23",
    "acceptedDate": "2018-02-23 16:41:12",
    "calendarYear": "2017",
    "period": "FY",
    "revenue": 8010929000,
    "costOfRevenue": 6362924000,
    "grossProfit": 1648005000,
    "grossProfitRatio": 0.2057195863,
    "researchAndDevelopmentExpenses": 0,
    "generalAndAdministrativeExpenses": 0,
    "sellingAndMarketingExpenses": 0,
    "sellingGeneralAndAdministrativeExpenses": 0,
    "otherExpenses": 875235000,
    "operatingExpenses": 875235000,
    "costAndExpenses": 7238159000,
    "interestIncome": 0,
    "interestExpense": 147297000,
    "depreciationAndAmortization": 112956000,
    "ebitda": 1033023000,
    "ebitdaratio": 0.1289517108,
    "operatingIncome": 772770000,
    "operatingIncomeRatio": 0.0964644675,
    "totalOtherIncomeExpensesNet": 0,
    "incomeBeforeTax": 772770000,
    "incomeBeforeTaxRatio": 0.0964644675,
    "incomeTaxExpense": 219433000,
    "netIncome": 549094000,
    "netIncomeRatio": 0.0685431115,
    "eps": 1.3,
    "epsdiluted": 1.26,
    "weightedAverageShsOut": 435029313,
    "weightedAverageShsOutDil": 435435750,
    "link": "https://www.sec.gov/Archives/edgar/data/11544/000001154418000012/0000011544-18-000012-index.htm",
    "finalLink": "https://www.sec.gov/Archives/edgar/data/11544/000001154418000012/wrb1231201710k.htm"
  },
  {
    "date": "2016-12-31",
    "symbol": "WRB",
    "reportedCurrency": "USD",
    "cik": "0000011544",
    "fillingDate": "2017-02-28",
    "acceptedDate": "2017-02-27 17:34:39",
    "calendarYear": "2016",
    "period": "FY",
    "revenue": 7654184000,
    "costOfRevenue": 6212819000,
    "grossProfit": 1441365000,
    "grossProfitRatio": 0.1883107331,
    "researchAndDevelopmentExpenses": 0,
    "generalAndAdministrativeExpenses": 0,
    "sellingAndMarketingExpenses": 0,
    "sellingGeneralAndAdministrativeExpenses": 0,
    "otherExpenses": 544927000,
    "operatingExpenses": 544927000,
    "costAndExpenses": 6757746000,
    "interestIncome": 0,
    "interestExpense": 140896000,
    "depreciationAndAmortization": 86051000,
    "ebitda": 1123385000,
    "ebitdaratio": 0.1467674412,
    "operatingIncome": 896438000,
    "operatingIncomeRatio": 0.1171173831,
    "totalOtherIncomeExpensesNet": 0,
    "incomeBeforeTax": 896438000,
    "incomeBeforeTaxRatio": 0.1171173831,
    "incomeTaxExpense": 292953000,
    "netIncome": 601916000,
    "netIncomeRatio": 0.0786388203,
    "eps": 1.45,
    "epsdiluted": 1.39,
    "weightedAverageShsOut": 433865828,
    "weightedAverageShsOutDil": 433865828,
    "link": "https://www.sec.gov/Archives/edgar/data/11544/000001154417000009/0000011544-17-000009-index.htm",
    "finalLink": "https://www.sec.gov/Archives/edgar/data/11544/000001154417000009/wrb1231201610k.htm"
  },
  {
    "date": "2015-12-31",
    "symbol": "WRB",
    "reportedCurrency": "USD",
    "cik": "0000011544",
    "fillingDate": "2016-02-22",
    "acceptedDate": "2016-02-22 17:25:35",
    "calendarYear": "2015",
    "period": "FY",
    "revenue": 7206457000,
    "costOfRevenue": 5916498000,
    "grossProfit": 1289959000,
    "grossProfitRatio": 0.1790004436,
    "researchAndDevelopmentExpenses": 0,
    "generalAndAdministrativeExpenses": 0,
    "sellingAndMarketingExpenses": 0,
    "sellingGeneralAndAdministrativeExpenses": 0,
    "otherExpenses": 557929000,
    "operatingExpenses": 557929000,
    "costAndExpenses": 6474427000,
    "interestIncome": 0,
    "interestExpense": 130946000,
    "depreciationAndAmortization": 85139000,
    "ebitda": 948115000,
    "ebitdaratio": 0.131564651,
    "operatingIncome": 732030000,
    "operatingIncomeRatio": 0.1015797361,
    "totalOtherIncomeExpensesNet": 0,
    "incomeBeforeTax": 732030000,
    "incomeBeforeTaxRatio": 0.1015797361,
    "incomeTaxExpense": 227923000,
    "netIncome": 503694000,
    "netIncomeRatio": 0.0698948179,
    "eps": 1.2,
    "epsdiluted": 1.15,
    "weightedAverageShsOut": 439255254,
    "weightedAverageShsOutDil": 439387423,
    "link": "https://www.sec.gov/Archives/edgar/data/11544/000001154416000086/0000011544-16-000086-index.htm",
    "finalLink": "https://www.sec.gov/Archives/edgar/data/11544/000001154416000086/wrb1231201510k.htm"
  },
  {
    "date": "2014-12-31",
    "symbol": "WRB",
    "reportedCurrency": "USD",
    "cik": "0000011544",
    "fillingDate": "2015-02-27",
    "acceptedDate": "2015-02-27 16:09:48",
    "calendarYear": "2014",
    "period": "FY",
    "revenue": 7538950000,
    "costOfRevenue": 5489823000,
    "grossProfit": 2049127000,
    "grossProfitRatio": 0.2718053575,
    "researchAndDevelopmentExpenses": 0,
    "generalAndAdministrativeExpenses": 0,
    "sellingAndMarketingExpenses": 0,
    "sellingGeneralAndAdministrativeExpenses": 0,
    "otherExpenses": 1096931000,
    "operatingExpenses": 1096931000,
    "costAndExpenses": 6586754000,
    "interestIncome": 0,
    "interestExpense": 128174000,
    "depreciationAndAmortization": 88836000,
    "ebitda": 1169206000,
    "ebitdaratio": 0.155088706,
    "operatingIncome": 952196000,
    "operatingIncomeRatio": 0.1263035303,
    "totalOtherIncomeExpensesNet": 0,
    "incomeBeforeTax": 952196000,
    "incomeBeforeTaxRatio": 0.1263035303,
    "incomeTaxExpense": 302593000,
    "netIncome": 648884000,
    "netIncomeRatio": 0.0860708719,
    "eps": 1.5,
    "epsdiluted": 1.44,
    "weightedAverageShsOut": 450613888,
    "weightedAverageShsOutDil": 451075011,
    "link": "https://www.sec.gov/Archives/edgar/data/11544/000001154415000010/0000011544-15-000010-index.htm",
    "finalLink": "https://www.sec.gov/Archives/edgar/data/11544/000001154415000010/wrb1231201410k.htm"
  },
  {
    "date": "2013-12-31",
    "symbol": "WRB",
    "reportedCurrency": "USD",
    "cik": "0000011544",
    "fillingDate": "2014-02-28",
    "acceptedDate": "2014-02-28 16:51:18",
    "calendarYear": "2013",
    "period": "FY",
    "revenue": 6408534000,
    "costOfRevenue": 4276756000,
    "grossProfit": 2131778000,
    "grossProfitRatio": 0.3326467489,
    "researchAndDevelopmentExpenses": 0,
    "generalAndAdministrativeExpenses": 0,
    "sellingAndMarketingExpenses": 0,
    "sellingGeneralAndAdministrativeExpenses": 0,
    "otherExpenses": 1432890000,
    "operatingExpenses": 1432890000,
    "costAndExpenses": 5709646000,
    "interestIncome": 0,
    "interestExpense": 123177000,
    "depreciationAndAmortization": 103090000,
    "ebitda": 925155000,
    "ebitdaratio": 0.1443629698,
    "operatingIncome": 698888000,
    "operatingIncomeRatio": 0.1090558309,
    "totalOtherIncomeExpensesNet": 0,
    "incomeBeforeTax": 698888000,
    "incomeBeforeTaxRatio": 0.1090558309,
    "incomeTaxExpense": 193587000,
    "netIncome": 499925000,
    "netIncomeRatio": 0.0780092608,
    "eps": 1.09,
    "epsdiluted": 1.05,
    "weightedAverageShsOut": 475007362,
    "weightedAverageShsOutDil": 475007362,
    "link": "https://www.sec.gov/Archives/edgar/data/11544/000001154414000012/0000011544-14-000012-index.htm",
    "finalLink": "https://www.sec.gov/Archives/edgar/data/11544/000001154414000012/wrb1231201310k.htm"
  },
  {
    "date": "2012-12-31",
    "symbol": "WRB",
    "reportedCurrency": "USD",
    "cik": "0000011544",
    "fillingDate": "2013-02-28",
    "acceptedDate": "2013-02-28 14:27:25",
    "calendarYear": "2012",
    "period": "FY",
    "revenue": 5823554000,
    "costOfRevenue": 3951048000,
    "grossProfit": 1872506000,
    "grossProfitRatio": 0.3215400767,
    "researchAndDevelopmentExpenses": 0,
    "generalAndAdministrativeExpenses": 0,
    "sellingAndMarketingExpenses": 0,
    "sellingGeneralAndAdministrativeExpenses": 0,
    "otherExpenses": 1170578000,
    "operatingExpenses": 1170578000,
    "costAndExpenses": 5121626000,
    "interestIncome": 0,
    "interestExpense": 126302000,
    "depreciationAndAmortization": 103419000,
    "ebitda": 931649000,
    "ebitdaratio": 0.1599794558,
    "operatingIncome": 701928000,
    "operatingIncomeRatio": 0.120532582,
    "totalOtherIncomeExpensesNet": 0,
    "incomeBeforeTax": 701928000,
    "incomeBeforeTaxRatio": 0.120532582,
    "incomeTaxExpense": 191285000,
    "netIncome": 510592000,
    "netIncomeRatio": 0.0876770439,
    "eps": 1.65,
    "epsdiluted": 1.58,
    "weightedAverageShsOut": 308468250,
    "weightedAverageShsOutDil": 322458750,
    "link": "https://www.sec.gov/Archives/edgar/data/11544/000001154413000018/0000011544-13-000018-index.htm",
    "finalLink": "https://www.sec.gov/Archives/edgar/data/11544/000001154413000018/wrb1231201210k.htm"
  },
  {
    "date": "2011-12-31",
    "symbol": "WRB",
    "reportedCurrency": "USD",
    "cik": "0000011544",
    "fillingDate": "2012-02-28",
    "acceptedDate": "2012-02-28 14:57:21",
    "calendarYear": "2011",
    "period": "FY",
    "revenue": 5155984000,
    "costOfRevenue": 3518714000,
    "grossProfit": 1637270000,
    "grossProfitRatio": 0.3175475331,
    "researchAndDevelopmentExpenses": 0,
    "generalAndAdministrativeExpenses": 0,
    "sellingAndMarketingExpenses": 0,
    "sellingGeneralAndAdministrativeExpenses": 1621329000,
    "otherExpenses": -497145000,
    "operatingExpenses": 1124184000,
    "costAndExpenses": 4642898000,
    "interestIncome": 0,
    "interestExpense": 112512000,
    "depreciationAndAmortization": 88012000,
    "ebitda": 713610000,
    "ebitdaratio": 0.1384042309,
    "operatingIncome": 513086000,
    "operatingIncomeRatio": 0.0995127215,
    "totalOtherIncomeExpensesNet": 0,
    "incomeBeforeTax": 513086000,
    "incomeBeforeTaxRatio": 0.0995127215,
    "incomeTaxExpense": 121945000,
    "netIncome": 391211000,
    "netIncomeRatio": 0.0758751385,
    "eps": 1.26,
    "epsdiluted": 1.2,
    "weightedAverageShsOut": 314298000,
    "weightedAverageShsOutDil": 327762000,
    "link": "https://www.sec.gov/Archives/edgar/data/11544/000001154412000021/0000011544-12-000021-index.htm",
    "finalLink": "https://www.sec.gov/Archives/edgar/data/11544/000001154412000021/wrb1231201110k.htm"
  },
  {
    "date": "2010-12-31",
    "symbol": "WRB",
    "reportedCurrency": "USD",
    "cik": "0000011544",
    "fillingDate": "2011-02-28",
    "acceptedDate": "2011-02-28 15:37:05",
    "calendarYear": "2010",
    "period": "FY",
    "revenue": 4724069000,
    "costOfRevenue": 3090816000,
    "grossProfit": 1633253000,
    "grossProfitRatio": 0.3457301322,
    "researchAndDevelopmentExpenses": 0,
    "generalAndAdministrativeExpenses": 0,
    "sellingAndMarketingExpenses": 0,
    "sellingGeneralAndAdministrativeExpenses": 1496362000,
    "otherExpenses": -462019000,
    "operatingExpenses": 1034343000,
    "costAndExpenses": 4125159000,
    "interestIncome": 0,
    "interestExpense": 106969000,
    "depreciationAndAmortization": 82867000,
    "ebitda": 788746000,
    "ebitdaratio": 0.1669632683,
    "operatingIncome": 598910000,
    "operatingIncomeRatio": 0.1267784192,
    "totalOtherIncomeExpensesNet": 0,
    "incomeBeforeTax": 598910000,
    "incomeBeforeTaxRatio": 0.1267784192,
    "incomeTaxExpense": 152226000,
    "netIncome": 446405000,
    "netIncomeRatio": 0.0944958679,
    "eps": 1.33,
    "epsdiluted": 1.28,
    "weightedAverageShsOut": 334692828,
    "weightedAverageShsOutDil": 348931219,
    "link": "https://www.sec.gov/Archives/edgar/data/11544/000095012311019708/0000950123-11-019708-index.htm",
    "finalLink": "https://www.sec.gov/Archives/edgar/data/11544/000095012311019708/y88683e10vk.htm"
  },
  {
    "date": "2009-12-31",
    "symbol": "WRB",
    "reportedCurrency": "USD",
    "cik": "0000011544",
    "fillingDate": "2010-02-26",
    "acceptedDate": "2010-02-26 15:53:49",
    "calendarYear": "2009",
    "period": "FY",
    "revenue": 4431178000,
    "costOfRevenue": 2336707000,
    "grossProfit": 2094471000,
    "grossProfitRatio": 0.4726668619,
    "researchAndDevelopmentExpenses": 0,
    "generalAndAdministrativeExpenses": 0,
    "sellingAndMarketingExpenses": 0,
    "sellingGeneralAndAdministrativeExpenses": 1440838000,
    "otherExpenses": 271403000,
    "operatingExpenses": 1712241000,
    "costAndExpenses": 4048948000,
    "interestIncome": 0,
    "interestExpense": 87989000,
    "depreciationAndAmortization": 78875000,
    "ebitda": 549094000,
    "ebitdaratio": 0.1239160332,
    "operatingIncome": 382230000,
    "operatingIncomeRatio": 0.0862592295,
    "totalOtherIncomeExpensesNet": 0,
    "incomeBeforeTax": 382230000,
    "incomeBeforeTaxRatio": 0.0862592295,
    "incomeTaxExpense": 73150000,
    "netIncome": 309057000,
    "netIncomeRatio": 0.0697460134,
    "eps": 0.86,
    "epsdiluted": 0.83,
    "weightedAverageShsOut": 360803250,
    "weightedAverageShsOutDil": 374791500,
    "link": "https://www.sec.gov/Archives/edgar/data/11544/000095012310018092/0000950123-10-018092-index.htm",
    "finalLink": "https://www.sec.gov/Archives/edgar/data/11544/000095012310018092/y82923e10vk.htm"
  },
  {
    "date": "2008-12-31",
    "symbol": "WRB",
    "reportedCurrency": "USD",
    "cik": "0000011544",
    "fillingDate": "2009-02-27",
    "acceptedDate": "2009-02-27 12:19:51",
    "calendarYear": "2008",
    "period": "FY",
    "revenue": 4708808000,
    "costOfRevenue": 2688661000,
    "grossProfit": 2020147000,
    "grossProfitRatio": 0.4290145192,
    "researchAndDevelopmentExpenses": 0,
    "generalAndAdministrativeExpenses": 0,
    "sellingAndMarketingExpenses": 0,
    "sellingGeneralAndAdministrativeExpenses": 1475165000,
    "otherExpenses": 218660000,
    "operatingExpenses": 1693825000,
    "costAndExpenses": 4382486000,
    "interestIncome": 0,
    "interestExpense": 84623000,
    "depreciationAndAmortization": 83953000,
    "ebitda": 494898000,
    "ebitdaratio": 0.105100484,
    "operatingIncome": 326322000,
    "operatingIncomeRatio": 0.069300341,
    "totalOtherIncomeExpensesNet": 0,
    "incomeBeforeTax": 326322000,
    "incomeBeforeTaxRatio": 0.069300341,
    "incomeTaxExpense": 44919000,
    "netIncome": 281141000,
    "netIncomeRatio": 0.0597053437,
    "eps": 0.75,
    "epsdiluted": 0.72,
    "weightedAverageShsOut": 375651000,
    "weightedAverageShsOutDil": 390271500,
    "link": "https://www.sec.gov/Archives/edgar/data/11544/000095012309003653/0000950123-09-003653-index.htm",
    "finalLink": "https://www.sec.gov/Archives/edgar/data/11544/000095012309003653/y74875e10vk.htm"
  },
  {
    "date": "2007-12-31",
    "symbol": "WRB",
    "reportedCurrency": "USD",
    "cik": "0000011544",
    "fillingDate": "2008-02-29",
    "acceptedDate": "2008-02-29 11:56:58",
    "calendarYear": "2007",
    "period": "FY",
    "revenue": 5588397000,
    "costOfRevenue": 3107730000,
    "grossProfit": 2480667000,
    "grossProfitRatio": 0.4438959866,
    "researchAndDevelopmentExpenses": 0,
    "generalAndAdministrativeExpenses": 0,
    "sellingAndMarketingExpenses": 0,
    "sellingGeneralAndAdministrativeExpenses": 0,
    "otherExpenses": 1388275000,
    "operatingExpenses": 1388275000,
    "costAndExpenses": 4496005000,
    "interestIncome": 0,
    "interestExpense": 88996000,
    "depreciationAndAmortization": 73697000,
    "ebitda": 1255085000,
    "ebitdaratio": 0.224587659,
    "operatingIncome": 1092392000,
    "operatingIncomeRatio": 0.1954750173,
    "totalOtherIncomeExpensesNet": 0,
    "incomeBeforeTax": 1092392000,
    "incomeBeforeTaxRatio": 0.1954750173,
    "incomeTaxExpense": 323070000,
    "netIncome": 766239000,
    "netIncomeRatio": 0.137112485,
    "eps": 1.8,
    "epsdiluted": 1.73,
    "weightedAverageShsOut": 425207250,
    "weightedAverageShsOutDil": 442570500,
    "link": "https://www.sec.gov/Archives/edgar/data/11544/000095012308002324/0000950123-08-002324-index.htm",
    "finalLink": "https://www.sec.gov/Archives/edgar/data/11544/000095012308002324/y50287e10vk.htm"
  },
  {
    "date": "2006-12-31",
    "symbol": "WRB",
    "reportedCurrency": "USD",
    "cik": "0000011544",
    "fillingDate": "2007-03-01",
    "acceptedDate": "2007-03-01 13:56:04",
    "calendarYear": "2006",
    "period": "FY",
    "revenue": 5394831000,
    "costOfRevenue": 3153686000,
    "grossProfit": 2241145000,
    "grossProfitRatio": 0.4154245054,
    "researchAndDevelopmentExpenses": 0,
    "generalAndAdministrativeExpenses": 0,
    "sellingAndMarketingExpenses": 0,
    "sellingGeneralAndAdministrativeExpenses": 0,
    "otherExpenses": 1252500000,
    "operatingExpenses": 1252500000,
    "costAndExpenses": 4406186000,
    "interestIncome": 0,
    "interestExpense": 92522000,
    "depreciationAndAmortization": 65674000,
    "ebitda": 1146841000,
    "ebitdaratio": 0.2125814507,
    "operatingIncome": 988645000,
    "operatingIncomeRatio": 0.1832578259,
    "totalOtherIncomeExpensesNet": 0,
    "incomeBeforeTax": 988645000,
    "incomeBeforeTaxRatio": 0.1832578259,
    "incomeTaxExpense": 286398000,
    "netIncome": 699518000,
    "netIncomeRatio": 0.1296644881,
    "eps": 1.62,
    "epsdiluted": 1.54,
    "weightedAverageShsOut": 431209726,
    "weightedAverageShsOutDil": 454888873,
    "link": "https://www.sec.gov/Archives/edgar/data/11544/000095012307003012/0000950123-07-003012-index.htm",
    "finalLink": "https://www.sec.gov/Archives/edgar/data/11544/000095012307003012/y30637e10vk.htm"
  },
  {
    "date": "2005-12-31",
    "symbol": "WRB",
    "reportedCurrency": "USD",
    "cik": "0000011544",
    "fillingDate": "2006-03-13",
    "acceptedDate": "2006-03-13 17:14:32",
    "calendarYear": "2005",
    "period": "FY",
    "revenue": 4996839000,
    "costOfRevenue": 3024265000,
    "grossProfit": 1972574000,
    "grossProfitRatio": 0.39476437,
    "researchAndDevelopmentExpenses": 0,
    "generalAndAdministrativeExpenses": 0,
    "sellingAndMarketingExpenses": 0,
    "sellingGeneralAndAdministrativeExpenses": 0,
    "otherExpenses": 1202037000,
    "operatingExpenses": 1202037000,
    "costAndExpenses": 4226302000,
    "interestIncome": 0,
    "interestExpense": 85926000,
    "depreciationAndAmortization": 63052000,
    "ebitda": 919515000,
    "ebitdaratio": 0.184019337,
    "operatingIncome": 770537000,
    "operatingIncomeRatio": 0.1542048883,
    "totalOtherIncomeExpensesNet": 0,
    "incomeBeforeTax": 770537000,
    "incomeBeforeTaxRatio": 0.1542048883,
    "incomeTaxExpense": 222521000,
    "netIncome": 544892000,
    "netIncomeRatio": 0.1090473397,
    "eps": 1.27,
    "epsdiluted": 1.21,
    "weightedAverageShsOut": 428673776,
    "weightedAverageShsOutDil": 450737868,
    "link": "https://www.sec.gov/Archives/edgar/data/11544/000095012306003047/0000950123-06-003047-index.htm",
    "finalLink": "https://www.sec.gov/Archives/edgar/data/11544/000095012306003047/y18323e10vk.htm"
  },
  {
    "date": "2004-12-31",
    "symbol": "WRB",
    "reportedCurrency": "USD",
    "cik": "0000011544",
    "fillingDate": "2005-03-14",
    "acceptedDate": "2005-03-14 06:01:13",
    "calendarYear": "2004",
    "period": "FY",
    "revenue": 4512235000,
    "costOfRevenue": 2764648000,
    "grossProfit": 1747587000,
    "grossProfitRatio": 0.387299642,
    "researchAndDevelopmentExpenses": 0,
    "generalAndAdministrativeExpenses": 0,
    "sellingAndMarketingExpenses": 0,
    "sellingGeneralAndAdministrativeExpenses": 0,
    "otherExpenses": 1109074000,
    "operatingExpenses": 1109074000,
    "costAndExpenses": 3873722000,
    "interestIncome": 0,
    "interestExpense": 66423000,
    "depreciationAndAmortization": 54829000,
    "ebitda": 759765000,
    "ebitdaratio": 0.1683788632,
    "operatingIncome": 638513000,
    "operatingIncomeRatio": 0.1415070359,
    "totalOtherIncomeExpensesNet": 0,
    "incomeBeforeTax": 638513000,
    "incomeBeforeTaxRatio": 0.1415070359,
    "incomeTaxExpense": 196235000,
    "netIncome": 438105000,
    "netIncomeRatio": 0.0970926825,
    "eps": 1.03,
    "epsdiluted": 0.98,
    "weightedAverageShsOut": 424886315,
    "weightedAverageShsOutDil": 446034502,
    "link": "https://www.sec.gov/Archives/edgar/data/11544/000095012305003028/0000950123-05-003028-index.htm",
    "finalLink": "https://www.sec.gov/Archives/edgar/data/11544/000095012305003028/y06585e10vk.htm"
  },
  {
    "date": "2003-12-31",
    "symbol": "WRB",
    "reportedCurrency": "USD",
    "cik": "0000011544",
    "fillingDate": "2004-03-12",
    "acceptedDate": "2004-03-12 16:40:30",
    "calendarYear": "2003",
    "period": "FY",
    "revenue": 3630108000,
    "costOfRevenue": 2955526000,
    "grossProfit": 674582000,
    "grossProfitRatio": 0.1858297329,
    "researchAndDevelopmentExpenses": 0,
    "generalAndAdministrativeExpenses": 0,
    "sellingAndMarketingExpenses": 0,
    "sellingGeneralAndAdministrativeExpenses": 0,
    "otherExpenses": 185278000,
    "operatingExpenses": 185278000,
    "costAndExpenses": 3140804000,
    "interestIncome": 0,
    "interestExpense": 54733000,
    "depreciationAndAmortization": 20324000,
    "ebitda": 564361000,
    "ebitdaratio": 0.1554667244,
    "operatingIncome": 489304000,
    "operatingIncomeRatio": 0.1347904801,
    "totalOtherIncomeExpensesNet": 0,
    "incomeBeforeTax": 489304000,
    "incomeBeforeTaxRatio": 0.1347904801,
    "incomeTaxExpense": 150626000,
    "netIncome": 337220000,
    "netIncomeRatio": 0.0928953078,
    "eps": 0.8,
    "epsdiluted": 0.76,
    "weightedAverageShsOut": 420486761,
    "weightedAverageShsOutDil": 441130814,
    "link": "https://www.sec.gov/Archives/edgar/data/11544/000095012304003258/0000950123-04-003258-index.htm",
    "finalLink": "https://www.sec.gov/Archives/edgar/data/11544/000095012304003258/y95088e10vk.txt"
  },
  {
    "date": "2002-12-31",
    "symbol": "WRB",
    "reportedCurrency": "USD",
    "cik": "0000011544",
    "fillingDate": "2003-03-31",
    "acceptedDate": "2003-03-31 15:36:57",
    "calendarYear": "2002",
    "period": "FY",
    "revenue": 2566084000,
    "costOfRevenue": 1463971000,
    "grossProfit": 1102113000,
    "grossProfitRatio": 0.4294921756,
    "researchAndDevelopmentExpenses": 0,
    "generalAndAdministrativeExpenses": 0,
    "sellingAndMarketingExpenses": 0,
    "sellingGeneralAndAdministrativeExpenses": 0,
    "otherExpenses": 842680000,
    "operatingExpenses": 842680000,
    "costAndExpenses": 2306651000,
    "interestIncome": 0,
    "interestExpense": 45475000,
    "depreciationAndAmortization": 17944000,
    "ebitda": 322852000,
    "ebitdaratio": 0.1258150552,
    "operatingIncome": 259433000,
    "operatingIncomeRatio": 0.1011007434,
    "totalOtherIncomeExpensesNet": 0,
    "incomeBeforeTax": 259433000,
    "incomeBeforeTaxRatio": 0.1011007434,
    "incomeTaxExpense": 84139000,
    "netIncome": 175045000,
    "netIncomeRatio": 0.0682148363,
    "eps": 0.45,
    "epsdiluted": 0.44,
    "weightedAverageShsOut": 386971752,
    "weightedAverageShsOutDil": 400979779,
    "link": "https://www.sec.gov/Archives/edgar/data/11544/000095012303003655/0000950123-03-003655-index.htm",
    "finalLink": "https://www.sec.gov/Archives/edgar/data/11544/000095012303003655/y84583e10vk.htm"
  },
  {
    "date": "2001-12-31",
    "symbol": "WRB",
    "reportedCurrency": "USD",
    "cik": "0000011544",
    "fillingDate": "2002-03-28",
    "acceptedDate": "2002-03-28 00:00:00",
    "calendarYear": "2001",
    "period": "FY",
    "revenue": 1941797000,
    "costOfRevenue": 1380500000,
    "grossProfit": 561297000,
    "grossProfitRatio": 0.289060597,
    "researchAndDevelopmentExpenses": 0,
    "generalAndAdministrativeExpenses": 0,
    "sellingAndMarketingExpenses": 0,
    "sellingGeneralAndAdministrativeExpenses": 0,
    "otherExpenses": 712691000,
    "operatingExpenses": 712691000,
    "costAndExpenses": 2093191000,
    "interestIncome": 0,
    "interestExpense": 45719000,
    "depreciationAndAmortization": 17493000,
    "ebitda": -88182000,
    "ebitdaratio": -0.045412574,
    "operatingIncome": -151394000,
    "operatingIncomeRatio": -0.0779659254,
    "totalOtherIncomeExpensesNet": 0,
    "incomeBeforeTax": -151394000,
    "incomeBeforeTaxRatio": -0.0779659254,
    "incomeTaxExpense": -56661000,
    "netIncome": -91546000,
    "netIncomeRatio": -0.0471449899,
    "eps": -0.27,
    "epsdiluted": -0.27,
    "weightedAverageShsOut": 333418435,
    "weightedAverageShsOutDil": 333418435,
    "link": "https://www.sec.gov/Archives/edgar/data/11544/000091403902000118/0000914039-02-000118-index.htm",
    "finalLink": "https://www.sec.gov/Archives/edgar/data/11544/000091403902000118/y58639e10-k.txt"
  },
  {
    "date": "2000-12-31",
    "symbol": "WRB",
    "reportedCurrency": "USD",
    "cik": "0000011544",
    "fillingDate": "2001-03-23",
    "acceptedDate": "2001-03-23 00:00:00",
    "calendarYear": "2000",
    "period": "FY",
    "revenue": 1781287000,
    "costOfRevenue": 1094411000,
    "grossProfit": 686876000,
    "grossProfitRatio": 0.3856065867,
    "researchAndDevelopmentExpenses": 0,
    "generalAndAdministrativeExpenses": 0,
    "sellingAndMarketingExpenses": 0,
    "sellingGeneralAndAdministrativeExpenses": 0,
    "otherExpenses": 646025000,
    "operatingExpenses": 646025000,
    "costAndExpenses": 1740436000,
    "interestIncome": 0,
    "interestExpense": 47596000,
    "depreciationAndAmortization": 21700000,
    "ebitda": 110147000,
    "ebitdaratio": 0.0618356278,
    "operatingIncome": 40851000,
    "operatingIncomeRatio": 0.0229334184,
    "totalOtherIncomeExpensesNet": 0,
    "incomeBeforeTax": 40851000,
    "incomeBeforeTaxRatio": 0.0229334184,
    "incomeTaxExpense": 2451000,
    "netIncome": 34076000,
    "netIncomeRatio": 0.0191299886,
    "eps": 0.12,
    "epsdiluted": 0.12,
    "weightedAverageShsOut": 292747141,
    "weightedAverageShsOutDil": 296959330,
    "link": "https://www.sec.gov/Archives/edgar/data/11544/000091403901000093/0000914039-01-000093-index.htm",
    "finalLink": "https://www.sec.gov/Archives/edgar/data/11544/000091403901000093/y46799e10-k.txt"
  },
  {
    "date": "1999-12-31",
    "symbol": "WRB",
    "reportedCurrency": "USD",
    "cik": "0000011544",
    "fillingDate": "2000-03-27",
    "acceptedDate": "2000-03-27 00:00:00",
    "calendarYear": "1999",
    "period": "FY",
    "revenue": 1673668000,
    "costOfRevenue": 1085826000,
    "grossProfit": 587842000,
    "grossProfitRatio": 0.351229754,
    "researchAndDevelopmentExpenses": 0,
    "generalAndAdministrativeExpenses": 0,
    "sellingAndMarketingExpenses": 0,
    "sellingGeneralAndAdministrativeExpenses": 0,
    "otherExpenses": 667090000,
    "operatingExpenses": 667090000,
    "costAndExpenses": 1752916000,
    "interestIncome": 0,
    "interestExpense": 50801000,
    "depreciationAndAmortization": 23598000,
    "ebitda": -4849000,
    "ebitdaratio": -0.0028972293,
    "operatingIncome": -79248000,
    "operatingIncomeRatio": -0.0473498926,
    "totalOtherIncomeExpensesNet": 0,
    "incomeBeforeTax": -79248000,
    "incomeBeforeTaxRatio": -0.0473498926,
    "incomeTaxExpense": -45766000,
    "netIncome": -36600000,
    "netIncomeRatio": -0.0218681363,
    "eps": -0.12,
    "epsdiluted": -0.12,
    "weightedAverageShsOut": 293150391,
    "weightedAverageShsOutDil": 295200393,
    "link": "https://www.sec.gov/Archives/edgar/data/11544/000091403900000142/0000914039-00-000142-index.htm",
    "finalLink": "https://www.sec.gov/Archives/edgar/data/11544/000091403900000142/0000914039-00-000142.txt"
  },
  {
    "date": "1998-12-31",
    "symbol": "WRB",
    "reportedCurrency": "USD",
    "cik": "0000011544",
    "fillingDate": "1999-03-23",
    "acceptedDate": "1999-03-23 00:00:00",
    "calendarYear": "1998",
    "period": "FY",
    "revenue": 1582517000,
    "costOfRevenue": 914762000,
    "grossProfit": 667755000,
    "grossProfitRatio": 0.4219575524,
    "researchAndDevelopmentExpenses": 0,
    "generalAndAdministrativeExpenses": 0,
    "sellingAndMarketingExpenses": 0,
    "sellingGeneralAndAdministrativeExpenses": 0,
    "otherExpenses": 604974000,
    "operatingExpenses": 604974000,
    "costAndExpenses": 1519736000,
    "interestIncome": 0,
    "interestExpense": 48819000,
    "depreciationAndAmortization": 22658000,
    "ebitda": 134258000,
    "ebitdaratio": 0.0848382671,
    "operatingIncome": 62781000,
    "operatingIncomeRatio": 0.0396716117,
    "totalOtherIncomeExpensesNet": 0,
    "incomeBeforeTax": 62781000,
    "incomeBeforeTaxRatio": 0.0396716117,
    "incomeTaxExpense": 5465000,
    "netIncome": 58760000,
    "netIncomeRatio": 0.0371307228,
    "eps": 0.14,
    "epsdiluted": 0.14,
    "weightedAverageShsOut": 320847513,
    "weightedAverageShsOutDil": 330937058,
    "link": "https://www.sec.gov/Archives/edgar/data/11544/000091403999000106/0000914039-99-000106-index.htm",
    "finalLink": "https://www.sec.gov/Archives/edgar/data/11544/0000914039-99-000106.txt"
  },
  {
    "date": "1997-12-31",
    "symbol": "WRB",
    "reportedCurrency": "USD",
    "cik": "0000011544",
    "fillingDate": "1998-03-27",
    "acceptedDate": "1998-03-27 00:00:00",
    "calendarYear": "1997",
    "period": "FY",
    "revenue": 1400300000,
    "costOfRevenue": 734424000,
    "grossProfit": 665876000,
    "grossProfitRatio": 0.4755238163,
    "researchAndDevelopmentExpenses": 0,
    "generalAndAdministrativeExpenses": 0,
    "sellingAndMarketingExpenses": 0,
    "sellingGeneralAndAdministrativeExpenses": 0,
    "otherExpenses": -685524000,
    "operatingExpenses": -685524000,
    "costAndExpenses": 48900000,
    "interestIncome": 0,
    "interestExpense": 48869000,
    "depreciationAndAmortization": 11900000,
    "ebitda": 60800000,
    "ebitdaratio": 0.0434192673,
    "operatingIncome": 1351400000,
    "operatingIncomeRatio": 0.9650789117,
    "totalOtherIncomeExpensesNet": -1221700000,
    "incomeBeforeTax": 129700000,
    "incomeBeforeTaxRatio": 0.0926230094,
    "incomeTaxExpense": 30700000,
    "netIncome": 99000000,
    "netIncomeRatio": 0.0706991359,
    "eps": 0.27,
    "epsdiluted": 0.27,
    "weightedAverageShsOut": 335517796,
    "weightedAverageShsOutDil": 343294794,
    "link": "https://www.sec.gov/Archives/edgar/data/11544/000091403998000117/0000914039-98-000117-index.htm",
    "finalLink": "https://www.sec.gov/Archives/edgar/data/11544/0000914039-98-000117.txt"
  },
  {
    "date": "1996-12-31",
    "symbol": "WRB",
    "reportedCurrency": "USD",
    "cik": "0000011544",
    "fillingDate": "1997-03-25",
    "acceptedDate": "1997-03-25 00:00:00",
    "calendarYear": "1996",
    "period": "FY",
    "revenue": 1225166000,
    "costOfRevenue": 669160000,
    "grossProfit": 556006000,
    "grossProfitRatio": 0.4538209516,
    "researchAndDevelopmentExpenses": 0,
    "generalAndAdministrativeExpenses": 0,
    "sellingAndMarketingExpenses": 0,
    "sellingGeneralAndAdministrativeExpenses": 0,
    "otherExpenses": 440957000,
    "operatingExpenses": 440957000,
    "costAndExpenses": 1110117000,
    "interestIncome": 0,
    "interestExpense": 31963000,
    "depreciationAndAmortization": 8590000,
    "ebitda": 155602000,
    "ebitdaratio": 0.1270048304,
    "operatingIncome": 115049000,
    "operatingIncomeRatio": 0.093904826,
    "totalOtherIncomeExpensesNet": 0,
    "incomeBeforeTax": 115049000,
    "incomeBeforeTaxRatio": 0.093904826,
    "incomeTaxExpense": 25102000,
    "netIncome": 90263000,
    "netIncomeRatio": 0.073674098,
    "eps": 0.22,
    "epsdiluted": 0.22,
    "weightedAverageShsOut": 339734290,
    "weightedAverageShsOutDil": 339734290,
    "link": "https://www.sec.gov/Archives/edgar/data/11544/000091403997000076/0000914039-97-000076-index.htm",
    "finalLink": "https://www.sec.gov/Archives/edgar/data/11544/0000914039-97-000076.txt"
  },
  {
    "date": "1995-12-31",
    "symbol": "WRB",
    "reportedCurrency": "USD",
    "cik": "0000011544",
    "fillingDate": "1996-03-26",
    "acceptedDate": "1996-03-26 00:00:00",
    "calendarYear": "1995",
    "period": "FY",
    "revenue": 1021943000,
    "costOfRevenue": 570998000,
    "grossProfit": 450945000,
    "grossProfitRatio": 0.4412623796,
    "researchAndDevelopmentExpenses": 0,
    "generalAndAdministrativeExpenses": 0,
    "sellingAndMarketingExpenses": 0,
    "sellingGeneralAndAdministrativeExpenses": 0,
    "otherExpenses": 368198000,
    "operatingExpenses": 368198000,
    "costAndExpenses": 939196000,
    "interestIncome": 0,
    "interestExpense": 28209000,
    "depreciationAndAmortization": 14286000,
    "ebitda": 125242000,
    "ebitdaratio": 0.1225528234,
    "operatingIncome": 82747000,
    "operatingIncomeRatio": 0.0809702694,
    "totalOtherIncomeExpensesNet": 0,
    "incomeBeforeTax": 82747000,
    "incomeBeforeTaxRatio": 0.0809702694,
    "incomeTaxExpense": 17554000,
    "netIncome": 60882000,
    "netIncomeRatio": 0.0595747512,
    "eps": 0.17,
    "epsdiluted": 0.17,
    "weightedAverageShsOut": 297629862,
    "weightedAverageShsOutDil": 297629862,
    "link": "https://www.sec.gov/Archives/edgar/data/11544/000091403996000065/0000914039-96-000065-index.htm",
    "finalLink": "https://www.sec.gov/Archives/edgar/data/11544/0000914039-96-000065.txt"
  },
  {
    "date": "1994-12-31",
    "symbol": "WRB",
    "reportedCurrency": "USD",
    "cik": "0000011544",
    "fillingDate": "1994-12-31",
    "acceptedDate": "1994-12-31 00:00:00",
    "calendarYear": "1994",
    "period": "FY",
    "revenue": 830800000,
    "costOfRevenue": 0,
    "grossProfit": 830800000,
    "grossProfitRatio": 1,
    "researchAndDevelopmentExpenses": 0,
    "generalAndAdministrativeExpenses": 0,
    "sellingAndMarketingExpenses": 0,
    "sellingGeneralAndAdministrativeExpenses": 0,
    "otherExpenses": 27600000,
    "operatingExpenses": 27600000,
    "costAndExpenses": 27600000,
    "interestIncome": 0,
    "interestExpense": 27600000,
    "depreciationAndAmortization": 15000000,
    "ebitda": 42600000,
    "ebitdaratio": 0.0512758787,
    "operatingIncome": 803200000,
    "operatingIncomeRatio": 0.9667790082,
    "totalOtherIncomeExpensesNet": -769700000,
    "incomeBeforeTax": 33500000,
    "incomeBeforeTaxRatio": 0.0403225806,
    "incomeTaxExpense": -1600000,
    "netIncome": 35100000,
    "netIncomeRatio": 0.0422484352,
    "eps": 0.12,
    "epsdiluted": 0.12,
    "weightedAverageShsOut": 292486145,
    "weightedAverageShsOutDil": 295564538,
    "link": null,
    "finalLink": null
  },
  {
    "date": "1993-12-31",
    "symbol": "WRB",
    "reportedCurrency": "USD",
    "cik": "0000011544",
    "fillingDate": "1993-12-31",
    "acceptedDate": "1993-12-31 00:00:00",
    "calendarYear": "1993",
    "period": "FY",
    "revenue": 582600000,
    "costOfRevenue": 0,
    "grossProfit": 582600000,
    "grossProfitRatio": 1,
    "researchAndDevelopmentExpenses": 0,
    "generalAndAdministrativeExpenses": 0,
    "sellingAndMarketingExpenses": 0,
    "sellingGeneralAndAdministrativeExpenses": 0,
    "otherExpenses": 22300000,
    "operatingExpenses": 22300000,
    "costAndExpenses": 22300000,
    "interestIncome": 0,
    "interestExpense": 22300000,
    "depreciationAndAmortization": 12800000,
    "ebitda": 35100000,
    "ebitdaratio": 0.0602471679,
    "operatingIncome": 560300000,
    "operatingIncomeRatio": 0.9617233093,
    "totalOtherIncomeExpensesNet": -499100000,
    "incomeBeforeTax": 61200000,
    "incomeBeforeTaxRatio": 0.105046344,
    "incomeTaxExpense": 9600000,
    "netIncome": 51600000,
    "netIncomeRatio": 0.0885684861,
    "eps": 0.17,
    "epsdiluted": 0.17,
    "weightedAverageShsOut": 307111171,
    "weightedAverageShsOutDil": 310361420,
    "link": null,
    "finalLink": null
  },
  {
    "date": "1992-12-31",
    "symbol": "WRB",
    "reportedCurrency": "USD",
    "cik": "0000011544",
    "fillingDate": "1992-12-31",
    "acceptedDate": "1992-12-31 00:00:00",
    "calendarYear": "1992",
    "period": "FY",
    "revenue": 567200000,
    "costOfRevenue": 0,
    "grossProfit": 567200000,
    "grossProfitRatio": 1,
    "researchAndDevelopmentExpenses": 0,
    "generalAndAdministrativeExpenses": 0,
    "sellingAndMarketingExpenses": 0,
    "sellingGeneralAndAdministrativeExpenses": 0,
    "otherExpenses": 19300000,
    "operatingExpenses": 19300000,
    "costAndExpenses": 19300000,
    "interestIncome": 0,
    "interestExpense": 19300000,
    "depreciationAndAmortization": 10000000,
    "ebitda": 29300000,
    "ebitdaratio": 0.0516572638,
    "operatingIncome": 547900000,
    "operatingIncomeRatio": 0.9659732017,
    "totalOtherIncomeExpensesNet": -493400000,
    "incomeBeforeTax": 54500000,
    "incomeBeforeTaxRatio": 0.0960860367,
    "incomeTaxExpense": 8000000,
    "netIncome": 52400000,
    "netIncomeRatio": 0.0923836389,
    "eps": 0.17,
    "epsdiluted": 0.17,
    "weightedAverageShsOut": 305475236,
    "weightedAverageShsOutDil": 305475236,
    "link": null,
    "finalLink": null
  },
  {
    "date": "1991-12-31",
    "symbol": "WRB",
    "reportedCurrency": "USD",
    "cik": "0000011544",
    "fillingDate": "1991-12-31",
    "acceptedDate": "1991-12-31 00:00:00",
    "calendarYear": "1991",
    "period": "FY",
    "revenue": 541300000,
    "costOfRevenue": 0,
    "grossProfit": 541300000,
    "grossProfitRatio": 1,
    "researchAndDevelopmentExpenses": 0,
    "generalAndAdministrativeExpenses": 0,
    "sellingAndMarketingExpenses": 0,
    "sellingGeneralAndAdministrativeExpenses": 0,
    "otherExpenses": 10600000,
    "operatingExpenses": 10600000,
    "costAndExpenses": 10600000,
    "interestIncome": 0,
    "interestExpense": 10600000,
    "depreciationAndAmortization": 0,
    "ebitda": 10600000,
    "ebitdaratio": 0.0195824866,
    "operatingIncome": 530700000,
    "operatingIncomeRatio": 0.9804175134,
    "totalOtherIncomeExpensesNet": -470600000,
    "incomeBeforeTax": 60100000,
    "incomeBeforeTaxRatio": 0.1110290042,
    "incomeTaxExpense": 13500000,
    "netIncome": 46600000,
    "netIncomeRatio": 0.0860890449,
    "eps": 0.15,
    "epsdiluted": 0.15,
    "weightedAverageShsOut": 304450465,
    "weightedAverageShsOutDil": 304450465,
    "link": null,
    "finalLink": null
  },
  {
    "date": "1990-12-31",
    "symbol": "WRB",
    "reportedCurrency": "USD",
    "cik": "0000011544",
    "fillingDate": "1990-12-31",
    "acceptedDate": "1990-12-31 00:00:00",
    "calendarYear": "1990",
    "period": "FY",
    "revenue": 538100000,
    "costOfRevenue": 0,
    "grossProfit": 538100000,
    "grossProfitRatio": 1,
    "researchAndDevelopmentExpenses": 0,
    "generalAndAdministrativeExpenses": 0,
    "sellingAndMarketingExpenses": 0,
    "sellingGeneralAndAdministrativeExpenses": 0,
    "otherExpenses": 10300000,
    "operatingExpenses": 10300000,
    "costAndExpenses": 10300000,
    "interestIncome": 0,
    "interestExpense": 10300000,
    "depreciationAndAmortization": 0,
    "ebitda": 10300000,
    "ebitdaratio": 0.0191414235,
    "operatingIncome": 527800000,
    "operatingIncomeRatio": 0.9808585765,
    "totalOtherIncomeExpensesNet": -486800000,
    "incomeBeforeTax": 41000000,
    "incomeBeforeTaxRatio": 0.076194016,
    "incomeTaxExpense": 4900000,
    "netIncome": 36100000,
    "netIncomeRatio": 0.0670879019,
    "eps": 0.12,
    "epsdiluted": 0.12,
    "weightedAverageShsOut": 303985778,
    "weightedAverageShsOutDil": 303985778,
    "link": null,
    "finalLink": null
  },
  {
    "date": "1989-12-31",
    "symbol": "WRB",
    "reportedCurrency": "USD",
    "cik": "0000011544",
    "fillingDate": "1989-12-31",
    "acceptedDate": "1989-12-31 00:00:00",
    "calendarYear": "1989",
    "period": "FY",
    "revenue": 550800000,
    "costOfRevenue": 0,
    "grossProfit": 550800000,
    "grossProfitRatio": 1,
    "researchAndDevelopmentExpenses": 0,
    "generalAndAdministrativeExpenses": 0,
    "sellingAndMarketingExpenses": 0,
    "sellingGeneralAndAdministrativeExpenses": 0,
    "otherExpenses": 10700000,
    "operatingExpenses": 10700000,
    "costAndExpenses": 10700000,
    "interestIncome": 0,
    "interestExpense": 10700000,
    "depreciationAndAmortization": 0,
    "ebitda": 10700000,
    "ebitdaratio": 0.019426289,
    "operatingIncome": 540100000,
    "operatingIncomeRatio": 0.980573711,
    "totalOtherIncomeExpensesNet": -474900000,
    "incomeBeforeTax": 65200000,
    "incomeBeforeTaxRatio": 0.1183732752,
    "incomeTaxExpense": 9400000,
    "netIncome": 55800000,
    "netIncomeRatio": 0.1013071895,
    "eps": 0.18,
    "epsdiluted": 0.18,
    "weightedAverageShsOut": 302060653,
    "weightedAverageShsOutDil": 302060653,
    "link": null,
    "finalLink": null
  },
  {
    "date": "1988-12-31",
    "symbol": "WRB",
    "reportedCurrency": "USD",
    "cik": "0000011544",
    "fillingDate": "1988-12-31",
    "acceptedDate": "1988-12-31 00:00:00",
    "calendarYear": "1988",
    "period": "FY",
    "revenue": 534200000,
    "costOfRevenue": 0,
    "grossProfit": 534200000,
    "grossProfitRatio": 1,
    "researchAndDevelopmentExpenses": 0,
    "generalAndAdministrativeExpenses": 0,
    "sellingAndMarketingExpenses": 0,
    "sellingGeneralAndAdministrativeExpenses": 0,
    "otherExpenses": 9200000,
    "operatingExpenses": 9200000,
    "costAndExpenses": 9200000,
    "interestIncome": 0,
    "interestExpense": 9200000,
    "depreciationAndAmortization": 0,
    "ebitda": 0,
    "ebitdaratio": 0,
    "operatingIncome": 525000000,
    "operatingIncomeRatio": 0.9827779858,
    "totalOtherIncomeExpensesNet": 0,
    "incomeBeforeTax": 525000000,
    "incomeBeforeTaxRatio": 0.9827779858,
    "incomeTaxExpense": 12500000,
    "netIncome": 59400000,
    "netIncomeRatio": 0.1111943092,
    "eps": 0.18,
    "epsdiluted": 0.18,
    "weightedAverageShsOut": 323086741,
    "weightedAverageShsOutDil": 323086741,
    "link": null,
    "finalLink": null
  },
  {
    "date": "1987-12-31",
    "symbol": "WRB",
    "reportedCurrency": "USD",
    "cik": "0000011544",
    "fillingDate": "1987-12-31",
    "acceptedDate": "1987-12-31 00:00:00",
    "calendarYear": "1987",
    "period": "FY",
    "revenue": 521000000,
    "costOfRevenue": 0,
    "grossProfit": 521000000,
    "grossProfitRatio": 1,
    "researchAndDevelopmentExpenses": 0,
    "generalAndAdministrativeExpenses": 0,
    "sellingAndMarketingExpenses": 0,
    "sellingGeneralAndAdministrativeExpenses": 0,
    "otherExpenses": 6800000,
    "operatingExpenses": 6800000,
    "costAndExpenses": 6800000,
    "interestIncome": 0,
    "interestExpense": 6800000,
    "depreciationAndAmortization": 0,
    "ebitda": 0,
    "ebitdaratio": 0,
    "operatingIncome": 514200000,
    "operatingIncomeRatio": 0.9869481766,
    "totalOtherIncomeExpensesNet": 0,
    "incomeBeforeTax": 514200000,
    "incomeBeforeTaxRatio": 0.9869481766,
    "incomeTaxExpense": 14600000,
    "netIncome": 54100000,
    "netIncomeRatio": 0.1038387716,
    "eps": 0.16,
    "epsdiluted": 0.16,
    "weightedAverageShsOut": 339780486,
    "weightedAverageShsOutDil": 339780486,
    "link": null,
    "finalLink": null
  },
  {
    "date": "1986-12-31",
    "symbol": "WRB",
    "reportedCurrency": "USD",
    "cik": "0000011544",
    "fillingDate": "1986-12-31",
    "acceptedDate": "1986-12-31 00:00:00",
    "calendarYear": "1986",
    "period": "FY",
    "revenue": 413400000,
    "costOfRevenue": 0,
    "grossProfit": 413400000,
    "grossProfitRatio": 1,
    "researchAndDevelopmentExpenses": 0,
    "generalAndAdministrativeExpenses": 0,
    "sellingAndMarketingExpenses": 0,
    "sellingGeneralAndAdministrativeExpenses": 0,
    "otherExpenses": 5800000,
    "operatingExpenses": 5800000,
    "costAndExpenses": 5800000,
    "interestIncome": 0,
    "interestExpense": 5800000,
    "depreciationAndAmortization": 0,
    "ebitda": 0,
    "ebitdaratio": 0,
    "operatingIncome": 407600000,
    "operatingIncomeRatio": 0.9859700048,
    "totalOtherIncomeExpensesNet": 0,
    "incomeBeforeTax": 407600000,
    "incomeBeforeTaxRatio": 0.9859700048,
    "incomeTaxExpense": 7600000,
    "netIncome": 29400000,
    "netIncomeRatio": 0.0711175617,
    "eps": 0.0941,
    "epsdiluted": 0.0941,
    "weightedAverageShsOut": 312350966,
    "weightedAverageShsOutDil": 312350966,
    "link": null,
    "finalLink": null
  },
  {
    "date": "1985-12-31",
    "symbol": "WRB",
    "reportedCurrency": "USD",
    "cik": "0000011544",
    "fillingDate": "1985-12-31",
    "acceptedDate": "1985-12-31 00:00:00",
    "calendarYear": "1985",
    "period": "FY",
    "revenue": 214600000,
    "costOfRevenue": 0,
    "grossProfit": 214600000,
    "grossProfitRatio": 1,
    "researchAndDevelopmentExpenses": 0,
    "generalAndAdministrativeExpenses": 0,
    "sellingAndMarketingExpenses": 0,
    "sellingGeneralAndAdministrativeExpenses": 0,
    "otherExpenses": 5200000,
    "operatingExpenses": 5200000,
    "costAndExpenses": 5200000,
    "interestIncome": 0,
    "interestExpense": 5200000,
    "depreciationAndAmortization": 0,
    "ebitda": 0,
    "ebitdaratio": 0,
    "operatingIncome": 209400000,
    "operatingIncomeRatio": 0.9757688723,
    "totalOtherIncomeExpensesNet": 0,
    "incomeBeforeTax": 209400000,
    "incomeBeforeTaxRatio": 0.9757688723,
    "incomeTaxExpense": -1700000,
    "netIncome": 6900000,
    "netIncomeRatio": 0.0321528425,
    "eps": 0.0369,
    "epsdiluted": 0.0369,
    "weightedAverageShsOut": 186757930,
    "weightedAverageShsOutDil": 186757930,
    "link": null,
    "finalLink": null
  }
]