[
  {
    "date": "2025-08-03",
    "symbol": "WSM",
    "reportedCurrency": "USD",
    "cik": "0000719955",
    "fillingDate": "2025-08-29",
    "acceptedDate": "2025-08-29 16:17:30",
    "calendarYear": "2025",
    "period": "Q2",
    "revenue": 1836760000,
    "costOfRevenue": 972137000,
    "grossProfit": 864623000,
    "grossProfitRatio": 0.4707327032,
    "researchAndDevelopmentExpenses": 0,
    "generalAndAdministrativeExpenses": 0,
    "sellingAndMarketingExpenses": 0,
    "sellingGeneralAndAdministrativeExpenses": 536564000,
    "otherExpenses": 0,
    "operatingExpenses": 536564000,
    "costAndExpenses": 1508701000,
    "interestIncome": 9080000,
    "interestExpense": 0,
    "depreciationAndAmortization": 56761000,
    "ebitda": 393900000,
    "ebitdaratio": 0.214453712,
    "operatingIncome": 328059000,
    "operatingIncomeRatio": 0.1786074392,
    "totalOtherIncomeExpensesNet": 9080000,
    "incomeBeforeTax": 337139000,
    "incomeBeforeTaxRatio": 0.1835509266,
    "incomeTaxExpense": 89577000,
    "netIncome": 247562000,
    "netIncomeRatio": 0.1347818986,
    "eps": 2.03,
    "epsdiluted": 2,
    "weightedAverageShsOut": 122121000,
    "weightedAverageShsOutDil": 123595000,
    "link": "https://www.sec.gov/Archives/edgar/data/719955/000071995525000010/0000719955-25-000010-index.htm",
    "finalLink": "https://www.sec.gov/Archives/edgar/data/719955/000071995525000010/wsm-20250803.htm"
  },
  {
    "date": "2025-05-04",
    "symbol": "WSM",
    "reportedCurrency": "USD",
    "cik": "0000719955",
    "fillingDate": "2025-05-28",
    "acceptedDate": "2025-05-28 17:06:49",
    "calendarYear": "2025",
    "period": "Q1",
    "revenue": 1730113000,
    "costOfRevenue": 964304000,
    "grossProfit": 765809000,
    "grossProfitRatio": 0.4426352498,
    "researchAndDevelopmentExpenses": 0,
    "generalAndAdministrativeExpenses": 0,
    "sellingAndMarketingExpenses": 0,
    "sellingGeneralAndAdministrativeExpenses": 475096000,
    "otherExpenses": 0,
    "operatingExpenses": 475096000,
    "costAndExpenses": 1439400000,
    "interestIncome": 9533000,
    "interestExpense": 0,
    "depreciationAndAmortization": 56404000,
    "ebitda": 347117000,
    "ebitdaratio": 0.2006325598,
    "operatingIncome": 290713000,
    "operatingIncomeRatio": 0.1680312211,
    "totalOtherIncomeExpensesNet": 9533000,
    "incomeBeforeTax": 300246000,
    "incomeBeforeTaxRatio": 0.1735412658,
    "incomeTaxExpense": 68983000,
    "netIncome": 231263000,
    "netIncomeRatio": 0.1336693037,
    "eps": 1.88,
    "epsdiluted": 1.85,
    "weightedAverageShsOut": 123108000,
    "weightedAverageShsOutDil": 124789000,
    "link": "https://www.sec.gov/Archives/edgar/data/719955/000162828025028196/0001628280-25-028196-index.htm",
    "finalLink": "https://www.sec.gov/Archives/edgar/data/719955/000162828025028196/wsm-20250504.htm"
  },
  {
    "date": "2025-02-02",
    "symbol": "WSM",
    "reportedCurrency": "USD",
    "cik": "0000719955",
    "fillingDate": "2025-03-27",
    "acceptedDate": "2025-03-26 20:27:10",
    "calendarYear": "2024",
    "period": "Q4",
    "revenue": 2462218000,
    "costOfRevenue": 1350475000,
    "grossProfit": 1111743000,
    "grossProfitRatio": 0.4515209457,
    "researchAndDevelopmentExpenses": 0,
    "generalAndAdministrativeExpenses": 0,
    "sellingAndMarketingExpenses": 0,
    "sellingGeneralAndAdministrativeExpenses": 615946000,
    "otherExpenses": 0,
    "operatingExpenses": 615946000,
    "costAndExpenses": 1966421000,
    "interestIncome": 12485000,
    "interestExpense": 0,
    "depreciationAndAmortization": 58145000,
    "ebitda": 553942000,
    "ebitdaratio": 0.2249768298,
    "operatingIncome": 495797000,
    "operatingIncomeRatio": 0.2013619428,
    "totalOtherIncomeExpensesNet": 12485000,
    "incomeBeforeTax": 508282000,
    "incomeBeforeTaxRatio": 0.2064325742,
    "incomeTaxExpense": 123395000,
    "netIncome": 384887000,
    "netIncomeRatio": 0.1563171904,
    "eps": 3.28,
    "epsdiluted": 0,
    "weightedAverageShsOut": 123201000,
    "weightedAverageShsOutDil": 125228000,
    "link": "https://www.sec.gov/Archives/edgar/data/719955/000162828025015037/0001628280-25-015037-index.htm",
    "finalLink": "https://www.sec.gov/Archives/edgar/data/719955/000162828025015037/wsm-20250202.htm"
  },
  {
    "date": "2024-10-27",
    "symbol": "WSM",
    "reportedCurrency": "USD",
    "cik": "0000719955",
    "fillingDate": "2024-11-22",
    "acceptedDate": "2024-11-22 16:12:15",
    "calendarYear": "2024",
    "period": "Q3",
    "revenue": 1800668000,
    "costOfRevenue": 958953000,
    "grossProfit": 841715000,
    "grossProfitRatio": 0.4674459701,
    "researchAndDevelopmentExpenses": 0,
    "generalAndAdministrativeExpenses": 0,
    "sellingAndMarketingExpenses": 0,
    "sellingGeneralAndAdministrativeExpenses": 521072000,
    "otherExpenses": 0,
    "operatingExpenses": 521072000,
    "costAndExpenses": 1480025000,
    "interestIncome": 11802000,
    "interestExpense": 0,
    "depreciationAndAmortization": 58393000,
    "ebitda": 379036000,
    "ebitdaratio": 0.2104974376,
    "operatingIncome": 320643000,
    "operatingIncomeRatio": 0.1780689166,
    "totalOtherIncomeExpensesNet": 11802000,
    "incomeBeforeTax": 332445000,
    "incomeBeforeTaxRatio": 0.184623151,
    "incomeTaxExpense": 83492000,
    "netIncome": 248953000,
    "netIncomeRatio": 0.1382559139,
    "eps": 1.99,
    "epsdiluted": 1.96,
    "weightedAverageShsOut": 125333000,
    "weightedAverageShsOutDil": 126892000,
    "link": "https://www.sec.gov/Archives/edgar/data/719955/000162828024048978/0001628280-24-048978-index.htm",
    "finalLink": "https://www.sec.gov/Archives/edgar/data/719955/000162828024048978/wsm-20241027.htm"
  },
  {
    "date": "2024-07-28",
    "symbol": "WSM",
    "reportedCurrency": "USD",
    "cik": "0000719955",
    "fillingDate": "2024-08-23",
    "acceptedDate": "2024-08-23 16:42:15",
    "calendarYear": "2024",
    "period": "Q2",
    "revenue": 1788307000,
    "costOfRevenue": 961981000,
    "grossProfit": 826326000,
    "grossProfitRatio": 0.4620716689,
    "researchAndDevelopmentExpenses": 0,
    "generalAndAdministrativeExpenses": 0,
    "sellingAndMarketingExpenses": 0,
    "sellingGeneralAndAdministrativeExpenses": 536410000,
    "otherExpenses": 0,
    "operatingExpenses": 536410000,
    "costAndExpenses": 1498391000,
    "interestIncome": 15208000,
    "interestExpense": 0,
    "depreciationAndAmortization": 56268000,
    "ebitda": 346184000,
    "ebitdaratio": 0.1935819745,
    "operatingIncome": 289916000,
    "operatingIncomeRatio": 0.1621175782,
    "totalOtherIncomeExpensesNet": 15208000,
    "incomeBeforeTax": 305124000,
    "incomeBeforeTaxRatio": 0.1706217109,
    "incomeTaxExpense": 79379000,
    "netIncome": 225745000,
    "netIncomeRatio": 0.1262339184,
    "eps": 1.76,
    "epsdiluted": 1.74,
    "weightedAverageShsOut": 128256000,
    "weightedAverageShsOutDil": 129810000,
    "link": "https://www.sec.gov/Archives/edgar/data/719955/000162828024038362/0001628280-24-038362-index.htm",
    "finalLink": "https://www.sec.gov/Archives/edgar/data/719955/000162828024038362/wsm-20240728.htm"
  },
  {
    "date": "2024-04-28",
    "symbol": "WSM",
    "reportedCurrency": "USD",
    "cik": "0000719955",
    "fillingDate": "2024-05-24",
    "acceptedDate": "2024-05-24 16:23:26",
    "calendarYear": "2024",
    "period": "Q1",
    "revenue": 1660348000,
    "costOfRevenue": 865180000,
    "grossProfit": 795168000,
    "grossProfitRatio": 0.4789164681,
    "researchAndDevelopmentExpenses": 0,
    "generalAndAdministrativeExpenses": 0,
    "sellingAndMarketingExpenses": 0,
    "sellingGeneralAndAdministrativeExpenses": 478056000,
    "otherExpenses": 0,
    "operatingExpenses": 478056000,
    "costAndExpenses": 1343236000,
    "interestIncome": 16053000,
    "interestExpense": 0,
    "depreciationAndAmortization": 56996000,
    "ebitda": 374108000,
    "ebitdaratio": 0.2253190295,
    "operatingIncome": 317112000,
    "operatingIncomeRatio": 0.1909912862,
    "totalOtherIncomeExpensesNet": 16053000,
    "incomeBeforeTax": 333165000,
    "incomeBeforeTaxRatio": 0.2006597412,
    "incomeTaxExpense": 72749000,
    "netIncome": 260416000,
    "netIncomeRatio": 0.1568442278,
    "eps": 2.0688564931626328,
    "epsdiluted": 2.0337288524841153,
    "weightedAverageShsOut": 128412000,
    "weightedAverageShsOutDil": 130630000,
    "link": "https://www.sec.gov/Archives/edgar/data/719955/000162828024025227/0001628280-24-025227-index.htm",
    "finalLink": "https://www.sec.gov/Archives/edgar/data/719955/000162828024025227/wsm-20240428.htm"
  },
  {
    "date": "2024-01-28",
    "symbol": "WSM",
    "reportedCurrency": "USD",
    "cik": "0000719955",
    "fillingDate": "2024-03-20",
    "acceptedDate": "2024-03-20 16:17:51",
    "calendarYear": "2023",
    "period": "Q4",
    "revenue": 2278937000,
    "costOfRevenue": 1230322000,
    "grossProfit": 1048615000,
    "grossProfitRatio": 0.4601333868,
    "researchAndDevelopmentExpenses": 0,
    "generalAndAdministrativeExpenses": 0,
    "sellingAndMarketingExpenses": 0,
    "sellingGeneralAndAdministrativeExpenses": 590524000,
    "otherExpenses": 0,
    "operatingExpenses": 590524000,
    "costAndExpenses": 1820846000,
    "interestIncome": 13147000,
    "interestExpense": 0,
    "depreciationAndAmortization": 66563000,
    "ebitda": 524654000,
    "ebitdaratio": 0.2302187379,
    "operatingIncome": 458091000,
    "operatingIncomeRatio": 0.2010108222,
    "totalOtherIncomeExpensesNet": 13147000,
    "incomeBeforeTax": 471238000,
    "incomeBeforeTaxRatio": 0.2067797399,
    "incomeTaxExpense": 116799000,
    "netIncome": 354439000,
    "netIncomeRatio": 0.1555282134,
    "eps": 2.76288137442901,
    "epsdiluted": 2.720301779053525,
    "weightedAverageShsOut": 128286000,
    "weightedAverageShsOutDil": 130294000,
    "link": "https://www.sec.gov/Archives/edgar/data/719955/000162828024012221/0001628280-24-012221-index.htm",
    "finalLink": "https://www.sec.gov/Archives/edgar/data/719955/000162828024012221/wsm-20240128.htm"
  },
  {
    "date": "2023-10-29",
    "symbol": "WSM",
    "reportedCurrency": "USD",
    "cik": "0000719955",
    "fillingDate": "2023-11-28",
    "acceptedDate": "2023-11-28 16:31:53",
    "calendarYear": "2023",
    "period": "Q3",
    "revenue": 1853650000,
    "costOfRevenue": 1031290000,
    "grossProfit": 822360000,
    "grossProfitRatio": 0.443643622,
    "researchAndDevelopmentExpenses": 0,
    "generalAndAdministrativeExpenses": 0,
    "sellingAndMarketingExpenses": 0,
    "sellingGeneralAndAdministrativeExpenses": 507283000,
    "otherExpenses": 0,
    "operatingExpenses": 507283000,
    "costAndExpenses": 1538573000,
    "interestIncome": 7182000,
    "interestExpense": 0,
    "depreciationAndAmortization": 55184000,
    "ebitda": 370261000,
    "ebitdaratio": 0.1997469857,
    "operatingIncome": 315077000,
    "operatingIncomeRatio": 0.1699765328,
    "totalOtherIncomeExpensesNet": 7182000,
    "incomeBeforeTax": 322259000,
    "incomeBeforeTaxRatio": 0.1738510506,
    "incomeTaxExpense": 84974000,
    "netIncome": 237285000,
    "netIncomeRatio": 0.1280096027,
    "eps": 1.8496851025799803,
    "epsdiluted": 1.8316376941365362,
    "weightedAverageShsOut": 128283998,
    "weightedAverageShsOutDil": 129548000,
    "link": "https://www.sec.gov/Archives/edgar/data/719955/000162828023040136/0001628280-23-040136-index.htm",
    "finalLink": "https://www.sec.gov/Archives/edgar/data/719955/000162828023040136/wsm-20231029.htm"
  },
  {
    "date": "2023-07-30",
    "symbol": "WSM",
    "reportedCurrency": "USD",
    "cik": "0000719955",
    "fillingDate": "2023-09-01",
    "acceptedDate": "2023-09-01 16:13:21",
    "calendarYear": "2023",
    "period": "Q2",
    "revenue": 1862614000,
    "costOfRevenue": 1105047000,
    "grossProfit": 757567000,
    "grossProfitRatio": 0.4067224879,
    "researchAndDevelopmentExpenses": 0,
    "generalAndAdministrativeExpenses": 0,
    "sellingAndMarketingExpenses": 0,
    "sellingGeneralAndAdministrativeExpenses": 486019000,
    "otherExpenses": 0,
    "operatingExpenses": 486019000,
    "costAndExpenses": 1591066000,
    "interestIncome": 3335000,
    "interestExpense": 0,
    "depreciationAndAmortization": 55241000,
    "ebitda": 326789000,
    "ebitdaratio": 0.1754464425,
    "operatingIncome": 271548000,
    "operatingIncomeRatio": 0.1457886605,
    "totalOtherIncomeExpensesNet": 3335000,
    "incomeBeforeTax": 274883000,
    "incomeBeforeTaxRatio": 0.1475791549,
    "incomeTaxExpense": 73376000,
    "netIncome": 201507000,
    "netIncomeRatio": 0.1081850561,
    "eps": 1.570274145535589,
    "epsdiluted": 1.5614403738251306,
    "weightedAverageShsOut": 128326000,
    "weightedAverageShsOutDil": 129051998,
    "link": "https://www.sec.gov/Archives/edgar/data/719955/000162828023031270/0001628280-23-031270-index.htm",
    "finalLink": "https://www.sec.gov/Archives/edgar/data/719955/000162828023031270/wsm-20230730.htm"
  },
  {
    "date": "2023-04-30",
    "symbol": "WSM",
    "reportedCurrency": "USD",
    "cik": "0000719955",
    "fillingDate": "2023-05-26",
    "acceptedDate": "2023-05-26 16:46:28",
    "calendarYear": "2023",
    "period": "Q1",
    "revenue": 1755451000,
    "costOfRevenue": 1080392000,
    "grossProfit": 675059000,
    "grossProfitRatio": 0.3845501811,
    "researchAndDevelopmentExpenses": 0,
    "generalAndAdministrativeExpenses": 0,
    "sellingAndMarketingExpenses": 0,
    "sellingGeneralAndAdministrativeExpenses": 475582000,
    "otherExpenses": 0,
    "operatingExpenses": 475582000,
    "costAndExpenses": 1555974000,
    "interestIncome": 5498000,
    "interestExpense": 0,
    "depreciationAndAmortization": 55602000,
    "ebitda": 255079000,
    "ebitdaratio": 0.1453068186,
    "operatingIncome": 199477000,
    "operatingIncomeRatio": 0.1136329069,
    "totalOtherIncomeExpensesNet": 5498000,
    "incomeBeforeTax": 204975000,
    "incomeBeforeTaxRatio": 0.1167648656,
    "incomeTaxExpense": 48444000,
    "netIncome": 156531000,
    "netIncomeRatio": 0.0891685385,
    "eps": 1.19,
    "epsdiluted": 1.18,
    "weightedAverageShsOut": 131698000,
    "weightedAverageShsOutDil": 133392000,
    "link": "https://www.sec.gov/Archives/edgar/data/719955/000162828023019968/0001628280-23-019968-index.htm",
    "finalLink": "https://www.sec.gov/Archives/edgar/data/719955/000162828023019968/wsm-20230430.htm"
  },
  {
    "date": "2023-01-29",
    "symbol": "WSM",
    "reportedCurrency": "USD",
    "cik": "0000719955",
    "fillingDate": "2023-03-24",
    "acceptedDate": "2023-03-24 17:18:59",
    "calendarYear": "2022",
    "period": "Q4",
    "revenue": 2453079000,
    "costOfRevenue": 1443229000,
    "grossProfit": 1009850000,
    "grossProfitRatio": 0.4116663181,
    "researchAndDevelopmentExpenses": 0,
    "generalAndAdministrativeExpenses": 0,
    "sellingAndMarketingExpenses": 0,
    "sellingGeneralAndAdministrativeExpenses": 540063000,
    "otherExpenses": 0,
    "operatingExpenses": 540063000,
    "costAndExpenses": 1983292000,
    "interestIncome": 1383000,
    "interestExpense": 0,
    "depreciationAndAmortization": 56743000,
    "ebitda": 526530000,
    "ebitdaratio": 0.214640458,
    "operatingIncome": 469787000,
    "operatingIncomeRatio": 0.1915091198,
    "totalOtherIncomeExpensesNet": 1383000,
    "incomeBeforeTax": 471170000,
    "incomeBeforeTaxRatio": 0.192072901,
    "incomeTaxExpense": 116177000,
    "netIncome": 354993000,
    "netIncomeRatio": 0.1447132359,
    "eps": 2.68,
    "epsdiluted": 2.64,
    "weightedAverageShsOut": 132698000,
    "weightedAverageShsOutDil": 134402000,
    "link": "https://www.sec.gov/Archives/edgar/data/719955/000162828023009175/0001628280-23-009175-index.htm",
    "finalLink": "https://www.sec.gov/Archives/edgar/data/719955/000162828023009175/wsm-20230129.htm"
  },
  {
    "date": "2022-10-30",
    "symbol": "WSM",
    "reportedCurrency": "USD",
    "cik": "0000719955",
    "fillingDate": "2022-12-02",
    "acceptedDate": "2022-12-02 17:11:57",
    "calendarYear": "2022",
    "period": "Q3",
    "revenue": 2192574000,
    "costOfRevenue": 1282048000,
    "grossProfit": 910526000,
    "grossProfitRatio": 0.4152772039,
    "researchAndDevelopmentExpenses": 0,
    "generalAndAdministrativeExpenses": 0,
    "sellingAndMarketingExpenses": 0,
    "sellingGeneralAndAdministrativeExpenses": 570893000,
    "otherExpenses": 0,
    "operatingExpenses": 570893000,
    "costAndExpenses": 1852941000,
    "interestIncome": 370000,
    "interestExpense": 0,
    "depreciationAndAmortization": 54955000,
    "ebitda": 394588000,
    "ebitdaratio": 0.1799656477,
    "operatingIncome": 339633000,
    "operatingIncomeRatio": 0.1549014993,
    "totalOtherIncomeExpensesNet": 370000,
    "incomeBeforeTax": 340003000,
    "incomeBeforeTaxRatio": 0.1550702508,
    "incomeTaxExpense": 88280000,
    "netIncome": 251723000,
    "netIncomeRatio": 0.1148070715,
    "eps": 1.8868658834082797,
    "epsdiluted": 1.8613884082405312,
    "weightedAverageShsOut": 133407998,
    "weightedAverageShsOutDil": 135234000,
    "link": "https://www.sec.gov/Archives/edgar/data/719955/000162828022031309/0001628280-22-031309-index.htm",
    "finalLink": "https://www.sec.gov/Archives/edgar/data/719955/000162828022031309/wsm-20221030.htm"
  },
  {
    "date": "2022-07-31",
    "symbol": "WSM",
    "reportedCurrency": "USD",
    "cik": "0000719955",
    "fillingDate": "2022-09-02",
    "acceptedDate": "2022-09-02 16:47:34",
    "calendarYear": "2022",
    "period": "Q2",
    "revenue": 2137537000,
    "costOfRevenue": 1208728000,
    "grossProfit": 928809000,
    "grossProfitRatio": 0.4345230047,
    "researchAndDevelopmentExpenses": 0,
    "generalAndAdministrativeExpenses": 0,
    "sellingAndMarketingExpenses": 0,
    "sellingGeneralAndAdministrativeExpenses": 563288000,
    "otherExpenses": 0,
    "operatingExpenses": 563288000,
    "costAndExpenses": 1772016000,
    "interestIncome": 344000,
    "interestExpense": 0,
    "depreciationAndAmortization": 52204000,
    "ebitda": 417725000,
    "ebitdaratio": 0.1954235178,
    "operatingIncome": 365521000,
    "operatingIncomeRatio": 0.1710010166,
    "totalOtherIncomeExpensesNet": 344000,
    "incomeBeforeTax": 365865000,
    "incomeBeforeTaxRatio": 0.1711619495,
    "incomeTaxExpense": 98790000,
    "netIncome": 267075000,
    "netIncomeRatio": 0.1249452056,
    "eps": 1.9586022293927838,
    "epsdiluted": 1.9330568463108524,
    "weightedAverageShsOut": 136360000,
    "weightedAverageShsOutDil": 138162000,
    "link": "https://www.sec.gov/Archives/edgar/data/719955/000162828022024296/0001628280-22-024296-index.htm",
    "finalLink": "https://www.sec.gov/Archives/edgar/data/719955/000162828022024296/wsm-20220731.htm"
  },
  {
    "date": "2022-05-01",
    "symbol": "WSM",
    "reportedCurrency": "USD",
    "cik": "0000719955",
    "fillingDate": "2022-06-02",
    "acceptedDate": "2022-06-01 20:29:32",
    "calendarYear": "2022",
    "period": "Q1",
    "revenue": 1891227000,
    "costOfRevenue": 1062679000,
    "grossProfit": 828548000,
    "grossProfitRatio": 0.4381007674,
    "researchAndDevelopmentExpenses": 0,
    "generalAndAdministrativeExpenses": 0,
    "sellingAndMarketingExpenses": 0,
    "sellingGeneralAndAdministrativeExpenses": 505067000,
    "otherExpenses": 0,
    "operatingExpenses": 505067000,
    "costAndExpenses": 1567746000,
    "interestIncome": 163000,
    "interestExpense": 0,
    "depreciationAndAmortization": 50251000,
    "ebitda": 373732000,
    "ebitdaratio": 0.197613507,
    "operatingIncome": 323481000,
    "operatingIncomeRatio": 0.1710429261,
    "totalOtherIncomeExpensesNet": 163000,
    "incomeBeforeTax": 323644000,
    "incomeBeforeTaxRatio": 0.1711291135,
    "incomeTaxExpense": 69531000,
    "netIncome": 254113000,
    "netIncomeRatio": 0.1343640927,
    "eps": 1.7932915555179179,
    "epsdiluted": 1.7488369212134558,
    "weightedAverageShsOut": 141702000,
    "weightedAverageShsOutDil": 145304000,
    "link": "https://www.sec.gov/Archives/edgar/data/719955/000162828022015963/0001628280-22-015963-index.htm",
    "finalLink": "https://www.sec.gov/Archives/edgar/data/719955/000162828022015963/wsm-20220501.htm"
  },
  {
    "date": "2022-01-30",
    "symbol": "WSM",
    "reportedCurrency": "USD",
    "cik": "0000719955",
    "fillingDate": "2022-03-28",
    "acceptedDate": "2022-03-28 17:26:27",
    "calendarYear": "2021",
    "period": "Q4",
    "revenue": 2501029000,
    "costOfRevenue": 1375792000,
    "grossProfit": 1125237000,
    "grossProfitRatio": 0.4499096172,
    "researchAndDevelopmentExpenses": 0,
    "generalAndAdministrativeExpenses": 0,
    "sellingAndMarketingExpenses": 0,
    "sellingGeneralAndAdministrativeExpenses": 600665000,
    "otherExpenses": 0,
    "operatingExpenses": 600665000,
    "costAndExpenses": 1976457000,
    "interestIncome": 89000,
    "interestExpense": 0,
    "depreciationAndAmortization": 50190000,
    "ebitda": 574762000,
    "ebitdaratio": 0.2298102101,
    "operatingIncome": 524572000,
    "operatingIncomeRatio": 0.20974247,
    "totalOtherIncomeExpensesNet": 89000,
    "incomeBeforeTax": 524661000,
    "incomeBeforeTaxRatio": 0.2097780554,
    "incomeTaxExpense": 121720000,
    "netIncome": 402941000,
    "netIncomeRatio": 0.1611100871,
    "eps": 2.7222064585866774,
    "epsdiluted": 2.652917319568624,
    "weightedAverageShsOut": 148020000,
    "weightedAverageShsOutDil": 151886000,
    "link": "https://www.sec.gov/Archives/edgar/data/719955/000162828022007494/0001628280-22-007494-index.htm",
    "finalLink": "https://www.sec.gov/Archives/edgar/data/719955/000162828022007494/wsm-20220130.htm"
  },
  {
    "date": "2021-10-31",
    "symbol": "WSM",
    "reportedCurrency": "USD",
    "cik": "0000719955",
    "fillingDate": "2021-12-06",
    "acceptedDate": "2021-12-06 17:07:43",
    "calendarYear": "2021",
    "period": "Q3",
    "revenue": 2047539000,
    "costOfRevenue": 1152054000,
    "grossProfit": 895485000,
    "grossProfitRatio": 0.4373469809,
    "researchAndDevelopmentExpenses": 0,
    "generalAndAdministrativeExpenses": 0,
    "sellingAndMarketingExpenses": 0,
    "sellingGeneralAndAdministrativeExpenses": 565218000,
    "otherExpenses": 0,
    "operatingExpenses": 565218000,
    "costAndExpenses": 1717272000,
    "interestIncome": 0,
    "interestExpense": 121000,
    "depreciationAndAmortization": 49210000,
    "ebitda": 379477000,
    "ebitdaratio": 0.185333222,
    "operatingIncome": 330267000,
    "operatingIncomeRatio": 0.1612994917,
    "totalOtherIncomeExpensesNet": -121000,
    "incomeBeforeTax": 330146000,
    "incomeBeforeTaxRatio": 0.1612403964,
    "incomeTaxExpense": 80622000,
    "netIncome": 249524000,
    "netIncomeRatio": 0.1218653222,
    "eps": 1.6857451695716794,
    "epsdiluted": 1.6428373912012957,
    "weightedAverageShsOut": 148020000,
    "weightedAverageShsOutDil": 151886000,
    "link": "https://www.sec.gov/Archives/edgar/data/719955/000162828021024590/0001628280-21-024590-index.htm",
    "finalLink": "https://www.sec.gov/Archives/edgar/data/719955/000162828021024590/wsm-20211031.htm"
  },
  {
    "date": "2021-08-01",
    "symbol": "WSM",
    "reportedCurrency": "USD",
    "cik": "0000719955",
    "fillingDate": "2021-09-09",
    "acceptedDate": "2021-09-09 16:38:25",
    "calendarYear": "2021",
    "period": "Q2",
    "revenue": 1948339000,
    "costOfRevenue": 1089951000,
    "grossProfit": 858388000,
    "grossProfitRatio": 0.4405742532,
    "researchAndDevelopmentExpenses": 0,
    "generalAndAdministrativeExpenses": 0,
    "sellingAndMarketingExpenses": 0,
    "sellingGeneralAndAdministrativeExpenses": 535288000,
    "otherExpenses": 0,
    "operatingExpenses": 535288000,
    "costAndExpenses": 1625239000,
    "interestIncome": 39000,
    "interestExpense": 0,
    "depreciationAndAmortization": 48765000,
    "ebitda": 371865000,
    "ebitdaratio": 0.1908625758,
    "operatingIncome": 323100000,
    "operatingIncomeRatio": 0.1658335639,
    "totalOtherIncomeExpensesNet": 39000,
    "incomeBeforeTax": 323139000,
    "incomeBeforeTaxRatio": 0.1658535809,
    "incomeTaxExpense": 77069000,
    "netIncome": 246070000,
    "netIncomeRatio": 0.126297323,
    "eps": 1.6451608589843019,
    "epsdiluted": 1.6065366133918313,
    "weightedAverageShsOut": 149572000,
    "weightedAverageShsOutDil": 153168000,
    "link": "https://www.sec.gov/Archives/edgar/data/719955/000162828021018335/0001628280-21-018335-index.htm",
    "finalLink": "https://www.sec.gov/Archives/edgar/data/719955/000162828021018335/wsm-20210801.htm"
  },
  {
    "date": "2021-05-02",
    "symbol": "WSM",
    "reportedCurrency": "USD",
    "cik": "0000719955",
    "fillingDate": "2021-06-09",
    "acceptedDate": "2021-06-09 17:10:59",
    "calendarYear": "2021",
    "period": "Q1",
    "revenue": 1749029000,
    "costOfRevenue": 996176000,
    "grossProfit": 752853000,
    "grossProfitRatio": 0.4304405473,
    "researchAndDevelopmentExpenses": 0,
    "generalAndAdministrativeExpenses": 0,
    "sellingAndMarketingExpenses": 0,
    "sellingGeneralAndAdministrativeExpenses": 477676000,
    "otherExpenses": 0,
    "operatingExpenses": 477676000,
    "costAndExpenses": 1473852000,
    "interestIncome": 0,
    "interestExpense": 1872000,
    "depreciationAndAmortization": 47922000,
    "ebitda": 323099000,
    "ebitdaratio": 0.184730499,
    "operatingIncome": 275177000,
    "operatingIncomeRatio": 0.1573312964,
    "totalOtherIncomeExpensesNet": -1872000,
    "incomeBeforeTax": 273305000,
    "incomeBeforeTaxRatio": 0.1562609882,
    "incomeTaxExpense": 45503000,
    "netIncome": 227802000,
    "netIncomeRatio": 0.1302448387,
    "eps": 1.5026517150395777,
    "epsdiluted": 1.4512454609160985,
    "weightedAverageShsOut": 151600000,
    "weightedAverageShsOutDil": 156970000,
    "link": "https://www.sec.gov/Archives/edgar/data/719955/000071995521000007/0000719955-21-000007-index.htm",
    "finalLink": "https://www.sec.gov/Archives/edgar/data/719955/000071995521000007/wsm-20210502.htm"
  },
  {
    "date": "2021-01-31",
    "symbol": "WSM",
    "reportedCurrency": "USD",
    "cik": "0000719955",
    "fillingDate": "2021-03-30",
    "acceptedDate": "2021-03-30 16:54:04",
    "calendarYear": "2020",
    "period": "Q4",
    "revenue": 2292673000,
    "costOfRevenue": 1327449000,
    "grossProfit": 965224000,
    "grossProfitRatio": 0.4210037803,
    "researchAndDevelopmentExpenses": 0,
    "generalAndAdministrativeExpenses": 0,
    "sellingAndMarketingExpenses": 0,
    "sellingGeneralAndAdministrativeExpenses": 563137000,
    "otherExpenses": 0,
    "operatingExpenses": 563137000,
    "costAndExpenses": 1890586000,
    "interestIncome": 0,
    "interestExpense": 2264000,
    "depreciationAndAmortization": 48315000,
    "ebitda": 450402000,
    "ebitdaratio": 0.1964527868,
    "operatingIncome": 402087000,
    "operatingIncomeRatio": 0.1753791317,
    "totalOtherIncomeExpensesNet": -2264000,
    "incomeBeforeTax": 399823000,
    "incomeBeforeTaxRatio": 0.1743916381,
    "incomeTaxExpense": 90868000,
    "netIncome": 308955000,
    "netIncomeRatio": 0.1347575516,
    "eps": 2.0191289685911094,
    "epsdiluted": 1.959255501300019,
    "weightedAverageShsOut": 153014000,
    "weightedAverageShsOutDil": 157690000,
    "link": "https://www.sec.gov/Archives/edgar/data/719955/000119312521100319/0001193125-21-100319-index.htm",
    "finalLink": "https://www.sec.gov/Archives/edgar/data/719955/000119312521100319/d93631d10k.htm"
  },
  {
    "date": "2020-11-01",
    "symbol": "WSM",
    "reportedCurrency": "USD",
    "cik": "0000719955",
    "fillingDate": "2020-12-07",
    "acceptedDate": "2020-12-04 19:46:54",
    "calendarYear": "2020",
    "period": "Q3",
    "revenue": 1764536000,
    "costOfRevenue": 1058953000,
    "grossProfit": 705583000,
    "grossProfitRatio": 0.3998688607,
    "researchAndDevelopmentExpenses": 0,
    "generalAndAdministrativeExpenses": 0,
    "sellingAndMarketingExpenses": 0,
    "sellingGeneralAndAdministrativeExpenses": 430979000,
    "otherExpenses": 0,
    "operatingExpenses": 430979000,
    "costAndExpenses": 1489932000,
    "interestIncome": 0,
    "interestExpense": 5344000,
    "depreciationAndAmortization": 47220000,
    "ebitda": 321824000,
    "ebitdaratio": 0.1823844909,
    "operatingIncome": 274604000,
    "operatingIncomeRatio": 0.1556239147,
    "totalOtherIncomeExpensesNet": -5344000,
    "incomeBeforeTax": 269260000,
    "incomeBeforeTaxRatio": 0.1525953565,
    "incomeTaxExpense": 67488000,
    "netIncome": 201772000,
    "netIncomeRatio": 0.1143484746,
    "eps": 1.3019732342199337,
    "epsdiluted": 1.271693641909948,
    "weightedAverageShsOut": 154974000,
    "weightedAverageShsOutDil": 158664000,
    "link": "https://www.sec.gov/Archives/edgar/data/719955/000119312520310847/0001193125-20-310847-index.htm",
    "finalLink": "https://www.sec.gov/Archives/edgar/data/719955/000119312520310847/d97689d10q.htm"
  },
  {
    "date": "2020-08-02",
    "symbol": "WSM",
    "reportedCurrency": "USD",
    "cik": "0000719955",
    "fillingDate": "2020-09-09",
    "acceptedDate": "2020-09-09 16:35:41",
    "calendarYear": "2020",
    "period": "Q2",
    "revenue": 1490777000,
    "costOfRevenue": 939575000,
    "grossProfit": 551202000,
    "grossProfitRatio": 0.3697414167,
    "researchAndDevelopmentExpenses": 0,
    "generalAndAdministrativeExpenses": 0,
    "sellingAndMarketingExpenses": 0,
    "sellingGeneralAndAdministrativeExpenses": 365841000,
    "otherExpenses": 0,
    "operatingExpenses": 365841000,
    "costAndExpenses": 1305416000,
    "interestIncome": 0,
    "interestExpense": 6464000,
    "depreciationAndAmortization": 46896000,
    "ebitda": 232257000,
    "ebitdaratio": 0.1557959373,
    "operatingIncome": 185361000,
    "operatingIncomeRatio": 0.1243385161,
    "totalOtherIncomeExpensesNet": -6464000,
    "incomeBeforeTax": 178897000,
    "incomeBeforeTaxRatio": 0.1200025222,
    "incomeTaxExpense": 44333000,
    "netIncome": 134564000,
    "netIncomeRatio": 0.0902643387,
    "eps": 0.8649962073975033,
    "epsdiluted": 0.8488342753330642,
    "weightedAverageShsOut": 155566000,
    "weightedAverageShsOutDil": 158528000,
    "link": "https://www.sec.gov/Archives/edgar/data/719955/000119312520242226/0001193125-20-242226-index.htm",
    "finalLink": "https://www.sec.gov/Archives/edgar/data/719955/000119312520242226/d87421d10q.htm"
  },
  {
    "date": "2020-05-03",
    "symbol": "WSM",
    "reportedCurrency": "USD",
    "cik": "0000719955",
    "fillingDate": "2020-06-08",
    "acceptedDate": "2020-06-05 19:56:12",
    "calendarYear": "2020",
    "period": "Q1",
    "revenue": 1235203000,
    "costOfRevenue": 820943000,
    "grossProfit": 414260000,
    "grossProfitRatio": 0.3353780715,
    "researchAndDevelopmentExpenses": 0,
    "generalAndAdministrativeExpenses": 0,
    "sellingAndMarketingExpenses": 0,
    "sellingGeneralAndAdministrativeExpenses": 365615000,
    "otherExpenses": 0,
    "operatingExpenses": 365615000,
    "costAndExpenses": 1186558000,
    "interestIncome": 0,
    "interestExpense": 2159000,
    "depreciationAndAmortization": 46224000,
    "ebitda": 94869000,
    "ebitdaratio": 0.0768043795,
    "operatingIncome": 48645000,
    "operatingIncomeRatio": 0.0393821906,
    "totalOtherIncomeExpensesNet": -2159000,
    "incomeBeforeTax": 46486000,
    "incomeBeforeTaxRatio": 0.0376342998,
    "incomeTaxExpense": 11063000,
    "netIncome": 35423000,
    "netIncomeRatio": 0.0286778772,
    "eps": 0.22923947089125313,
    "epsdiluted": 0.22591487136315513,
    "weightedAverageShsOut": 154524000,
    "weightedAverageShsOutDil": 156798000,
    "link": "https://www.sec.gov/Archives/edgar/data/719955/000119312520162400/0001193125-20-162400-index.htm",
    "finalLink": "https://www.sec.gov/Archives/edgar/data/719955/000119312520162400/d919457d10q.htm"
  },
  {
    "date": "2020-02-02",
    "symbol": "WSM",
    "reportedCurrency": "USD",
    "cik": "0000719955",
    "fillingDate": "2020-03-27",
    "acceptedDate": "2020-03-27 17:10:26",
    "calendarYear": "2019",
    "period": "Q4",
    "revenue": 1843590000,
    "costOfRevenue": 1150862000,
    "grossProfit": 692728000,
    "grossProfitRatio": 0.3757494888,
    "researchAndDevelopmentExpenses": 0,
    "generalAndAdministrativeExpenses": 0,
    "sellingAndMarketingExpenses": 0,
    "sellingGeneralAndAdministrativeExpenses": 489042000,
    "otherExpenses": 0,
    "operatingExpenses": 489042000,
    "costAndExpenses": 1639904000,
    "interestIncome": 0,
    "interestExpense": 0,
    "depreciationAndAmortization": 47264000,
    "ebitda": 250950000,
    "ebitdaratio": 0.136120287,
    "operatingIncome": 203686000,
    "operatingIncomeRatio": 0.1104833504,
    "totalOtherIncomeExpensesNet": -1367000,
    "incomeBeforeTax": 202319000,
    "incomeBeforeTaxRatio": 0.1097418623,
    "incomeTaxExpense": 36274000,
    "netIncome": 166045000,
    "netIncomeRatio": 0.090066121,
    "eps": 1.0731412543301795,
    "epsdiluted": 1.0520896695052717,
    "weightedAverageShsOut": 154728000,
    "weightedAverageShsOutDil": 157824000,
    "link": "https://www.sec.gov/Archives/edgar/data/719955/000119312520088937/0001193125-20-088937-index.htm",
    "finalLink": "https://www.sec.gov/Archives/edgar/data/719955/000119312520088937/d856872d10k.htm"
  },
  {
    "date": "2019-11-03",
    "symbol": "WSM",
    "reportedCurrency": "USD",
    "cik": "0000719955",
    "fillingDate": "2019-12-12",
    "acceptedDate": "2019-12-12 16:41:25",
    "calendarYear": "2019",
    "period": "Q3",
    "revenue": 1442472000,
    "costOfRevenue": 924300000,
    "grossProfit": 518172000,
    "grossProfitRatio": 0.3592249971,
    "researchAndDevelopmentExpenses": 0,
    "generalAndAdministrativeExpenses": 0,
    "sellingAndMarketingExpenses": 0,
    "sellingGeneralAndAdministrativeExpenses": 416281000,
    "otherExpenses": 0,
    "operatingExpenses": 416281000,
    "costAndExpenses": 1340581000,
    "interestIncome": 0,
    "interestExpense": 2564000,
    "depreciationAndAmortization": 46751000,
    "ebitda": 148642000,
    "ebitdaratio": 0.1030467143,
    "operatingIncome": 101891000,
    "operatingIncomeRatio": 0.0706363798,
    "totalOtherIncomeExpensesNet": -2564000,
    "incomeBeforeTax": 99327000,
    "incomeBeforeTaxRatio": 0.0688588756,
    "incomeTaxExpense": 24614000,
    "netIncome": 74713000,
    "netIncomeRatio": 0.0517951128,
    "eps": 0.4795627559469556,
    "epsdiluted": 0.4717265850917402,
    "weightedAverageShsOut": 155794000,
    "weightedAverageShsOutDil": 158382000,
    "link": "https://www.sec.gov/Archives/edgar/data/719955/000119312519312802/0001193125-19-312802-index.htm",
    "finalLink": "https://www.sec.gov/Archives/edgar/data/719955/000119312519312802/d813200d10q.htm"
  },
  {
    "date": "2019-08-04",
    "symbol": "WSM",
    "reportedCurrency": "USD",
    "cik": "0000719955",
    "fillingDate": "2019-09-12",
    "acceptedDate": "2019-09-12 17:24:22",
    "calendarYear": "2019",
    "period": "Q2",
    "revenue": 1370814000,
    "costOfRevenue": 886953000,
    "grossProfit": 483861000,
    "grossProfitRatio": 0.3529734887,
    "researchAndDevelopmentExpenses": 0,
    "generalAndAdministrativeExpenses": 0,
    "sellingAndMarketingExpenses": 0,
    "sellingGeneralAndAdministrativeExpenses": 397696000,
    "otherExpenses": 0,
    "operatingExpenses": 397696000,
    "costAndExpenses": 1284649000,
    "interestIncome": 0,
    "interestExpense": 2669000,
    "depreciationAndAmortization": 46906000,
    "ebitda": 133071000,
    "ebitdaratio": 0.097074439,
    "operatingIncome": 86165000,
    "operatingIncomeRatio": 0.0628568135,
    "totalOtherIncomeExpensesNet": -2669000,
    "incomeBeforeTax": 83496000,
    "incomeBeforeTaxRatio": 0.0609097952,
    "incomeTaxExpense": 20848000,
    "netIncome": 62648000,
    "netIncomeRatio": 0.0457013132,
    "eps": 0.3990928549587198,
    "epsdiluted": 0.3941613187366302,
    "weightedAverageShsOut": 156976000,
    "weightedAverageShsOutDil": 158940000,
    "link": "https://www.sec.gov/Archives/edgar/data/719955/000119312519244032/0001193125-19-244032-index.htm",
    "finalLink": "https://www.sec.gov/Archives/edgar/data/719955/000119312519244032/d775044d10q.htm"
  },
  {
    "date": "2019-05-05",
    "symbol": "WSM",
    "reportedCurrency": "USD",
    "cik": "0000719955",
    "fillingDate": "2019-06-14",
    "acceptedDate": "2019-06-14 16:59:01",
    "calendarYear": "2019",
    "period": "Q1",
    "revenue": 1241132000,
    "costOfRevenue": 796801000,
    "grossProfit": 444331000,
    "grossProfitRatio": 0.358004628,
    "researchAndDevelopmentExpenses": 0,
    "generalAndAdministrativeExpenses": 0,
    "sellingAndMarketingExpenses": 0,
    "sellingGeneralAndAdministrativeExpenses": 370199000,
    "otherExpenses": 0,
    "operatingExpenses": 370199000,
    "costAndExpenses": 1167000000,
    "interestIncome": 0,
    "interestExpense": 2253000,
    "depreciationAndAmortization": 46838000,
    "ebitda": 120970000,
    "ebitdaratio": 0.0974674732,
    "operatingIncome": 74132000,
    "operatingIncomeRatio": 0.0597293439,
    "totalOtherIncomeExpensesNet": -2253000,
    "incomeBeforeTax": 71879000,
    "incomeBeforeTaxRatio": 0.0579140655,
    "incomeTaxExpense": 19223000,
    "netIncome": 52656000,
    "netIncomeRatio": 0.0424257855,
    "eps": 0.3346084923045639,
    "epsdiluted": 0.32964803986627766,
    "weightedAverageShsOut": 157366000,
    "weightedAverageShsOutDil": 159734000,
    "link": "https://www.sec.gov/Archives/edgar/data/719955/000119312519173782/0001193125-19-173782-index.htm",
    "finalLink": "https://www.sec.gov/Archives/edgar/data/719955/000119312519173782/d695195d10q.htm"
  },
  {
    "date": "2019-02-03",
    "symbol": "WSM",
    "reportedCurrency": "USD",
    "cik": "0000719955",
    "fillingDate": "2019-04-04",
    "acceptedDate": "2019-04-04 17:00:21",
    "calendarYear": "2018",
    "period": "Q4",
    "revenue": 1836436000,
    "costOfRevenue": 1126513000,
    "grossProfit": 709923000,
    "grossProfitRatio": 0.3865764993,
    "researchAndDevelopmentExpenses": 0,
    "generalAndAdministrativeExpenses": 0,
    "sellingAndMarketingExpenses": 0,
    "sellingGeneralAndAdministrativeExpenses": 509070000,
    "otherExpenses": 0,
    "operatingExpenses": 509070000,
    "costAndExpenses": 1635583000,
    "interestIncome": 0,
    "interestExpense": 0,
    "depreciationAndAmortization": 47641000,
    "ebitda": 248494000,
    "ebitdaratio": 0.1353131827,
    "operatingIncome": 200853000,
    "operatingIncomeRatio": 0.1093710862,
    "totalOtherIncomeExpensesNet": -1633000,
    "incomeBeforeTax": 199220000,
    "incomeBeforeTaxRatio": 0.1084818638,
    "incomeTaxExpense": 43882000,
    "netIncome": 155338000,
    "netIncomeRatio": 0.0845866668,
    "eps": 0.975618640874262,
    "epsdiluted": 0.9626677904339311,
    "weightedAverageShsOut": 159220000,
    "weightedAverageShsOutDil": 161362000,
    "link": "https://www.sec.gov/Archives/edgar/data/719955/000119312519097973/0001193125-19-097973-index.htm",
    "finalLink": "https://www.sec.gov/Archives/edgar/data/719955/000119312519097973/d683578d10k.htm"
  },
  {
    "date": "2018-10-28",
    "symbol": "WSM",
    "reportedCurrency": "USD",
    "cik": "0000719955",
    "fillingDate": "2018-12-07",
    "acceptedDate": "2018-12-07 16:21:10",
    "calendarYear": "2018",
    "period": "Q3",
    "revenue": 1356983000,
    "costOfRevenue": 861999000,
    "grossProfit": 494984000,
    "grossProfitRatio": 0.3647680185,
    "researchAndDevelopmentExpenses": 0,
    "generalAndAdministrativeExpenses": 0,
    "sellingAndMarketingExpenses": 0,
    "sellingGeneralAndAdministrativeExpenses": 400600000,
    "otherExpenses": 0,
    "operatingExpenses": 400600000,
    "costAndExpenses": 1262599000,
    "interestIncome": 0,
    "interestExpense": 0,
    "depreciationAndAmortization": 47358000,
    "ebitda": 141742000,
    "ebitdaratio": 0.1044537772,
    "operatingIncome": 94384000,
    "operatingIncomeRatio": 0.069554298,
    "totalOtherIncomeExpensesNet": -2288000,
    "incomeBeforeTax": 92096000,
    "incomeBeforeTaxRatio": 0.0678682047,
    "incomeTaxExpense": 10631000,
    "netIncome": 81465000,
    "netIncomeRatio": 0.0600339135,
    "eps": 0.5061509785647716,
    "epsdiluted": 0.4989221102142306,
    "weightedAverageShsOut": 160950000,
    "weightedAverageShsOutDil": 163282000,
    "link": "https://www.sec.gov/Archives/edgar/data/719955/000119312518344956/0001193125-18-344956-index.htm",
    "finalLink": "https://www.sec.gov/Archives/edgar/data/719955/000119312518344956/d563678d10q.htm"
  },
  {
    "date": "2018-07-29",
    "symbol": "WSM",
    "reportedCurrency": "USD",
    "cik": "0000719955",
    "fillingDate": "2018-09-07",
    "acceptedDate": "2018-09-07 17:16:04",
    "calendarYear": "2018",
    "period": "Q2",
    "revenue": 1275174000,
    "costOfRevenue": 811232000,
    "grossProfit": 463942000,
    "grossProfitRatio": 0.3638264268,
    "researchAndDevelopmentExpenses": 0,
    "generalAndAdministrativeExpenses": 0,
    "sellingAndMarketingExpenses": 0,
    "sellingGeneralAndAdministrativeExpenses": 389776000,
    "otherExpenses": 0,
    "operatingExpenses": 389776000,
    "costAndExpenses": 1201008000,
    "interestIncome": 0,
    "interestExpense": 0,
    "depreciationAndAmortization": 45936000,
    "ebitda": 120102000,
    "ebitdaratio": 0.0941847936,
    "operatingIncome": 74166000,
    "operatingIncomeRatio": 0.0581614744,
    "totalOtherIncomeExpensesNet": -1584000,
    "incomeBeforeTax": 72582000,
    "incomeBeforeTaxRatio": 0.056919291,
    "incomeTaxExpense": 20869000,
    "netIncome": 51713000,
    "netIncomeRatio": 0.0405536813,
    "eps": 0.31401350465133226,
    "epsdiluted": 0.3108985535128116,
    "weightedAverageShsOut": 164684000,
    "weightedAverageShsOutDil": 166334000,
    "link": "https://www.sec.gov/Archives/edgar/data/719955/000119312518269283/0001193125-18-269283-index.htm",
    "finalLink": "https://www.sec.gov/Archives/edgar/data/719955/000119312518269283/d719214d10q.htm"
  },
  {
    "date": "2018-04-29",
    "symbol": "WSM",
    "reportedCurrency": "USD",
    "cik": "0000719955",
    "fillingDate": "2018-06-08",
    "acceptedDate": "2018-06-08 16:33:07",
    "calendarYear": "2018",
    "period": "Q1",
    "revenue": 1203000000,
    "costOfRevenue": 770836000,
    "grossProfit": 432164000,
    "grossProfitRatio": 0.3592385702,
    "researchAndDevelopmentExpenses": 0,
    "generalAndAdministrativeExpenses": 0,
    "sellingAndMarketingExpenses": 0,
    "sellingGeneralAndAdministrativeExpenses": 365614000,
    "otherExpenses": 0,
    "operatingExpenses": 365614000,
    "costAndExpenses": 1136450000,
    "interestIncome": 0,
    "interestExpense": 0,
    "depreciationAndAmortization": 47873000,
    "ebitda": 114423000,
    "ebitdaratio": 0.0951147132,
    "operatingIncome": 66550000,
    "operatingIncomeRatio": 0.0553200333,
    "totalOtherIncomeExpensesNet": -1201000,
    "incomeBeforeTax": 65349000,
    "incomeBeforeTaxRatio": 0.0543216958,
    "incomeTaxExpense": 20181000,
    "netIncome": 45168000,
    "netIncomeRatio": 0.0375461347,
    "eps": 0.27081734458940904,
    "epsdiluted": 0.2683013757217193,
    "weightedAverageShsOut": 166784000,
    "weightedAverageShsOutDil": 168348000,
    "link": "https://www.sec.gov/Archives/edgar/data/719955/000119312518188149/0001193125-18-188149-index.htm",
    "finalLink": "https://www.sec.gov/Archives/edgar/data/719955/000119312518188149/d576497d10q.htm"
  },
  {
    "date": "2018-01-28",
    "symbol": "WSM",
    "reportedCurrency": "USD",
    "cik": "0000719955",
    "fillingDate": "2018-03-29",
    "acceptedDate": "2018-03-29 17:22:02",
    "calendarYear": "2017",
    "period": "Q4",
    "revenue": 1679910000,
    "costOfRevenue": 1033737000,
    "grossProfit": 646173000,
    "grossProfitRatio": 0.3846473918,
    "researchAndDevelopmentExpenses": 0,
    "generalAndAdministrativeExpenses": 0,
    "sellingAndMarketingExpenses": 0,
    "sellingGeneralAndAdministrativeExpenses": 447233000,
    "otherExpenses": 0,
    "operatingExpenses": 447233000,
    "costAndExpenses": 1480970000,
    "interestIncome": 0,
    "interestExpense": 0,
    "depreciationAndAmortization": 47604000,
    "ebitda": 246544000,
    "ebitdaratio": 0.1467602431,
    "operatingIncome": 198940000,
    "operatingIncomeRatio": 0.1184230108,
    "totalOtherIncomeExpensesNet": -398000,
    "incomeBeforeTax": 198542000,
    "incomeBeforeTaxRatio": 0.1181860933,
    "incomeTaxExpense": 102782000,
    "netIncome": 95760000,
    "netIncomeRatio": 0.0570030537,
    "eps": 0.5697490391137238,
    "epsdiluted": 0.565102445472571,
    "weightedAverageShsOut": 168074000,
    "weightedAverageShsOutDil": 169456000,
    "link": "https://www.sec.gov/Archives/edgar/data/719955/000119312518102232/0001193125-18-102232-index.htm",
    "finalLink": "https://www.sec.gov/Archives/edgar/data/719955/000119312518102232/d689546d10k.htm"
  },
  {
    "date": "2017-10-29",
    "symbol": "WSM",
    "reportedCurrency": "USD",
    "cik": "0000719955",
    "fillingDate": "2017-12-06",
    "acceptedDate": "2017-12-06 16:58:57",
    "calendarYear": "2017",
    "period": "Q3",
    "revenue": 1299336000,
    "costOfRevenue": 832269000,
    "grossProfit": 467067000,
    "grossProfitRatio": 0.3594659118,
    "researchAndDevelopmentExpenses": 0,
    "generalAndAdministrativeExpenses": 0,
    "sellingAndMarketingExpenses": 0,
    "sellingGeneralAndAdministrativeExpenses": 356254000,
    "otherExpenses": 0,
    "operatingExpenses": 356254000,
    "costAndExpenses": 1188523000,
    "interestIncome": 0,
    "interestExpense": 0,
    "depreciationAndAmortization": 45425000,
    "ebitda": 156238000,
    "ebitdaratio": 0.1202444941,
    "operatingIncome": 110813000,
    "operatingIncomeRatio": 0.0852843298,
    "totalOtherIncomeExpensesNet": -594000,
    "incomeBeforeTax": 110219000,
    "incomeBeforeTaxRatio": 0.0848271733,
    "incomeTaxExpense": 38906000,
    "netIncome": 71313000,
    "netIncomeRatio": 0.054884187,
    "eps": 0.41978455380268426,
    "epsdiluted": 0.41760165839033075,
    "weightedAverageShsOut": 169880000,
    "weightedAverageShsOutDil": 170768000,
    "link": "https://www.sec.gov/Archives/edgar/data/719955/000119312517362895/0001193125-17-362895-index.htm",
    "finalLink": "https://www.sec.gov/Archives/edgar/data/719955/000119312517362895/d466116d10q.htm"
  },
  {
    "date": "2017-07-30",
    "symbol": "WSM",
    "reportedCurrency": "USD",
    "cik": "0000719955",
    "fillingDate": "2017-09-08",
    "acceptedDate": "2017-09-08 16:16:29",
    "calendarYear": "2017",
    "period": "Q2",
    "revenue": 1201606000,
    "costOfRevenue": 778895000,
    "grossProfit": 422711000,
    "grossProfitRatio": 0.3517883566,
    "researchAndDevelopmentExpenses": 0,
    "generalAndAdministrativeExpenses": 0,
    "sellingAndMarketingExpenses": 0,
    "sellingGeneralAndAdministrativeExpenses": 341127000,
    "otherExpenses": 0,
    "operatingExpenses": 341127000,
    "costAndExpenses": 1120022000,
    "interestIncome": 0,
    "interestExpense": 0,
    "depreciationAndAmortization": 45098000,
    "ebitda": 126682000,
    "ebitdaratio": 0.1054272365,
    "operatingIncome": 81584000,
    "operatingIncomeRatio": 0.0678957995,
    "totalOtherIncomeExpensesNet": -483000,
    "incomeBeforeTax": 81101000,
    "incomeBeforeTaxRatio": 0.0674938374,
    "incomeTaxExpense": 28184000,
    "netIncome": 52917000,
    "netIncomeRatio": 0.0440385617,
    "eps": 0.3061298869592382,
    "epsdiluted": 0.30465295689019894,
    "weightedAverageShsOut": 172858000,
    "weightedAverageShsOutDil": 173696000,
    "link": "https://www.sec.gov/Archives/edgar/data/719955/000119312517280597/0001193125-17-280597-index.htm",
    "finalLink": "https://www.sec.gov/Archives/edgar/data/719955/000119312517280597/d424250d10q.htm"
  },
  {
    "date": "2017-04-30",
    "symbol": "WSM",
    "reportedCurrency": "USD",
    "cik": "0000719955",
    "fillingDate": "2017-06-02",
    "acceptedDate": "2017-06-02 16:17:54",
    "calendarYear": "2017",
    "period": "Q1",
    "revenue": 1111507000,
    "costOfRevenue": 715747000,
    "grossProfit": 395760000,
    "grossProfitRatio": 0.3560571368,
    "researchAndDevelopmentExpenses": 0,
    "generalAndAdministrativeExpenses": 0,
    "sellingAndMarketingExpenses": 0,
    "sellingGeneralAndAdministrativeExpenses": 333286000,
    "otherExpenses": 0,
    "operatingExpenses": 333286000,
    "costAndExpenses": 1049033000,
    "interestIncome": 0,
    "interestExpense": 0,
    "depreciationAndAmortization": 44950000,
    "ebitda": 107424000,
    "ebitdaratio": 0.0966471646,
    "operatingIncome": 62474000,
    "operatingIncomeRatio": 0.0562065736,
    "totalOtherIncomeExpensesNet": 103000,
    "incomeBeforeTax": 62577000,
    "incomeBeforeTaxRatio": 0.0562992406,
    "incomeTaxExpense": 23022000,
    "netIncome": 39555000,
    "netIncomeRatio": 0.0355868204,
    "eps": 0.22742692210390744,
    "epsdiluted": 0.22548740166457645,
    "weightedAverageShsOut": 173924000,
    "weightedAverageShsOutDil": 175420000,
    "link": "https://www.sec.gov/Archives/edgar/data/719955/000119312517193009/0001193125-17-193009-index.htm",
    "finalLink": "https://www.sec.gov/Archives/edgar/data/719955/000119312517193009/d379443d10q.htm"
  },
  {
    "date": "2017-01-29",
    "symbol": "WSM",
    "reportedCurrency": "USD",
    "cik": "0000719955",
    "fillingDate": "2017-03-30",
    "acceptedDate": "2017-03-30 17:22:12",
    "calendarYear": "2016",
    "period": "Q4",
    "revenue": 1581581000,
    "costOfRevenue": 959550000,
    "grossProfit": 622031000,
    "grossProfitRatio": 0.3932969604,
    "researchAndDevelopmentExpenses": 0,
    "generalAndAdministrativeExpenses": 0,
    "sellingAndMarketingExpenses": 0,
    "sellingGeneralAndAdministrativeExpenses": 406212000,
    "otherExpenses": 0,
    "operatingExpenses": 406212000,
    "costAndExpenses": 1365762000,
    "interestIncome": 0,
    "interestExpense": 0,
    "depreciationAndAmortization": 45450000,
    "ebitda": 261269000,
    "ebitdaratio": 0.1651948272,
    "operatingIncome": 215819000,
    "operatingIncomeRatio": 0.1364577597,
    "totalOtherIncomeExpensesNet": -101000,
    "incomeBeforeTax": 215718000,
    "incomeBeforeTaxRatio": 0.1363938995,
    "incomeTaxExpense": 71091000,
    "netIncome": 144627000,
    "netIncomeRatio": 0.0914445735,
    "eps": 0.8248468671936489,
    "epsdiluted": 0.8158755768167613,
    "weightedAverageShsOut": 175338000,
    "weightedAverageShsOutDil": 177266000,
    "link": "https://www.sec.gov/Archives/edgar/data/719955/000119312517104341/0001193125-17-104341-index.htm",
    "finalLink": "https://www.sec.gov/Archives/edgar/data/719955/000119312517104341/d265187d10k.htm"
  },
  {
    "date": "2016-10-30",
    "symbol": "WSM",
    "reportedCurrency": "USD",
    "cik": "0000719955",
    "fillingDate": "2016-12-07",
    "acceptedDate": "2016-12-07 16:36:52",
    "calendarYear": "2016",
    "period": "Q3",
    "revenue": 1245385000,
    "costOfRevenue": 787162000,
    "grossProfit": 458223000,
    "grossProfitRatio": 0.3679368227,
    "researchAndDevelopmentExpenses": 0,
    "generalAndAdministrativeExpenses": 0,
    "sellingAndMarketingExpenses": 0,
    "sellingGeneralAndAdministrativeExpenses": 348244000,
    "otherExpenses": 0,
    "operatingExpenses": 348244000,
    "costAndExpenses": 1135406000,
    "interestIncome": 0,
    "interestExpense": 0,
    "depreciationAndAmortization": 44376000,
    "ebitda": 154355000,
    "ebitdaratio": 0.1239415924,
    "operatingIncome": 109979000,
    "operatingIncomeRatio": 0.0883092377,
    "totalOtherIncomeExpensesNet": -488000,
    "incomeBeforeTax": 109491000,
    "incomeBeforeTaxRatio": 0.087917391,
    "incomeTaxExpense": 40113000,
    "netIncome": 69378000,
    "netIncomeRatio": 0.0557080742,
    "eps": 0.39248942092281236,
    "epsdiluted": 0.38913443417392085,
    "weightedAverageShsOut": 176764000,
    "weightedAverageShsOutDil": 178288000,
    "link": "https://www.sec.gov/Archives/edgar/data/719955/000119312516787485/0001193125-16-787485-index.htm",
    "finalLink": "https://www.sec.gov/Archives/edgar/data/719955/000119312516787485/d268653d10q.htm"
  },
  {
    "date": "2016-07-31",
    "symbol": "WSM",
    "reportedCurrency": "USD",
    "cik": "0000719955",
    "fillingDate": "2016-09-08",
    "acceptedDate": "2016-09-08 16:33:57",
    "calendarYear": "2016",
    "period": "Q2",
    "revenue": 1159029000,
    "costOfRevenue": 748490000,
    "grossProfit": 410539000,
    "grossProfitRatio": 0.3542094288,
    "researchAndDevelopmentExpenses": 0,
    "generalAndAdministrativeExpenses": 0,
    "sellingAndMarketingExpenses": 0,
    "sellingGeneralAndAdministrativeExpenses": 327263000,
    "otherExpenses": 0,
    "operatingExpenses": 327263000,
    "costAndExpenses": 1075753000,
    "interestIncome": 0,
    "interestExpense": 0,
    "depreciationAndAmortization": 42129000,
    "ebitda": 125405000,
    "ebitdaratio": 0.1081983281,
    "operatingIncome": 83276000,
    "operatingIncomeRatio": 0.0718497984,
    "totalOtherIncomeExpensesNet": -167000,
    "incomeBeforeTax": 83109000,
    "incomeBeforeTaxRatio": 0.0717057123,
    "incomeTaxExpense": 31324000,
    "netIncome": 51785000,
    "netIncomeRatio": 0.0446796413,
    "eps": 0.290799537281416,
    "epsdiluted": 0.2885408308816974,
    "weightedAverageShsOut": 178078000,
    "weightedAverageShsOutDil": 179472000,
    "link": "https://www.sec.gov/Archives/edgar/data/719955/000119312516705229/0001193125-16-705229-index.htm",
    "finalLink": "https://www.sec.gov/Archives/edgar/data/719955/000119312516705229/d213509d10q.htm"
  },
  {
    "date": "2016-05-01",
    "symbol": "WSM",
    "reportedCurrency": "USD",
    "cik": "0000719955",
    "fillingDate": "2016-06-07",
    "acceptedDate": "2016-06-07 16:16:55",
    "calendarYear": "2016",
    "period": "Q1",
    "revenue": 1097817000,
    "costOfRevenue": 705300000,
    "grossProfit": 392517000,
    "grossProfitRatio": 0.3575431971,
    "researchAndDevelopmentExpenses": 0,
    "generalAndAdministrativeExpenses": 0,
    "sellingAndMarketingExpenses": 0,
    "sellingGeneralAndAdministrativeExpenses": 328992000,
    "otherExpenses": 0,
    "operatingExpenses": 328992000,
    "costAndExpenses": 1034292000,
    "interestIncome": 0,
    "interestExpense": 0,
    "depreciationAndAmortization": 41240000,
    "ebitda": 104765000,
    "ebitdaratio": 0.0954302948,
    "operatingIncome": 63525000,
    "operatingIncomeRatio": 0.0578648354,
    "totalOtherIncomeExpensesNet": 68000,
    "incomeBeforeTax": 63593000,
    "incomeBeforeTaxRatio": 0.0579267765,
    "incomeTaxExpense": 23996000,
    "netIncome": 39597000,
    "netIncomeRatio": 0.036068853,
    "eps": 0.2217126923335349,
    "epsdiluted": 0.21873411847890933,
    "weightedAverageShsOut": 178596000,
    "weightedAverageShsOutDil": 181028000,
    "link": "https://www.sec.gov/Archives/edgar/data/719955/000119312516615301/0001193125-16-615301-index.htm",
    "finalLink": "https://www.sec.gov/Archives/edgar/data/719955/000119312516615301/d158004d10q.htm"
  },
  {
    "date": "2016-01-31",
    "symbol": "WSM",
    "reportedCurrency": "USD",
    "cik": "0000719955",
    "fillingDate": "2016-03-31",
    "acceptedDate": "2016-03-31 16:19:48",
    "calendarYear": "2015",
    "period": "Q4",
    "revenue": 1586304000,
    "costOfRevenue": 978744000,
    "grossProfit": 607560000,
    "grossProfitRatio": 0.38300351,
    "researchAndDevelopmentExpenses": 0,
    "generalAndAdministrativeExpenses": 0,
    "sellingAndMarketingExpenses": 0,
    "sellingGeneralAndAdministrativeExpenses": 384880000,
    "otherExpenses": 0,
    "operatingExpenses": 384880000,
    "costAndExpenses": 1363624000,
    "interestIncome": 0,
    "interestExpense": 0,
    "depreciationAndAmortization": 42667000,
    "ebitda": 265347000,
    "ebitdaratio": 0.1672737382,
    "operatingIncome": 222680000,
    "operatingIncomeRatio": 0.1403766239,
    "totalOtherIncomeExpensesNet": -2000,
    "incomeBeforeTax": 222678000,
    "incomeBeforeTaxRatio": 0.1403753631,
    "incomeTaxExpense": 81550000,
    "netIncome": 141128000,
    "netIncomeRatio": 0.0889665537,
    "eps": 0.7861408199643494,
    "epsdiluted": 0.775530839231547,
    "weightedAverageShsOut": 179520000,
    "weightedAverageShsOutDil": 181976000,
    "link": "https://www.sec.gov/Archives/edgar/data/719955/000119312516525847/0001193125-16-525847-index.htm",
    "finalLink": "https://www.sec.gov/Archives/edgar/data/719955/000119312516525847/d120289d10k.htm"
  },
  {
    "date": "2015-11-01",
    "symbol": "WSM",
    "reportedCurrency": "USD",
    "cik": "0000719955",
    "fillingDate": "2015-12-11",
    "acceptedDate": "2015-12-11 16:16:42",
    "calendarYear": "2015",
    "period": "Q3",
    "revenue": 1232082000,
    "costOfRevenue": 780894000,
    "grossProfit": 451188000,
    "grossProfitRatio": 0.3661996523,
    "researchAndDevelopmentExpenses": 0,
    "generalAndAdministrativeExpenses": 0,
    "sellingAndMarketingExpenses": 0,
    "sellingGeneralAndAdministrativeExpenses": 340505000,
    "otherExpenses": 0,
    "operatingExpenses": 340505000,
    "costAndExpenses": 1121399000,
    "interestIncome": 0,
    "interestExpense": 0,
    "depreciationAndAmortization": 41860000,
    "ebitda": 152543000,
    "ebitdaratio": 0.1238091296,
    "operatingIncome": 110683000,
    "operatingIncomeRatio": 0.0898341182,
    "totalOtherIncomeExpensesNet": -342000,
    "incomeBeforeTax": 110341000,
    "incomeBeforeTaxRatio": 0.0895565393,
    "incomeTaxExpense": 39859000,
    "netIncome": 70482000,
    "netIncomeRatio": 0.0572056081,
    "eps": 0.3896745800944304,
    "epsdiluted": 0.38388470713826645,
    "weightedAverageShsOut": 180874000,
    "weightedAverageShsOutDil": 183602000,
    "link": "https://www.sec.gov/Archives/edgar/data/719955/000119312515401464/0001193125-15-401464-index.htm",
    "finalLink": "https://www.sec.gov/Archives/edgar/data/719955/000119312515401464/d39336d10q.htm"
  },
  {
    "date": "2015-08-02",
    "symbol": "WSM",
    "reportedCurrency": "USD",
    "cik": "0000719955",
    "fillingDate": "2015-09-11",
    "acceptedDate": "2015-09-11 16:08:19",
    "calendarYear": "2015",
    "period": "Q2",
    "revenue": 1127028000,
    "costOfRevenue": 720403000,
    "grossProfit": 406625000,
    "grossProfitRatio": 0.360794053,
    "researchAndDevelopmentExpenses": 0,
    "generalAndAdministrativeExpenses": 0,
    "sellingAndMarketingExpenses": 0,
    "sellingGeneralAndAdministrativeExpenses": 323282000,
    "otherExpenses": 0,
    "operatingExpenses": 323282000,
    "costAndExpenses": 1043685000,
    "interestIncome": 0,
    "interestExpense": 0,
    "depreciationAndAmortization": 41755000,
    "ebitda": 125098000,
    "ebitdaratio": 0.1109981296,
    "operatingIncome": 83343000,
    "operatingIncomeRatio": 0.0739493606,
    "totalOtherIncomeExpensesNet": -275000,
    "incomeBeforeTax": 83068000,
    "incomeBeforeTaxRatio": 0.073705356,
    "incomeTaxExpense": 29400000,
    "netIncome": 53668000,
    "netIncomeRatio": 0.0476190476,
    "eps": 0.2940937934964874,
    "epsdiluted": 0.2898967201071691,
    "weightedAverageShsOut": 182486000,
    "weightedAverageShsOutDil": 185128000,
    "link": "https://www.sec.gov/Archives/edgar/data/719955/000119312515318468/0001193125-15-318468-index.htm",
    "finalLink": "https://www.sec.gov/Archives/edgar/data/719955/000119312515318468/d67876d10q.htm"
  },
  {
    "date": "2015-05-03",
    "symbol": "WSM",
    "reportedCurrency": "USD",
    "cik": "0000719955",
    "fillingDate": "2015-06-12",
    "acceptedDate": "2015-06-12 16:16:38",
    "calendarYear": "2015",
    "period": "Q1",
    "revenue": 1030676000,
    "costOfRevenue": 651835000,
    "grossProfit": 378841000,
    "grossProfitRatio": 0.3675655589,
    "researchAndDevelopmentExpenses": 0,
    "generalAndAdministrativeExpenses": 0,
    "sellingAndMarketingExpenses": 0,
    "sellingGeneralAndAdministrativeExpenses": 306913000,
    "otherExpenses": 0,
    "operatingExpenses": 306913000,
    "costAndExpenses": 958748000,
    "interestIncome": 0,
    "interestExpense": 0,
    "depreciationAndAmortization": 41478000,
    "ebitda": 113406000,
    "ebitdaratio": 0.1100306983,
    "operatingIncome": 71928000,
    "operatingIncomeRatio": 0.0697872076,
    "totalOtherIncomeExpensesNet": -8000,
    "incomeBeforeTax": 71920000,
    "incomeBeforeTaxRatio": 0.0697794457,
    "incomeTaxExpense": 27130000,
    "netIncome": 44790000,
    "netIncomeRatio": 0.0434569157,
    "eps": 0.24420164218652884,
    "epsdiluted": 0.24003215434083602,
    "weightedAverageShsOut": 183414000,
    "weightedAverageShsOutDil": 186600000,
    "link": "https://www.sec.gov/Archives/edgar/data/719955/000119312515221829/0001193125-15-221829-index.htm",
    "finalLink": "https://www.sec.gov/Archives/edgar/data/719955/000119312515221829/d904614d10q.htm"
  },
  {
    "date": "2015-02-01",
    "symbol": "WSM",
    "reportedCurrency": "USD",
    "cik": "0000719955",
    "fillingDate": "2015-04-02",
    "acceptedDate": "2015-04-02 16:47:44",
    "calendarYear": "2014",
    "period": "Q4",
    "revenue": 1542125000,
    "costOfRevenue": 923534000,
    "grossProfit": 618591000,
    "grossProfitRatio": 0.4011289617,
    "researchAndDevelopmentExpenses": 0,
    "generalAndAdministrativeExpenses": 0,
    "sellingAndMarketingExpenses": 0,
    "sellingGeneralAndAdministrativeExpenses": 380708000,
    "otherExpenses": 0,
    "operatingExpenses": 380708000,
    "costAndExpenses": 1304242000,
    "interestIncome": 0,
    "interestExpense": 0,
    "depreciationAndAmortization": 41138000,
    "ebitda": 279021000,
    "ebitdaratio": 0.1809328038,
    "operatingIncome": 237883000,
    "operatingIncomeRatio": 0.1542566264,
    "totalOtherIncomeExpensesNet": 26000,
    "incomeBeforeTax": 237909000,
    "incomeBeforeTaxRatio": 0.1542734863,
    "incomeTaxExpense": 90872000,
    "netIncome": 147037000,
    "netIncomeRatio": 0.0953470049,
    "eps": 0.7983591603592255,
    "epsdiluted": 0.785110154739911,
    "weightedAverageShsOut": 184174000,
    "weightedAverageShsOutDil": 187282000,
    "link": "https://www.sec.gov/Archives/edgar/data/719955/000119312515118009/0001193125-15-118009-index.htm",
    "finalLink": "https://www.sec.gov/Archives/edgar/data/719955/000119312515118009/d851953d10k.htm"
  },
  {
    "date": "2014-11-02",
    "symbol": "WSM",
    "reportedCurrency": "USD",
    "cik": "0000719955",
    "fillingDate": "2014-12-05",
    "acceptedDate": "2014-12-05 16:04:33",
    "calendarYear": "2014",
    "period": "Q3",
    "revenue": 1143162000,
    "costOfRevenue": 711755000,
    "grossProfit": 431407000,
    "grossProfitRatio": 0.3773804588,
    "researchAndDevelopmentExpenses": 0,
    "generalAndAdministrativeExpenses": 0,
    "sellingAndMarketingExpenses": 0,
    "sellingGeneralAndAdministrativeExpenses": 326687000,
    "otherExpenses": 0,
    "operatingExpenses": 326687000,
    "costAndExpenses": 1038442000,
    "interestIncome": 0,
    "interestExpense": 0,
    "depreciationAndAmortization": 41803000,
    "ebitda": 146523000,
    "ebitdaratio": 0.1281734347,
    "operatingIncome": 104720000,
    "operatingIncomeRatio": 0.0916055642,
    "totalOtherIncomeExpensesNet": -117000,
    "incomeBeforeTax": 104603000,
    "incomeBeforeTaxRatio": 0.0915032165,
    "incomeTaxExpense": 39695000,
    "netIncome": 64908000,
    "netIncomeRatio": 0.0567793541,
    "eps": 0.3487165160583236,
    "epsdiluted": 0.34190897597977243,
    "weightedAverageShsOut": 186134000,
    "weightedAverageShsOutDil": 189840000,
    "link": "https://www.sec.gov/Archives/edgar/data/719955/000119312514434838/0001193125-14-434838-index.htm",
    "finalLink": "https://www.sec.gov/Archives/edgar/data/719955/000119312514434838/d798275d10q.htm"
  },
  {
    "date": "2014-08-03",
    "symbol": "WSM",
    "reportedCurrency": "USD",
    "cik": "0000719955",
    "fillingDate": "2014-09-12",
    "acceptedDate": "2014-09-12 16:06:35",
    "calendarYear": "2014",
    "period": "Q2",
    "revenue": 1039102000,
    "costOfRevenue": 657004000,
    "grossProfit": 382098000,
    "grossProfitRatio": 0.3677194347,
    "researchAndDevelopmentExpenses": 0,
    "generalAndAdministrativeExpenses": 0,
    "sellingAndMarketingExpenses": 0,
    "sellingGeneralAndAdministrativeExpenses": 296762000,
    "otherExpenses": 0,
    "operatingExpenses": 296762000,
    "costAndExpenses": 953766000,
    "interestIncome": 0,
    "interestExpense": 0,
    "depreciationAndAmortization": 40702000,
    "ebitda": 126038000,
    "ebitdaratio": 0.1212951183,
    "operatingIncome": 85336000,
    "operatingIncomeRatio": 0.0821247577,
    "totalOtherIncomeExpensesNet": -40000,
    "incomeBeforeTax": 85296000,
    "incomeBeforeTaxRatio": 0.0820862629,
    "incomeTaxExpense": 34549000,
    "netIncome": 50747000,
    "netIncomeRatio": 0.0488373615,
    "eps": 0.26999116823971314,
    "epsdiluted": 0.2647513016621626,
    "weightedAverageShsOut": 187958000,
    "weightedAverageShsOutDil": 191678000,
    "link": "https://www.sec.gov/Archives/edgar/data/719955/000119312514340359/0001193125-14-340359-index.htm",
    "finalLink": "https://www.sec.gov/Archives/edgar/data/719955/000119312514340359/d750811d10q.htm"
  },
  {
    "date": "2014-05-04",
    "symbol": "WSM",
    "reportedCurrency": "USD",
    "cik": "0000719955",
    "fillingDate": "2014-06-12",
    "acceptedDate": "2014-06-12 16:12:26",
    "calendarYear": "2014",
    "period": "Q1",
    "revenue": 974330000,
    "costOfRevenue": 605922000,
    "grossProfit": 368408000,
    "grossProfitRatio": 0.3781141913,
    "researchAndDevelopmentExpenses": 0,
    "generalAndAdministrativeExpenses": 0,
    "sellingAndMarketingExpenses": 0,
    "sellingGeneralAndAdministrativeExpenses": 294082000,
    "otherExpenses": 0,
    "operatingExpenses": 294082000,
    "costAndExpenses": 900004000,
    "interestIncome": 0,
    "interestExpense": 0,
    "depreciationAndAmortization": 38630000,
    "ebitda": 112956000,
    "ebitdaratio": 0.1159319738,
    "operatingIncome": 74326000,
    "operatingIncomeRatio": 0.0762842158,
    "totalOtherIncomeExpensesNet": 69000,
    "incomeBeforeTax": 74395000,
    "incomeBeforeTaxRatio": 0.0763550337,
    "incomeTaxExpense": 28233000,
    "netIncome": 46162000,
    "netIncomeRatio": 0.0473781984,
    "eps": 0.24556083963699424,
    "epsdiluted": 0.24138760484427618,
    "weightedAverageShsOut": 187986000,
    "weightedAverageShsOutDil": 191236000,
    "link": "https://www.sec.gov/Archives/edgar/data/719955/000119312514234823/0001193125-14-234823-index.htm",
    "finalLink": "https://www.sec.gov/Archives/edgar/data/719955/000119312514234823/d712968d10q.htm"
  },
  {
    "date": "2014-02-02",
    "symbol": "WSM",
    "reportedCurrency": "USD",
    "cik": "0000719955",
    "fillingDate": "2014-04-03",
    "acceptedDate": "2014-04-03 17:16:36",
    "calendarYear": "2013",
    "period": "Q4",
    "revenue": 1466324000,
    "costOfRevenue": 870605000,
    "grossProfit": 595719000,
    "grossProfitRatio": 0.4062669642,
    "researchAndDevelopmentExpenses": 0,
    "generalAndAdministrativeExpenses": 0,
    "sellingAndMarketingExpenses": 0,
    "sellingGeneralAndAdministrativeExpenses": 377984000,
    "otherExpenses": 0,
    "operatingExpenses": 377984000,
    "costAndExpenses": 1248589000,
    "interestIncome": 0,
    "interestExpense": 0,
    "depreciationAndAmortization": 38383000,
    "ebitda": 256118000,
    "ebitdaratio": 0.1746667176,
    "operatingIncome": 217735000,
    "operatingIncomeRatio": 0.1484903746,
    "totalOtherIncomeExpensesNet": 167000,
    "incomeBeforeTax": 217902000,
    "incomeBeforeTaxRatio": 0.1486042648,
    "incomeTaxExpense": 84104000,
    "netIncome": 133798000,
    "netIncomeRatio": 0.0912472278,
    "eps": 0.7096455962066808,
    "epsdiluted": 0.6898724387200561,
    "weightedAverageShsOut": 188542000,
    "weightedAverageShsOutDil": 193946000,
    "link": "https://www.sec.gov/Archives/edgar/data/719955/000119312514129974/0001193125-14-129974-index.htm",
    "finalLink": "https://www.sec.gov/Archives/edgar/data/719955/000119312514129974/d659151d10k.htm"
  },
  {
    "date": "2013-11-03",
    "symbol": "WSM",
    "reportedCurrency": "USD",
    "cik": "0000719955",
    "fillingDate": "2013-12-12",
    "acceptedDate": "2013-12-12 16:05:16",
    "calendarYear": "2013",
    "period": "Q3",
    "revenue": 1051548000,
    "costOfRevenue": 646160000,
    "grossProfit": 405388000,
    "grossProfitRatio": 0.3855154496,
    "researchAndDevelopmentExpenses": 0,
    "generalAndAdministrativeExpenses": 0,
    "sellingAndMarketingExpenses": 0,
    "sellingGeneralAndAdministrativeExpenses": 312894000,
    "otherExpenses": 0,
    "operatingExpenses": 312894000,
    "costAndExpenses": 959054000,
    "interestIncome": 0,
    "interestExpense": 0,
    "depreciationAndAmortization": 37580000,
    "ebitda": 130074000,
    "ebitdaratio": 0.1236976343,
    "operatingIncome": 92494000,
    "operatingIncomeRatio": 0.0879598459,
    "totalOtherIncomeExpensesNet": 103000,
    "incomeBeforeTax": 92597000,
    "incomeBeforeTaxRatio": 0.0880577967,
    "incomeTaxExpense": 35878000,
    "netIncome": 56719000,
    "netIncomeRatio": 0.0539385744,
    "eps": 0.2971043340701707,
    "epsdiluted": 0.28978776452796257,
    "weightedAverageShsOut": 190906000,
    "weightedAverageShsOutDil": 195726000,
    "link": "https://www.sec.gov/Archives/edgar/data/719955/000119312513471753/0001193125-13-471753-index.htm",
    "finalLink": "https://www.sec.gov/Archives/edgar/data/719955/000119312513471753/d613006d10q.htm"
  },
  {
    "date": "2013-08-04",
    "symbol": "WSM",
    "reportedCurrency": "USD",
    "cik": "0000719955",
    "fillingDate": "2013-09-12",
    "acceptedDate": "2013-09-12 16:07:14",
    "calendarYear": "2013",
    "period": "Q2",
    "revenue": 982209000,
    "costOfRevenue": 613285000,
    "grossProfit": 368924000,
    "grossProfitRatio": 0.3756064137,
    "researchAndDevelopmentExpenses": 0,
    "generalAndAdministrativeExpenses": 0,
    "sellingAndMarketingExpenses": 0,
    "sellingGeneralAndAdministrativeExpenses": 290838000,
    "otherExpenses": 0,
    "operatingExpenses": 290838000,
    "costAndExpenses": 904123000,
    "interestIncome": 0,
    "interestExpense": 0,
    "depreciationAndAmortization": 37223000,
    "ebitda": 115309000,
    "ebitdaratio": 0.1173976211,
    "operatingIncome": 78086000,
    "operatingIncomeRatio": 0.0795003915,
    "totalOtherIncomeExpensesNet": 125000,
    "incomeBeforeTax": 78211000,
    "incomeBeforeTaxRatio": 0.0796276556,
    "incomeTaxExpense": 29292000,
    "netIncome": 48919000,
    "netIncomeRatio": 0.0498050822,
    "eps": 0.25244086199067,
    "epsdiluted": 0.24717301454166962,
    "weightedAverageShsOut": 193784000,
    "weightedAverageShsOutDil": 197914000,
    "link": "https://www.sec.gov/Archives/edgar/data/719955/000119312513365277/0001193125-13-365277-index.htm",
    "finalLink": "https://www.sec.gov/Archives/edgar/data/719955/000119312513365277/d559865d10q.htm"
  },
  {
    "date": "2013-05-05",
    "symbol": "WSM",
    "reportedCurrency": "USD",
    "cik": "0000719955",
    "fillingDate": "2013-06-14",
    "acceptedDate": "2013-06-14 16:06:11",
    "calendarYear": "2013",
    "period": "Q1",
    "revenue": 887808000,
    "costOfRevenue": 553623000,
    "grossProfit": 334185000,
    "grossProfitRatio": 0.3764158467,
    "researchAndDevelopmentExpenses": 0,
    "generalAndAdministrativeExpenses": 0,
    "sellingAndMarketingExpenses": 0,
    "sellingGeneralAndAdministrativeExpenses": 270402000,
    "otherExpenses": 0,
    "operatingExpenses": 270402000,
    "costAndExpenses": 824025000,
    "interestIncome": 0,
    "interestExpense": 0,
    "depreciationAndAmortization": 36609000,
    "ebitda": 100392000,
    "ebitdaratio": 0.1130785035,
    "operatingIncome": 63783000,
    "operatingIncomeRatio": 0.0718432364,
    "totalOtherIncomeExpensesNet": 189000,
    "incomeBeforeTax": 63972000,
    "incomeBeforeTaxRatio": 0.0720561202,
    "incomeTaxExpense": 24506000,
    "netIncome": 39466000,
    "netIncomeRatio": 0.0444533052,
    "eps": 0.2019671661344469,
    "epsdiluted": 0.19829171481686178,
    "weightedAverageShsOut": 195408000,
    "weightedAverageShsOutDil": 199030000,
    "link": "https://www.sec.gov/Archives/edgar/data/719955/000119312513259605/0001193125-13-259605-index.htm",
    "finalLink": "https://www.sec.gov/Archives/edgar/data/719955/000119312513259605/d524416d10q.htm"
  },
  {
    "date": "2013-02-03",
    "symbol": "WSM",
    "reportedCurrency": "USD",
    "cik": "0000719955",
    "fillingDate": "2013-04-04",
    "acceptedDate": "2013-04-04 17:02:47",
    "calendarYear": "2012",
    "period": "Q4",
    "revenue": 1406419000,
    "costOfRevenue": 825687000,
    "grossProfit": 580732000,
    "grossProfitRatio": 0.4129153545,
    "researchAndDevelopmentExpenses": 0,
    "generalAndAdministrativeExpenses": 0,
    "sellingAndMarketingExpenses": 0,
    "sellingGeneralAndAdministrativeExpenses": 370291000,
    "otherExpenses": 210441000,
    "operatingExpenses": 580732000,
    "costAndExpenses": 1406419000,
    "interestIncome": 0,
    "interestExpense": 0,
    "depreciationAndAmortization": 35800000,
    "ebitda": 246241000,
    "ebitdaratio": 0.1750836699,
    "operatingIncome": 210441000,
    "operatingIncomeRatio": 0.1496289513,
    "totalOtherIncomeExpensesNet": 261000,
    "incomeBeforeTax": 210702000,
    "incomeBeforeTaxRatio": 0.149814529,
    "incomeTaxExpense": 76968000,
    "netIncome": 133734000,
    "netIncomeRatio": 0.0950883058,
    "eps": 0.6822119063408661,
    "epsdiluted": 0.669011195709812,
    "weightedAverageShsOut": 196030000,
    "weightedAverageShsOutDil": 199898000,
    "link": "https://www.sec.gov/Archives/edgar/data/719955/000119312513142309/0001193125-13-142309-index.htm",
    "finalLink": "https://www.sec.gov/Archives/edgar/data/719955/000119312513142309/d465401d10k.htm"
  },
  {
    "date": "2012-10-28",
    "symbol": "WSM",
    "reportedCurrency": "USD",
    "cik": "0000719955",
    "fillingDate": "2012-12-07",
    "acceptedDate": "2012-12-07 16:08:13",
    "calendarYear": "2012",
    "period": "Q3",
    "revenue": 944554000,
    "costOfRevenue": 576556000,
    "grossProfit": 367998000,
    "grossProfitRatio": 0.3895997476,
    "researchAndDevelopmentExpenses": 0,
    "generalAndAdministrativeExpenses": 0,
    "sellingAndMarketingExpenses": 0,
    "sellingGeneralAndAdministrativeExpenses": 288702000,
    "otherExpenses": 0,
    "operatingExpenses": 288702000,
    "costAndExpenses": 865258000,
    "interestIncome": 0,
    "interestExpense": 0,
    "depreciationAndAmortization": 33335000,
    "ebitda": 112631000,
    "ebitdaratio": 0.1192425208,
    "operatingIncome": 79296000,
    "operatingIncomeRatio": 0.0839507323,
    "totalOtherIncomeExpensesNet": 173000,
    "incomeBeforeTax": 79469000,
    "incomeBeforeTaxRatio": 0.0841338875,
    "incomeTaxExpense": 30569000,
    "netIncome": 48900000,
    "netIncomeRatio": 0.0517704652,
    "eps": 0.24836455243590264,
    "epsdiluted": 0.2434822442191639,
    "weightedAverageShsOut": 196888000,
    "weightedAverageShsOutDil": 200836000,
    "link": "https://www.sec.gov/Archives/edgar/data/719955/000119312512495336/0001193125-12-495336-index.htm",
    "finalLink": "https://www.sec.gov/Archives/edgar/data/719955/000119312512495336/d426549d10q.htm"
  },
  {
    "date": "2012-07-29",
    "symbol": "WSM",
    "reportedCurrency": "USD",
    "cik": "0000719955",
    "fillingDate": "2012-09-07",
    "acceptedDate": "2012-09-07 16:02:15",
    "calendarYear": "2012",
    "period": "Q2",
    "revenue": 874283000,
    "costOfRevenue": 539803000,
    "grossProfit": 334480000,
    "grossProfitRatio": 0.3825763511,
    "researchAndDevelopmentExpenses": 0,
    "generalAndAdministrativeExpenses": 0,
    "sellingAndMarketingExpenses": 0,
    "sellingGeneralAndAdministrativeExpenses": 264377000,
    "otherExpenses": 0,
    "operatingExpenses": 264377000,
    "costAndExpenses": 804180000,
    "interestIncome": 0,
    "interestExpense": 0,
    "depreciationAndAmortization": 32524000,
    "ebitda": 102627000,
    "ebitdaratio": 0.117384188,
    "operatingIncome": 70103000,
    "operatingIncomeRatio": 0.0801834189,
    "totalOtherIncomeExpensesNet": 168000,
    "incomeBeforeTax": 70271000,
    "incomeBeforeTaxRatio": 0.0803755763,
    "incomeTaxExpense": 26891000,
    "netIncome": 43380000,
    "netIncomeRatio": 0.0496178011,
    "eps": 0.21862935822354826,
    "epsdiluted": 0.21514015354401,
    "weightedAverageShsOut": 198418000,
    "weightedAverageShsOutDil": 201636000,
    "link": "https://www.sec.gov/Archives/edgar/data/719955/000119312512384913/0001193125-12-384913-index.htm",
    "finalLink": "https://www.sec.gov/Archives/edgar/data/719955/000119312512384913/d381230d10q.htm"
  },
  {
    "date": "2012-04-29",
    "symbol": "WSM",
    "reportedCurrency": "USD",
    "cik": "0000719955",
    "fillingDate": "2012-06-08",
    "acceptedDate": "2012-06-08 12:30:26",
    "calendarYear": "2012",
    "period": "Q1",
    "revenue": 817614000,
    "costOfRevenue": 508348000,
    "grossProfit": 309266000,
    "grossProfitRatio": 0.3782542863,
    "researchAndDevelopmentExpenses": 0,
    "generalAndAdministrativeExpenses": 0,
    "sellingAndMarketingExpenses": 0,
    "sellingGeneralAndAdministrativeExpenses": 259943000,
    "otherExpenses": 0,
    "operatingExpenses": 259943000,
    "costAndExpenses": 768291000,
    "interestIncome": 0,
    "interestExpense": 0,
    "depreciationAndAmortization": 32794000,
    "ebitda": 82117000,
    "ebitdaratio": 0.1004349241,
    "operatingIncome": 49323000,
    "operatingIncomeRatio": 0.0603255326,
    "totalOtherIncomeExpensesNet": 191000,
    "incomeBeforeTax": 49514000,
    "incomeBeforeTaxRatio": 0.0605591392,
    "incomeTaxExpense": 18798000,
    "netIncome": 30716000,
    "netIncomeRatio": 0.0375678499,
    "eps": 0.15331629597093,
    "epsdiluted": 0.15063360665385067,
    "weightedAverageShsOut": 200344000,
    "weightedAverageShsOutDil": 203912000,
    "link": "https://www.sec.gov/Archives/edgar/data/719955/000119312512264683/0001193125-12-264683-index.htm",
    "finalLink": "https://www.sec.gov/Archives/edgar/data/719955/000119312512264683/d337810d10q.htm"
  },
  {
    "date": "2012-01-29",
    "symbol": "WSM",
    "reportedCurrency": "USD",
    "cik": "0000719955",
    "fillingDate": "2012-03-29",
    "acceptedDate": "2012-03-29 17:09:16",
    "calendarYear": "2011",
    "period": "Q4",
    "revenue": 1268144000,
    "costOfRevenue": 744855000,
    "grossProfit": 523289000,
    "grossProfitRatio": 0.4126416243,
    "researchAndDevelopmentExpenses": 0,
    "generalAndAdministrativeExpenses": 0,
    "sellingAndMarketingExpenses": 0,
    "sellingGeneralAndAdministrativeExpenses": 326086000,
    "otherExpenses": 197203000,
    "operatingExpenses": 523289000,
    "costAndExpenses": 1268144000,
    "interestIncome": 0,
    "interestExpense": 0,
    "depreciationAndAmortization": 31780000,
    "ebitda": 229046000,
    "ebitdaratio": 0.1806151352,
    "operatingIncome": 197203000,
    "operatingIncomeRatio": 0.1555052108,
    "totalOtherIncomeExpensesNet": 161000,
    "incomeBeforeTax": 197364000,
    "incomeBeforeTaxRatio": 0.155632168,
    "incomeTaxExpense": 74778000,
    "netIncome": 122586000,
    "netIncomeRatio": 0.0966656783,
    "eps": 0.5873677552897885,
    "epsdiluted": 0.5750783434351016,
    "weightedAverageShsOut": 208704000,
    "weightedAverageShsOutDil": 213164000,
    "link": "https://www.sec.gov/Archives/edgar/data/719955/000119312512140070/0001193125-12-140070-index.htm",
    "finalLink": "https://www.sec.gov/Archives/edgar/data/719955/000119312512140070/d287202d10k.htm"
  },
  {
    "date": "2011-10-30",
    "symbol": "WSM",
    "reportedCurrency": "USD",
    "cik": "0000719955",
    "fillingDate": "2011-12-09",
    "acceptedDate": "2011-12-09 13:07:06",
    "calendarYear": "2011",
    "period": "Q3",
    "revenue": 867176000,
    "costOfRevenue": 535213000,
    "grossProfit": 331963000,
    "grossProfitRatio": 0.3828092567,
    "researchAndDevelopmentExpenses": 0,
    "generalAndAdministrativeExpenses": 0,
    "sellingAndMarketingExpenses": 0,
    "sellingGeneralAndAdministrativeExpenses": 263219000,
    "otherExpenses": 68744000,
    "operatingExpenses": 331963000,
    "costAndExpenses": 867176000,
    "interestIncome": 0,
    "interestExpense": 7000,
    "depreciationAndAmortization": 32874000,
    "ebitda": 101618000,
    "ebitdaratio": 0.1171826711,
    "operatingIncome": 68744000,
    "operatingIncomeRatio": 0.0792734116,
    "totalOtherIncomeExpensesNet": 7000,
    "incomeBeforeTax": 68751000,
    "incomeBeforeTaxRatio": 0.0792814838,
    "incomeTaxExpense": 25330000,
    "netIncome": 43421000,
    "netIncomeRatio": 0.0500717271,
    "eps": 0.20945769939508543,
    "epsdiluted": 0.20535655167847447,
    "weightedAverageShsOut": 207302000,
    "weightedAverageShsOutDil": 211442000,
    "link": "https://www.sec.gov/Archives/edgar/data/719955/000119312511336247/0001193125-11-336247-index.htm",
    "finalLink": "https://www.sec.gov/Archives/edgar/data/719955/000119312511336247/d241494d10q.htm"
  },
  {
    "date": "2011-07-31",
    "symbol": "WSM",
    "reportedCurrency": "USD",
    "cik": "0000719955",
    "fillingDate": "2011-09-09",
    "acceptedDate": "2011-09-09 12:05:38",
    "calendarYear": "2011",
    "period": "Q2",
    "revenue": 814750000,
    "costOfRevenue": 506029000,
    "grossProfit": 308721000,
    "grossProfitRatio": 0.3789150046,
    "researchAndDevelopmentExpenses": 0,
    "generalAndAdministrativeExpenses": 0,
    "sellingAndMarketingExpenses": 0,
    "sellingGeneralAndAdministrativeExpenses": 244636000,
    "otherExpenses": 64085000,
    "operatingExpenses": 308721000,
    "costAndExpenses": 814750000,
    "interestIncome": 0,
    "interestExpense": 0,
    "depreciationAndAmortization": 33021000,
    "ebitda": 97106000,
    "ebitdaratio": 0.1191850261,
    "operatingIncome": 64085000,
    "operatingIncomeRatio": 0.0786560295,
    "totalOtherIncomeExpensesNet": -69000,
    "incomeBeforeTax": 64016000,
    "incomeBeforeTaxRatio": 0.0785713409,
    "incomeTaxExpense": 24707000,
    "netIncome": 39309000,
    "netIncomeRatio": 0.0482467014,
    "eps": 0.18814075258215512,
    "epsdiluted": 0.184089504149261,
    "weightedAverageShsOut": 208934000,
    "weightedAverageShsOutDil": 213532000,
    "link": "https://www.sec.gov/Archives/edgar/data/719955/000119312511244225/0001193125-11-244225-index.htm",
    "finalLink": "https://www.sec.gov/Archives/edgar/data/719955/000119312511244225/d212431d10q.htm"
  },
  {
    "date": "2011-05-01",
    "symbol": "WSM",
    "reportedCurrency": "USD",
    "cik": "0000719955",
    "fillingDate": "2011-06-10",
    "acceptedDate": "2011-06-10 12:42:02",
    "calendarYear": "2011",
    "period": "Q1",
    "revenue": 770825000,
    "costOfRevenue": 474942000,
    "grossProfit": 295883000,
    "grossProfitRatio": 0.383852366,
    "researchAndDevelopmentExpenses": 0,
    "generalAndAdministrativeExpenses": 0,
    "sellingAndMarketingExpenses": 0,
    "sellingGeneralAndAdministrativeExpenses": 244183000,
    "otherExpenses": 51700000,
    "operatingExpenses": 295883000,
    "costAndExpenses": 770825000,
    "interestIncome": 0,
    "interestExpense": 0,
    "depreciationAndAmortization": 32878000,
    "ebitda": 84578000,
    "ebitdaratio": 0.109723997,
    "operatingIncome": 51700000,
    "operatingIncomeRatio": 0.0670709954,
    "totalOtherIncomeExpensesNet": -1000,
    "incomeBeforeTax": 51699000,
    "incomeBeforeTaxRatio": 0.0670696981,
    "incomeTaxExpense": 20084000,
    "netIncome": 31615000,
    "netIncomeRatio": 0.0410144975,
    "eps": 0.15066528145790045,
    "epsdiluted": 0.1474814102982749,
    "weightedAverageShsOut": 209836000,
    "weightedAverageShsOutDil": 214366000,
    "link": "https://www.sec.gov/Archives/edgar/data/719955/000119312511162733/0001193125-11-162733-index.htm",
    "finalLink": "https://www.sec.gov/Archives/edgar/data/719955/000119312511162733/d10q.htm"
  },
  {
    "date": "2011-01-30",
    "symbol": "WSM",
    "reportedCurrency": "USD",
    "cik": "0000719955",
    "fillingDate": "2011-03-31",
    "acceptedDate": "2011-03-31 17:06:31",
    "calendarYear": "2010",
    "period": "Q4",
    "revenue": 1195451000,
    "costOfRevenue": 690158000,
    "grossProfit": 505293000,
    "grossProfitRatio": 0.4226798087,
    "researchAndDevelopmentExpenses": 0,
    "generalAndAdministrativeExpenses": 0,
    "sellingAndMarketingExpenses": 0,
    "sellingGeneralAndAdministrativeExpenses": 321699000,
    "otherExpenses": 183594000,
    "operatingExpenses": 505293000,
    "costAndExpenses": 1195451000,
    "interestIncome": 0,
    "interestExpense": 0,
    "depreciationAndAmortization": 36125000,
    "ebitda": 219719000,
    "ebitdaratio": 0.1837959063,
    "operatingIncome": 183594000,
    "operatingIncomeRatio": 0.1535771855,
    "totalOtherIncomeExpensesNet": -25000,
    "incomeBeforeTax": 183569000,
    "incomeBeforeTaxRatio": 0.1535562729,
    "incomeTaxExpense": 70169000,
    "netIncome": 113400000,
    "netIncomeRatio": 0.0948595969,
    "eps": 0.5301245371928643,
    "epsdiluted": 0.5177042055477439,
    "weightedAverageShsOut": 213912000,
    "weightedAverageShsOutDil": 219044000,
    "link": "https://www.sec.gov/Archives/edgar/data/719955/000119312511085046/0001193125-11-085046-index.htm",
    "finalLink": "https://www.sec.gov/Archives/edgar/data/719955/000119312511085046/d10k.htm"
  },
  {
    "date": "2010-10-31",
    "symbol": "WSM",
    "reportedCurrency": "USD",
    "cik": "0000719955",
    "fillingDate": "2010-12-10",
    "acceptedDate": "2010-12-10 12:28:24",
    "calendarYear": "2010",
    "period": "Q3",
    "revenue": 815516000,
    "costOfRevenue": 504235000,
    "grossProfit": 311281000,
    "grossProfitRatio": 0.3816982132,
    "researchAndDevelopmentExpenses": 0,
    "generalAndAdministrativeExpenses": 0,
    "sellingAndMarketingExpenses": 0,
    "sellingGeneralAndAdministrativeExpenses": 255119000,
    "otherExpenses": 56162000,
    "operatingExpenses": 311281000,
    "costAndExpenses": 815516000,
    "interestIncome": 78000,
    "interestExpense": 0,
    "depreciationAndAmortization": 34623000,
    "ebitda": 90707000,
    "ebitdaratio": 0.1112265118,
    "operatingIncome": 56162000,
    "operatingIncomeRatio": 0.0688668279,
    "totalOtherIncomeExpensesNet": -78000,
    "incomeBeforeTax": 56084000,
    "incomeBeforeTaxRatio": 0.0687711829,
    "incomeTaxExpense": 19554000,
    "netIncome": 36530000,
    "netIncomeRatio": 0.0447937257,
    "eps": 0.17206458663049212,
    "epsdiluted": 0.16771036103867484,
    "weightedAverageShsOut": 212304000,
    "weightedAverageShsOutDil": 217816000,
    "link": "https://www.sec.gov/Archives/edgar/data/719955/000119312510278135/0001193125-10-278135-index.htm",
    "finalLink": "https://www.sec.gov/Archives/edgar/data/719955/000119312510278135/d10q.htm"
  },
  {
    "date": "2010-08-01",
    "symbol": "WSM",
    "reportedCurrency": "USD",
    "cik": "0000719955",
    "fillingDate": "2010-09-10",
    "acceptedDate": "2010-09-10 17:07:58",
    "calendarYear": "2010",
    "period": "Q2",
    "revenue": 775554000,
    "costOfRevenue": 488827000,
    "grossProfit": 286727000,
    "grossProfitRatio": 0.3697060424,
    "researchAndDevelopmentExpenses": 0,
    "generalAndAdministrativeExpenses": 0,
    "sellingAndMarketingExpenses": 0,
    "sellingGeneralAndAdministrativeExpenses": 235530000,
    "otherExpenses": 51197000,
    "operatingExpenses": 286727000,
    "costAndExpenses": 775554000,
    "interestIncome": 0,
    "interestExpense": 0,
    "depreciationAndAmortization": 34880000,
    "ebitda": 86077000,
    "ebitdaratio": 0.1109877584,
    "operatingIncome": 51197000,
    "operatingIncomeRatio": 0.0660134562,
    "totalOtherIncomeExpensesNet": -123000,
    "incomeBeforeTax": 51074000,
    "incomeBeforeTaxRatio": 0.0658548599,
    "incomeTaxExpense": 20315000,
    "netIncome": 30759000,
    "netIncomeRatio": 0.0396606813,
    "eps": 0.1428418843110302,
    "epsdiluted": 0.13952950355639426,
    "weightedAverageShsOut": 215336000,
    "weightedAverageShsOutDil": 220448000,
    "link": "https://www.sec.gov/Archives/edgar/data/719955/000119312510208171/0001193125-10-208171-index.htm",
    "finalLink": "https://www.sec.gov/Archives/edgar/data/719955/000119312510208171/d10q.htm"
  },
  {
    "date": "2010-05-02",
    "symbol": "WSM",
    "reportedCurrency": "USD",
    "cik": "0000719955",
    "fillingDate": "2010-06-11",
    "acceptedDate": "2010-06-11 10:37:15",
    "calendarYear": "2010",
    "period": "Q1",
    "revenue": 717637000,
    "costOfRevenue": 447079000,
    "grossProfit": 270558000,
    "grossProfitRatio": 0.3770123335,
    "researchAndDevelopmentExpenses": 0,
    "generalAndAdministrativeExpenses": 0,
    "sellingAndMarketingExpenses": 0,
    "sellingGeneralAndAdministrativeExpenses": 238097000,
    "otherExpenses": 32461000,
    "operatingExpenses": 270558000,
    "costAndExpenses": 717637000,
    "interestIncome": 0,
    "interestExpense": 0,
    "depreciationAndAmortization": 39002000,
    "ebitda": 71463000,
    "ebitdaratio": 0.0995809859,
    "operatingIncome": 32461000,
    "operatingIncomeRatio": 0.045233175,
    "totalOtherIncomeExpensesNet": -128000,
    "incomeBeforeTax": 32333000,
    "incomeBeforeTaxRatio": 0.0450548118,
    "incomeTaxExpense": 12795000,
    "netIncome": 19538000,
    "netIncomeRatio": 0.0272254636,
    "eps": 0.09118912712710844,
    "epsdiluted": 0.08910150585102017,
    "weightedAverageShsOut": 214258000,
    "weightedAverageShsOutDil": 219278000,
    "link": "https://www.sec.gov/Archives/edgar/data/719955/000119312510137676/0001193125-10-137676-index.htm",
    "finalLink": "https://www.sec.gov/Archives/edgar/data/719955/000119312510137676/d10q.htm"
  },
  {
    "date": "2010-01-31",
    "symbol": "WSM",
    "reportedCurrency": "USD",
    "cik": "0000719955",
    "fillingDate": "2010-04-01",
    "acceptedDate": "2010-04-01 16:56:18",
    "calendarYear": "2009",
    "period": "Q4",
    "revenue": 1089678000,
    "costOfRevenue": 638597000,
    "grossProfit": 451081000,
    "grossProfitRatio": 0.4139580683,
    "researchAndDevelopmentExpenses": 0,
    "generalAndAdministrativeExpenses": 0,
    "sellingAndMarketingExpenses": 0,
    "sellingGeneralAndAdministrativeExpenses": 310290000,
    "otherExpenses": 140791000,
    "operatingExpenses": 451081000,
    "costAndExpenses": 1089678000,
    "interestIncome": 85000,
    "interestExpense": 248000,
    "depreciationAndAmortization": 38212000,
    "ebitda": 179088000,
    "ebitdaratio": 0.1643494684,
    "operatingIncome": 140791000,
    "operatingIncomeRatio": 0.1292042236,
    "totalOtherIncomeExpensesNet": -163000,
    "incomeBeforeTax": 140628000,
    "incomeBeforeTaxRatio": 0.1290546382,
    "incomeTaxExpense": 52207000,
    "netIncome": 88421000,
    "netIncomeRatio": 0.0811441545,
    "eps": 0.4180148066904305,
    "epsdiluted": 0.4117469009900068,
    "weightedAverageShsOut": 211526000,
    "weightedAverageShsOutDil": 214746000,
    "link": "https://www.sec.gov/Archives/edgar/data/719955/000119312510075151/0001193125-10-075151-index.htm",
    "finalLink": "https://www.sec.gov/Archives/edgar/data/719955/000119312510075151/d10k.htm"
  },
  {
    "date": "2009-11-01",
    "symbol": "WSM",
    "reportedCurrency": "USD",
    "cik": "0000719955",
    "fillingDate": "2009-12-11",
    "acceptedDate": "2009-12-11 12:34:09",
    "calendarYear": "2009",
    "period": "Q3",
    "revenue": 729297000,
    "costOfRevenue": 476445000,
    "grossProfit": 252852000,
    "grossProfitRatio": 0.3467064858,
    "researchAndDevelopmentExpenses": 0,
    "generalAndAdministrativeExpenses": 0,
    "sellingAndMarketingExpenses": 0,
    "sellingGeneralAndAdministrativeExpenses": 243396000,
    "otherExpenses": 9456000,
    "operatingExpenses": 252852000,
    "costAndExpenses": 729297000,
    "interestIncome": 47000,
    "interestExpense": 388000,
    "depreciationAndAmortization": 38973000,
    "ebitda": 48429000,
    "ebitdaratio": 0.0664050449,
    "operatingIncome": 9456000,
    "operatingIncomeRatio": 0.012965911,
    "totalOtherIncomeExpensesNet": -341000,
    "incomeBeforeTax": 9115000,
    "incomeBeforeTaxRatio": 0.0124983374,
    "incomeTaxExpense": 1788000,
    "netIncome": 7327000,
    "netIncomeRatio": 0.0100466614,
    "eps": 0.03462109112902464,
    "epsdiluted": 0.03372581150000921,
    "weightedAverageShsOut": 211634000,
    "weightedAverageShsOutDil": 217252000,
    "link": "https://www.sec.gov/Archives/edgar/data/719955/000119312509251310/0001193125-09-251310-index.htm",
    "finalLink": "https://www.sec.gov/Archives/edgar/data/719955/000119312509251310/d10q.htm"
  },
  {
    "date": "2009-08-02",
    "symbol": "WSM",
    "reportedCurrency": "USD",
    "cik": "0000719955",
    "fillingDate": "2009-09-11",
    "acceptedDate": "2009-09-11 12:29:32",
    "calendarYear": "2009",
    "period": "Q2",
    "revenue": 672114000,
    "costOfRevenue": 456773000,
    "grossProfit": 215341000,
    "grossProfitRatio": 0.3203935642,
    "researchAndDevelopmentExpenses": 0,
    "generalAndAdministrativeExpenses": 0,
    "sellingAndMarketingExpenses": 0,
    "sellingGeneralAndAdministrativeExpenses": 214906000,
    "otherExpenses": 435000,
    "operatingExpenses": 215341000,
    "costAndExpenses": 672114000,
    "interestIncome": 55000,
    "interestExpense": 433000,
    "depreciationAndAmortization": 38292000,
    "ebitda": 38727000,
    "ebitdaratio": 0.0576196895,
    "operatingIncome": 435000,
    "operatingIncomeRatio": 0.0006472116,
    "totalOtherIncomeExpensesNet": -378000,
    "incomeBeforeTax": 57000,
    "incomeBeforeTaxRatio": 0.000084807,
    "incomeTaxExpense": -342000,
    "netIncome": 399000,
    "netIncomeRatio": 0.0005936493,
    "eps": 0.0018870780086833966,
    "epsdiluted": 0.0018639111302121776,
    "weightedAverageShsOut": 211438000,
    "weightedAverageShsOutDil": 214066000,
    "link": "https://www.sec.gov/Archives/edgar/data/719955/000119312509190459/0001193125-09-190459-index.htm",
    "finalLink": "https://www.sec.gov/Archives/edgar/data/719955/000119312509190459/d10q.htm"
  },
  {
    "date": "2009-05-03",
    "symbol": "WSM",
    "reportedCurrency": "USD",
    "cik": "0000719955",
    "fillingDate": "2009-06-12",
    "acceptedDate": "2009-06-12 12:55:04",
    "calendarYear": "2009",
    "period": "Q1",
    "revenue": 611615000,
    "costOfRevenue": 427652000,
    "grossProfit": 183963000,
    "grossProfitRatio": 0.3007823549,
    "researchAndDevelopmentExpenses": 0,
    "generalAndAdministrativeExpenses": 0,
    "sellingAndMarketingExpenses": 0,
    "sellingGeneralAndAdministrativeExpenses": 213204000,
    "otherExpenses": -29241000,
    "operatingExpenses": 183963000,
    "costAndExpenses": 611615000,
    "interestIncome": 48000,
    "interestExpense": 318000,
    "depreciationAndAmortization": 36319000,
    "ebitda": 7078000,
    "ebitdaratio": 0.0115726397,
    "operatingIncome": -29241000,
    "operatingIncomeRatio": -0.047809488,
    "totalOtherIncomeExpensesNet": -270000,
    "incomeBeforeTax": -29511000,
    "incomeBeforeTaxRatio": -0.0482509422,
    "incomeTaxExpense": -10806000,
    "netIncome": -18705000,
    "netIncomeRatio": -0.0305829648,
    "eps": -0.08850750929790194,
    "epsdiluted": -0.08850750929790194,
    "weightedAverageShsOut": 211338000,
    "weightedAverageShsOutDil": 211338000,
    "link": "https://www.sec.gov/Archives/edgar/data/719955/000119312509129958/0001193125-09-129958-index.htm",
    "finalLink": "https://www.sec.gov/Archives/edgar/data/719955/000119312509129958/d10q.htm"
  },
  {
    "date": "2009-02-01",
    "symbol": "WSM",
    "reportedCurrency": "USD",
    "cik": "0000719955",
    "fillingDate": "2009-04-02",
    "acceptedDate": "2009-04-02 17:21:01",
    "calendarYear": "2008",
    "period": "Q4",
    "revenue": 1008015000,
    "costOfRevenue": 668389000,
    "grossProfit": 339626000,
    "grossProfitRatio": 0.3369255418,
    "researchAndDevelopmentExpenses": 0,
    "generalAndAdministrativeExpenses": 0,
    "sellingAndMarketingExpenses": 0,
    "sellingGeneralAndAdministrativeExpenses": 320401000,
    "otherExpenses": 19225000,
    "operatingExpenses": 339626000,
    "costAndExpenses": 1008015000,
    "interestIncome": 0,
    "interestExpense": 0,
    "depreciationAndAmortization": 37395000,
    "ebitda": 57900000,
    "ebitdaratio": 0.0574396214,
    "operatingIncome": 19225000,
    "operatingIncomeRatio": 0.0190721368,
    "totalOtherIncomeExpensesNet": -31000,
    "incomeBeforeTax": 19194000,
    "incomeBeforeTaxRatio": 0.0190413833,
    "incomeTaxExpense": 7003000,
    "netIncome": 12191000,
    "netIncomeRatio": 0.0120940661,
    "eps": 0.057760826305316024,
    "epsdiluted": 0.05703125,
    "weightedAverageShsOut": 211060000,
    "weightedAverageShsOutDil": 213760000,
    "link": "https://www.sec.gov/Archives/edgar/data/719955/000119312509071708/0001193125-09-071708-index.htm",
    "finalLink": "https://www.sec.gov/Archives/edgar/data/719955/000119312509071708/d10k.htm"
  },
  {
    "date": "2008-11-02",
    "symbol": "WSM",
    "reportedCurrency": "USD",
    "cik": "0000719955",
    "fillingDate": "2008-12-12",
    "acceptedDate": "2008-12-12 14:17:47",
    "calendarYear": "2008",
    "period": "Q3",
    "revenue": 752052000,
    "costOfRevenue": 511572000,
    "grossProfit": 240480000,
    "grossProfitRatio": 0.3197651226,
    "researchAndDevelopmentExpenses": 0,
    "generalAndAdministrativeExpenses": 0,
    "sellingAndMarketingExpenses": 0,
    "sellingGeneralAndAdministrativeExpenses": 259858000,
    "otherExpenses": -19378000,
    "operatingExpenses": 240480000,
    "costAndExpenses": 752052000,
    "interestIncome": 223000,
    "interestExpense": 381000,
    "depreciationAndAmortization": 36982000,
    "ebitda": 17827000,
    "ebitdaratio": 0.0237044779,
    "operatingIncome": -19378000,
    "operatingIncomeRatio": -0.0257668353,
    "totalOtherIncomeExpensesNet": -158000,
    "incomeBeforeTax": -19536000,
    "incomeBeforeTaxRatio": -0.0259769271,
    "incomeTaxExpense": -8538000,
    "netIncome": -10998000,
    "netIncomeRatio": -0.0146239888,
    "eps": -0.05205661002508638,
    "epsdiluted": -0.05205661002508638,
    "weightedAverageShsOut": 211270000,
    "weightedAverageShsOutDil": 211270000,
    "link": "https://www.sec.gov/Archives/edgar/data/719955/000119312508252672/0001193125-08-252672-index.htm",
    "finalLink": "https://www.sec.gov/Archives/edgar/data/719955/000119312508252672/d10q.htm"
  },
  {
    "date": "2008-08-03",
    "symbol": "WSM",
    "reportedCurrency": "USD",
    "cik": "0000719955",
    "fillingDate": "2008-09-12",
    "acceptedDate": "2008-09-12 10:02:35",
    "calendarYear": "2008",
    "period": "Q2",
    "revenue": 819621000,
    "costOfRevenue": 540774000,
    "grossProfit": 278847000,
    "grossProfitRatio": 0.3402145626,
    "researchAndDevelopmentExpenses": 0,
    "generalAndAdministrativeExpenses": 0,
    "sellingAndMarketingExpenses": 0,
    "sellingGeneralAndAdministrativeExpenses": 253424000,
    "otherExpenses": 25423000,
    "operatingExpenses": 278847000,
    "costAndExpenses": 819621000,
    "interestIncome": 187000,
    "interestExpense": 377000,
    "depreciationAndAmortization": 36574000,
    "ebitda": 62184000,
    "ebitdaratio": 0.0758692127,
    "operatingIncome": 25423000,
    "operatingIncomeRatio": 0.0310179949,
    "totalOtherIncomeExpensesNet": -190000,
    "incomeBeforeTax": 25233000,
    "incomeBeforeTaxRatio": 0.0307861804,
    "incomeTaxExpense": 6849000,
    "netIncome": 18384000,
    "netIncomeRatio": 0.0224298792,
    "eps": 0.08707761389149402,
    "epsdiluted": 0.08589851415755537,
    "weightedAverageShsOut": 211122000,
    "weightedAverageShsOutDil": 214020000,
    "link": "https://www.sec.gov/Archives/edgar/data/719955/000119312508195046/0001193125-08-195046-index.htm",
    "finalLink": "https://www.sec.gov/Archives/edgar/data/719955/000119312508195046/d10q.htm"
  },
  {
    "date": "2008-05-04",
    "symbol": "WSM",
    "reportedCurrency": "USD",
    "cik": "0000719955",
    "fillingDate": "2008-06-11",
    "acceptedDate": "2008-06-11 17:03:21",
    "calendarYear": "2008",
    "period": "Q1",
    "revenue": 781784000,
    "costOfRevenue": 505565000,
    "grossProfit": 276219000,
    "grossProfitRatio": 0.3533188195,
    "researchAndDevelopmentExpenses": 0,
    "generalAndAdministrativeExpenses": 0,
    "sellingAndMarketingExpenses": 0,
    "sellingGeneralAndAdministrativeExpenses": 259336000,
    "otherExpenses": 16883000,
    "operatingExpenses": 276219000,
    "costAndExpenses": 781784000,
    "interestIncome": 577000,
    "interestExpense": 398000,
    "depreciationAndAmortization": 37132000,
    "ebitda": 54592000,
    "ebitdaratio": 0.0698300298,
    "operatingIncome": 16883000,
    "operatingIncomeRatio": 0.0215954791,
    "totalOtherIncomeExpensesNet": 179000,
    "incomeBeforeTax": 17062000,
    "incomeBeforeTaxRatio": 0.0218244426,
    "incomeTaxExpense": 6615000,
    "netIncome": 10447000,
    "netIncomeRatio": 0.0133630261,
    "eps": 0.049558823529411766,
    "epsdiluted": 0.04876580092238176,
    "weightedAverageShsOut": 210800000,
    "weightedAverageShsOutDil": 214228000,
    "link": "https://www.sec.gov/Archives/edgar/data/719955/000119312508132099/0001193125-08-132099-index.htm",
    "finalLink": "https://www.sec.gov/Archives/edgar/data/719955/000119312508132099/d10q.htm"
  },
  {
    "date": "2008-02-03",
    "symbol": "WSM",
    "reportedCurrency": "USD",
    "cik": "0000719955",
    "fillingDate": "2008-04-03",
    "acceptedDate": "2008-04-03 17:17:25",
    "calendarYear": "2007",
    "period": "Q4",
    "revenue": 1374355000,
    "costOfRevenue": 802530000,
    "grossProfit": 571825000,
    "grossProfitRatio": 0.4160679009,
    "researchAndDevelopmentExpenses": 0,
    "generalAndAdministrativeExpenses": 0,
    "sellingAndMarketingExpenses": 0,
    "sellingGeneralAndAdministrativeExpenses": 374606000,
    "otherExpenses": 197219000,
    "operatingExpenses": 571825000,
    "costAndExpenses": 1374355000,
    "interestIncome": 0,
    "interestExpense": 0,
    "depreciationAndAmortization": 30020000,
    "ebitda": 227239000,
    "ebitdaratio": 0.1653422878,
    "operatingIncome": 197219000,
    "operatingIncomeRatio": 0.1434993142,
    "totalOtherIncomeExpensesNet": 667000,
    "incomeBeforeTax": 197886000,
    "incomeBeforeTaxRatio": 0.1439846328,
    "incomeTaxExpense": 73322000,
    "netIncome": 124564000,
    "netIncomeRatio": 0.0906345158,
    "eps": 0.5699669634767967,
    "epsdiluted": 0.558848600680144,
    "weightedAverageShsOut": 218546000,
    "weightedAverageShsOutDil": 222894000,
    "link": "https://www.sec.gov/Archives/edgar/data/719955/000119312508074283/0001193125-08-074283-index.htm",
    "finalLink": "https://www.sec.gov/Archives/edgar/data/719955/000119312508074283/d10k.htm"
  },
  {
    "date": "2007-10-28",
    "symbol": "WSM",
    "reportedCurrency": "USD",
    "cik": "0000719955",
    "fillingDate": "2007-12-07",
    "acceptedDate": "2007-12-07 12:37:21",
    "calendarYear": "2007",
    "period": "Q3",
    "revenue": 895132000,
    "costOfRevenue": 553051000,
    "grossProfit": 342081000,
    "grossProfitRatio": 0.382157045,
    "researchAndDevelopmentExpenses": 0,
    "generalAndAdministrativeExpenses": 0,
    "sellingAndMarketingExpenses": 0,
    "sellingGeneralAndAdministrativeExpenses": 297212000,
    "otherExpenses": 44869000,
    "operatingExpenses": 342081000,
    "costAndExpenses": 895132000,
    "interestIncome": 0,
    "interestExpense": 0,
    "depreciationAndAmortization": 47791000,
    "ebitda": 92660000,
    "ebitdaratio": 0.1035154592,
    "operatingIncome": 44869000,
    "operatingIncomeRatio": 0.0501255681,
    "totalOtherIncomeExpensesNet": -190000,
    "incomeBeforeTax": 44679000,
    "incomeBeforeTaxRatio": 0.0499133089,
    "incomeTaxExpense": 17602000,
    "netIncome": 27077000,
    "netIncomeRatio": 0.03024917,
    "eps": 0.125,
    "epsdiluted": 0.12264356049968747,
    "weightedAverageShsOut": 216616000,
    "weightedAverageShsOutDil": 220778000,
    "link": "https://www.sec.gov/Archives/edgar/data/719955/000119312507261105/0001193125-07-261105-index.htm",
    "finalLink": "https://www.sec.gov/Archives/edgar/data/719955/000119312507261105/d10q.htm"
  },
  {
    "date": "2007-07-29",
    "symbol": "WSM",
    "reportedCurrency": "USD",
    "cik": "0000719955",
    "fillingDate": "2007-09-07",
    "acceptedDate": "2007-09-07 13:55:41",
    "calendarYear": "2007",
    "period": "Q2",
    "revenue": 859396000,
    "costOfRevenue": 539301000,
    "grossProfit": 320095000,
    "grossProfitRatio": 0.3724650801,
    "researchAndDevelopmentExpenses": 0,
    "generalAndAdministrativeExpenses": 0,
    "sellingAndMarketingExpenses": 0,
    "sellingGeneralAndAdministrativeExpenses": 277227000,
    "otherExpenses": 42868000,
    "operatingExpenses": 320095000,
    "costAndExpenses": 859396000,
    "interestIncome": 0,
    "interestExpense": 0,
    "depreciationAndAmortization": 27266000,
    "ebitda": 70134000,
    "ebitdaratio": 0.0816084785,
    "operatingIncome": 42868000,
    "operatingIncomeRatio": 0.0498815447,
    "totalOtherIncomeExpensesNet": 526000,
    "incomeBeforeTax": 43394000,
    "incomeBeforeTaxRatio": 0.0504936025,
    "incomeTaxExpense": 17428000,
    "netIncome": 25966000,
    "netIncomeRatio": 0.0302142435,
    "eps": 0.11815186924392997,
    "epsdiluted": 0.11589687739908232,
    "weightedAverageShsOut": 219768000,
    "weightedAverageShsOutDil": 224044000,
    "link": "https://www.sec.gov/Archives/edgar/data/719955/000119312507197246/0001193125-07-197246-index.htm",
    "finalLink": "https://www.sec.gov/Archives/edgar/data/719955/000119312507197246/d10q.htm"
  },
  {
    "date": "2007-04-29",
    "symbol": "WSM",
    "reportedCurrency": "USD",
    "cik": "0000719955",
    "fillingDate": "2007-06-08",
    "acceptedDate": "2007-06-08 15:58:36",
    "calendarYear": "2007",
    "period": "Q1",
    "revenue": 816051000,
    "costOfRevenue": 514081000,
    "grossProfit": 301970000,
    "grossProfitRatio": 0.3700381471,
    "researchAndDevelopmentExpenses": 0,
    "generalAndAdministrativeExpenses": 0,
    "sellingAndMarketingExpenses": 0,
    "sellingGeneralAndAdministrativeExpenses": 273528000,
    "otherExpenses": 28442000,
    "operatingExpenses": 301970000,
    "costAndExpenses": 816051000,
    "interestIncome": 0,
    "interestExpense": 0,
    "depreciationAndAmortization": 27588000,
    "ebitda": 56030000,
    "ebitdaratio": 0.0686599244,
    "operatingIncome": 28442000,
    "operatingIncomeRatio": 0.0348532138,
    "totalOtherIncomeExpensesNet": 1939000,
    "incomeBeforeTax": 30381000,
    "incomeBeforeTaxRatio": 0.0372292908,
    "incomeTaxExpense": 12231000,
    "netIncome": 18150000,
    "netIncomeRatio": 0.022241257,
    "eps": 0.08247300883347268,
    "epsdiluted": 0.08077077121623426,
    "weightedAverageShsOut": 220072000,
    "weightedAverageShsOutDil": 224710000,
    "link": "https://www.sec.gov/Archives/edgar/data/719955/000119312507132556/0001193125-07-132556-index.htm",
    "finalLink": "https://www.sec.gov/Archives/edgar/data/719955/000119312507132556/d10q.htm"
  },
  {
    "date": "2007-01-28",
    "symbol": "WSM",
    "reportedCurrency": "USD",
    "cik": "0000719955",
    "fillingDate": "2007-03-29",
    "acceptedDate": "2007-03-29 16:40:34",
    "calendarYear": "2006",
    "period": "Q4",
    "revenue": 1254933000,
    "costOfRevenue": 713365000,
    "grossProfit": 541568000,
    "grossProfitRatio": 0.4315513258,
    "researchAndDevelopmentExpenses": 0,
    "generalAndAdministrativeExpenses": 0,
    "sellingAndMarketingExpenses": 0,
    "sellingGeneralAndAdministrativeExpenses": 346331000,
    "otherExpenses": 195237000,
    "operatingExpenses": 541568000,
    "costAndExpenses": 1254933000,
    "interestIncome": 0,
    "interestExpense": 0,
    "depreciationAndAmortization": 28306000,
    "ebitda": 223543000,
    "ebitdaratio": 0.1781314222,
    "operatingIncome": 195237000,
    "operatingIncomeRatio": 0.1555756363,
    "totalOtherIncomeExpensesNet": 2058000,
    "incomeBeforeTax": 197295000,
    "incomeBeforeTaxRatio": 0.1572155645,
    "incomeTaxExpense": 76231000,
    "netIncome": 121064000,
    "netIncomeRatio": 0.0964704889,
    "eps": 0.5308893176635678,
    "epsdiluted": 0.5183732540912711,
    "weightedAverageShsOut": 228040000,
    "weightedAverageShsOutDil": 233546000,
    "link": "https://www.sec.gov/Archives/edgar/data/719955/000119312507068798/0001193125-07-068798-index.htm",
    "finalLink": "https://www.sec.gov/Archives/edgar/data/719955/000119312507068798/d10k.htm"
  },
  {
    "date": "2006-10-29",
    "symbol": "WSM",
    "reportedCurrency": "USD",
    "cik": "0000719955",
    "fillingDate": "2006-12-08",
    "acceptedDate": "2006-12-08 13:25:59",
    "calendarYear": "2006",
    "period": "Q3",
    "revenue": 852758000,
    "costOfRevenue": 527020000,
    "grossProfit": 325738000,
    "grossProfitRatio": 0.381981758,
    "researchAndDevelopmentExpenses": 0,
    "generalAndAdministrativeExpenses": 0,
    "sellingAndMarketingExpenses": 0,
    "sellingGeneralAndAdministrativeExpenses": 282412000,
    "otherExpenses": 43326000,
    "operatingExpenses": 325738000,
    "costAndExpenses": 852758000,
    "interestIncome": 0,
    "interestExpense": 0,
    "depreciationAndAmortization": 26498000,
    "ebitda": 69824000,
    "ebitdaratio": 0.0818802052,
    "operatingIncome": 43326000,
    "operatingIncomeRatio": 0.0508069112,
    "totalOtherIncomeExpensesNet": 1318000,
    "incomeBeforeTax": 44644000,
    "incomeBeforeTaxRatio": 0.0523524845,
    "incomeTaxExpense": 15502000,
    "netIncome": 29142000,
    "netIncomeRatio": 0.0341738219,
    "eps": 0.12864180527598262,
    "epsdiluted": 0.125775794352994,
    "weightedAverageShsOut": 226536000,
    "weightedAverageShsOutDil": 231698000,
    "link": "https://www.sec.gov/Archives/edgar/data/719955/000119312506249399/0001193125-06-249399-index.htm",
    "finalLink": "https://www.sec.gov/Archives/edgar/data/719955/000119312506249399/d10q.htm"
  },
  {
    "date": "2006-07-30",
    "symbol": "WSM",
    "reportedCurrency": "USD",
    "cik": "0000719955",
    "fillingDate": "2006-09-08",
    "acceptedDate": "2006-09-08 13:45:56",
    "calendarYear": "2006",
    "period": "Q2",
    "revenue": 825536000,
    "costOfRevenue": 510976000,
    "grossProfit": 314560000,
    "grossProfitRatio": 0.3810372897,
    "researchAndDevelopmentExpenses": 0,
    "generalAndAdministrativeExpenses": 0,
    "sellingAndMarketingExpenses": 0,
    "sellingGeneralAndAdministrativeExpenses": 260312000,
    "otherExpenses": 54248000,
    "operatingExpenses": 314560000,
    "costAndExpenses": 825536000,
    "interestIncome": 0,
    "interestExpense": 0,
    "depreciationAndAmortization": 26046000,
    "ebitda": 80294000,
    "ebitdaratio": 0.0972628692,
    "operatingIncome": 54248000,
    "operatingIncomeRatio": 0.0657124583,
    "totalOtherIncomeExpensesNet": 3514000,
    "incomeBeforeTax": 57762000,
    "incomeBeforeTaxRatio": 0.0699690868,
    "incomeTaxExpense": 22199000,
    "netIncome": 35563000,
    "netIncomeRatio": 0.0430786786,
    "eps": 0.15458678907377463,
    "epsdiluted": 0.1510439672454215,
    "weightedAverageShsOut": 230052000,
    "weightedAverageShsOutDil": 235448000,
    "link": "https://www.sec.gov/Archives/edgar/data/719955/000119312506187692/0001193125-06-187692-index.htm",
    "finalLink": "https://www.sec.gov/Archives/edgar/data/719955/000119312506187692/d10q.htm"
  },
  {
    "date": "2006-04-30",
    "symbol": "WSM",
    "reportedCurrency": "USD",
    "cik": "0000719955",
    "fillingDate": "2006-06-09",
    "acceptedDate": "2006-06-09 13:39:10",
    "calendarYear": "2006",
    "period": "Q1",
    "revenue": 794286000,
    "costOfRevenue": 488865000,
    "grossProfit": 305421000,
    "grossProfitRatio": 0.3845227034,
    "researchAndDevelopmentExpenses": 0,
    "generalAndAdministrativeExpenses": 0,
    "sellingAndMarketingExpenses": 0,
    "sellingGeneralAndAdministrativeExpenses": 270731000,
    "otherExpenses": 34690000,
    "operatingExpenses": 305421000,
    "costAndExpenses": 794286000,
    "interestIncome": 0,
    "interestExpense": 0,
    "depreciationAndAmortization": 25498000,
    "ebitda": 60188000,
    "ebitdaratio": 0.0757762317,
    "operatingIncome": 34690000,
    "operatingIncomeRatio": 0.0436744447,
    "totalOtherIncomeExpensesNet": 2795000,
    "incomeBeforeTax": 37485000,
    "incomeBeforeTaxRatio": 0.0471933283,
    "incomeTaxExpense": 14386000,
    "netIncome": 23099000,
    "netIncomeRatio": 0.0290814644,
    "eps": 0.10057648933668893,
    "epsdiluted": 0.09808575869009503,
    "weightedAverageShsOut": 229666000,
    "weightedAverageShsOutDil": 235498000,
    "link": "https://www.sec.gov/Archives/edgar/data/719955/000119312506127450/0001193125-06-127450-index.htm",
    "finalLink": "https://www.sec.gov/Archives/edgar/data/719955/000119312506127450/d10q.htm"
  },
  {
    "date": "2006-01-29",
    "symbol": "WSM",
    "reportedCurrency": "USD",
    "cik": "0000719955",
    "fillingDate": "2006-04-07",
    "acceptedDate": "2006-04-07 17:14:30",
    "calendarYear": "2005",
    "period": "Q4",
    "revenue": 1214397000,
    "costOfRevenue": 684749000,
    "grossProfit": 529648000,
    "grossProfitRatio": 0.4361407349,
    "researchAndDevelopmentExpenses": 0,
    "generalAndAdministrativeExpenses": 0,
    "sellingAndMarketingExpenses": 0,
    "sellingGeneralAndAdministrativeExpenses": 336818000,
    "otherExpenses": 192830000,
    "operatingExpenses": 529648000,
    "costAndExpenses": 1214397000,
    "interestIncome": 0,
    "interestExpense": 0,
    "depreciationAndAmortization": 25262000,
    "ebitda": 218092000,
    "ebitdaratio": 0.1795887177,
    "operatingIncome": 192830000,
    "operatingIncomeRatio": 0.1587866241,
    "totalOtherIncomeExpensesNet": 2086000,
    "incomeBeforeTax": 194916000,
    "incomeBeforeTaxRatio": 0.1605043491,
    "incomeTaxExpense": 74132000,
    "netIncome": 120784000,
    "netIncomeRatio": 0.0994600612,
    "eps": 0.5223498477719347,
    "epsdiluted": 0.5099512780024825,
    "weightedAverageShsOut": 231232000,
    "weightedAverageShsOutDil": 236854000,
    "link": "https://www.sec.gov/Archives/edgar/data/719955/000119312506075968/0001193125-06-075968-index.htm",
    "finalLink": "https://www.sec.gov/Archives/edgar/data/719955/000119312506075968/d10k.htm"
  },
  {
    "date": "2005-10-30",
    "symbol": "WSM",
    "reportedCurrency": "USD",
    "cik": "0000719955",
    "fillingDate": "2005-12-06",
    "acceptedDate": "2005-12-06 12:54:43",
    "calendarYear": "2005",
    "period": "Q3",
    "revenue": 827623000,
    "costOfRevenue": 501546000,
    "grossProfit": 326077000,
    "grossProfitRatio": 0.3939921921,
    "researchAndDevelopmentExpenses": 0,
    "generalAndAdministrativeExpenses": 0,
    "sellingAndMarketingExpenses": 0,
    "sellingGeneralAndAdministrativeExpenses": 266727000,
    "otherExpenses": 59350000,
    "operatingExpenses": 326077000,
    "costAndExpenses": 827623000,
    "interestIncome": 0,
    "interestExpense": 0,
    "depreciationAndAmortization": 24364000,
    "ebitda": 83714000,
    "ebitdaratio": 0.1011499197,
    "operatingIncome": 59350000,
    "operatingIncomeRatio": 0.0717113952,
    "totalOtherIncomeExpensesNet": 608000,
    "incomeBeforeTax": 59958000,
    "incomeBeforeTaxRatio": 0.0724460292,
    "incomeTaxExpense": 22871000,
    "netIncome": 37087000,
    "netIncomeRatio": 0.0448114661,
    "eps": 0.15976135090893426,
    "epsdiluted": 0.1559587888982338,
    "weightedAverageShsOut": 232140000,
    "weightedAverageShsOutDil": 237800000,
    "link": "https://www.sec.gov/Archives/edgar/data/719955/000119312505237324/0001193125-05-237324-index.htm",
    "finalLink": "https://www.sec.gov/Archives/edgar/data/719955/000119312505237324/d10q.htm"
  },
  {
    "date": "2005-07-31",
    "symbol": "WSM",
    "reportedCurrency": "USD",
    "cik": "0000719955",
    "fillingDate": "2005-09-09",
    "acceptedDate": "2005-09-09 13:13:02",
    "calendarYear": "2005",
    "period": "Q2",
    "revenue": 776239000,
    "costOfRevenue": 481404000,
    "grossProfit": 294835000,
    "grossProfitRatio": 0.3798250281,
    "researchAndDevelopmentExpenses": 0,
    "generalAndAdministrativeExpenses": 0,
    "sellingAndMarketingExpenses": 0,
    "sellingGeneralAndAdministrativeExpenses": 245628000,
    "otherExpenses": 49207000,
    "operatingExpenses": 294835000,
    "costAndExpenses": 776239000,
    "interestIncome": 0,
    "interestExpense": 0,
    "depreciationAndAmortization": 24645000,
    "ebitda": 73852000,
    "ebitdaratio": 0.0951408007,
    "operatingIncome": 49207000,
    "operatingIncomeRatio": 0.0633915585,
    "totalOtherIncomeExpensesNet": 394000,
    "incomeBeforeTax": 49601000,
    "incomeBeforeTaxRatio": 0.0638991342,
    "incomeTaxExpense": 18778000,
    "netIncome": 30823000,
    "netIncomeRatio": 0.0397081311,
    "eps": 0.1328829605614858,
    "epsdiluted": 0.12963258920310214,
    "weightedAverageShsOut": 231956000,
    "weightedAverageShsOutDil": 237772000,
    "link": "https://www.sec.gov/Archives/edgar/data/719955/000119312505182961/0001193125-05-182961-index.htm",
    "finalLink": "https://www.sec.gov/Archives/edgar/data/719955/000119312505182961/d10q.htm"
  },
  {
    "date": "2005-05-01",
    "symbol": "WSM",
    "reportedCurrency": "USD",
    "cik": "0000719955",
    "fillingDate": "2005-06-10",
    "acceptedDate": "2005-06-10 12:17:48",
    "calendarYear": "2005",
    "period": "Q1",
    "revenue": 720688000,
    "costOfRevenue": 435766000,
    "grossProfit": 284922000,
    "grossProfitRatio": 0.3953472238,
    "researchAndDevelopmentExpenses": 0,
    "generalAndAdministrativeExpenses": 0,
    "sellingAndMarketingExpenses": 0,
    "sellingGeneralAndAdministrativeExpenses": 241219000,
    "otherExpenses": 43703000,
    "operatingExpenses": 284922000,
    "costAndExpenses": 720688000,
    "interestIncome": 0,
    "interestExpense": 0,
    "depreciationAndAmortization": 24019000,
    "ebitda": 67722000,
    "ebitdaratio": 0.0939685412,
    "operatingIncome": 43703000,
    "operatingIncomeRatio": 0.0606406656,
    "totalOtherIncomeExpensesNet": 621000,
    "incomeBeforeTax": 44324000,
    "incomeBeforeTaxRatio": 0.0615023422,
    "incomeTaxExpense": 18151000,
    "netIncome": 26173000,
    "netIncomeRatio": 0.0363166863,
    "eps": 0.11337468703163038,
    "epsdiluted": 0.1108001930420205,
    "weightedAverageShsOut": 230854000,
    "weightedAverageShsOutDil": 236218000,
    "link": "https://www.sec.gov/Archives/edgar/data/719955/000119312505123521/0001193125-05-123521-index.htm",
    "finalLink": "https://www.sec.gov/Archives/edgar/data/719955/000119312505123521/d10q.htm"
  },
  {
    "date": "2005-01-30",
    "symbol": "WSM",
    "reportedCurrency": "USD",
    "cik": "0000719955",
    "fillingDate": "2005-04-15",
    "acceptedDate": "2005-04-15 09:01:45",
    "calendarYear": "2004",
    "period": "Q4",
    "revenue": 1083640000,
    "costOfRevenue": 598613000,
    "grossProfit": 485027000,
    "grossProfitRatio": 0.4475905282,
    "researchAndDevelopmentExpenses": 0,
    "generalAndAdministrativeExpenses": 0,
    "sellingAndMarketingExpenses": 0,
    "sellingGeneralAndAdministrativeExpenses": 300987000,
    "otherExpenses": 184040000,
    "operatingExpenses": 485027000,
    "costAndExpenses": 1083640000,
    "interestIncome": 0,
    "interestExpense": 0,
    "depreciationAndAmortization": 23891000,
    "ebitda": 207931000,
    "ebitdaratio": 0.1918819903,
    "operatingIncome": 184040000,
    "operatingIncomeRatio": 0.1698350006,
    "totalOtherIncomeExpensesNet": 575000,
    "incomeBeforeTax": 184615000,
    "incomeBeforeTaxRatio": 0.1703656196,
    "incomeTaxExpense": 70867000,
    "netIncome": 113748000,
    "netIncomeRatio": 0.1049684397,
    "eps": 0.48962198366032766,
    "epsdiluted": 0.47654318918783045,
    "weightedAverageShsOut": 232318000,
    "weightedAverageShsOutDil": 238694000,
    "link": "https://www.sec.gov/Archives/edgar/data/719955/000119312505077123/0001193125-05-077123-index.htm",
    "finalLink": "https://www.sec.gov/Archives/edgar/data/719955/000119312505077123/d10k.htm"
  },
  {
    "date": "2004-10-31",
    "symbol": "WSM",
    "reportedCurrency": "USD",
    "cik": "0000719955",
    "fillingDate": "2004-12-10",
    "acceptedDate": "2004-12-10 13:59:39",
    "calendarYear": "2004",
    "period": "Q3",
    "revenue": 722761000,
    "costOfRevenue": 441547000,
    "grossProfit": 281214000,
    "grossProfitRatio": 0.3890829749,
    "researchAndDevelopmentExpenses": 0,
    "generalAndAdministrativeExpenses": 0,
    "sellingAndMarketingExpenses": 0,
    "sellingGeneralAndAdministrativeExpenses": 235018000,
    "otherExpenses": 46196000,
    "operatingExpenses": 281214000,
    "costAndExpenses": 722761000,
    "interestIncome": 0,
    "interestExpense": 0,
    "depreciationAndAmortization": 21954000,
    "ebitda": 68150000,
    "ebitdaratio": 0.0942911972,
    "operatingIncome": 46196000,
    "operatingIncomeRatio": 0.063916011,
    "totalOtherIncomeExpensesNet": -53000,
    "incomeBeforeTax": 46143000,
    "incomeBeforeTaxRatio": 0.0638426811,
    "incomeTaxExpense": 17676000,
    "netIncome": 28467000,
    "netIncomeRatio": 0.0393864639,
    "eps": 0.1220125840076807,
    "epsdiluted": 0.11874906142063373,
    "weightedAverageShsOut": 233312000,
    "weightedAverageShsOutDil": 239724000,
    "link": "https://www.sec.gov/Archives/edgar/data/719955/000119312504210939/0001193125-04-210939-index.htm",
    "finalLink": "https://www.sec.gov/Archives/edgar/data/719955/000119312504210939/d10q.htm"
  },
  {
    "date": "2004-08-01",
    "symbol": "WSM",
    "reportedCurrency": "USD",
    "cik": "0000719955",
    "fillingDate": "2004-09-10",
    "acceptedDate": "2004-09-10 12:23:36",
    "calendarYear": "2004",
    "period": "Q2",
    "revenue": 689621000,
    "costOfRevenue": 430093000,
    "grossProfit": 259528000,
    "grossProfitRatio": 0.3763342474,
    "researchAndDevelopmentExpenses": 0,
    "generalAndAdministrativeExpenses": 0,
    "sellingAndMarketingExpenses": 0,
    "sellingGeneralAndAdministrativeExpenses": 214599000,
    "otherExpenses": 44929000,
    "operatingExpenses": 259528000,
    "costAndExpenses": 689621000,
    "interestIncome": 0,
    "interestExpense": 0,
    "depreciationAndAmortization": 21600000,
    "ebitda": 66529000,
    "ebitdaratio": 0.0964718302,
    "operatingIncome": 44929000,
    "operatingIncomeRatio": 0.0651502782,
    "totalOtherIncomeExpensesNet": -150000,
    "incomeBeforeTax": 44779000,
    "incomeBeforeTaxRatio": 0.0649327674,
    "incomeTaxExpense": 17150000,
    "netIncome": 27629000,
    "netIncomeRatio": 0.0400640352,
    "eps": 0.11883134198687345,
    "epsdiluted": 0.11586526767816555,
    "weightedAverageShsOut": 232506000,
    "weightedAverageShsOutDil": 238458000,
    "link": "https://www.sec.gov/Archives/edgar/data/719955/000095014904001426/0000950149-04-001426-index.htm",
    "finalLink": "https://www.sec.gov/Archives/edgar/data/719955/000095014904001426/f01070e10vq.htm"
  },
  {
    "date": "2004-05-02",
    "symbol": "WSM",
    "reportedCurrency": "USD",
    "cik": "0000719955",
    "fillingDate": "2004-06-09",
    "acceptedDate": "2004-06-09 14:18:36",
    "calendarYear": "2004",
    "period": "Q1",
    "revenue": 640910000,
    "costOfRevenue": 395534000,
    "grossProfit": 245376000,
    "grossProfitRatio": 0.3828556272,
    "researchAndDevelopmentExpenses": 0,
    "generalAndAdministrativeExpenses": 0,
    "sellingAndMarketingExpenses": 0,
    "sellingGeneralAndAdministrativeExpenses": 210572000,
    "otherExpenses": 34804000,
    "operatingExpenses": 245376000,
    "costAndExpenses": 640910000,
    "interestIncome": 0,
    "interestExpense": 0,
    "depreciationAndAmortization": 21649000,
    "ebitda": 56453000,
    "ebitdaratio": 0.0880825701,
    "operatingIncome": 34804000,
    "operatingIncomeRatio": 0.0543040364,
    "totalOtherIncomeExpensesNet": -136000,
    "incomeBeforeTax": 34668000,
    "incomeBeforeTaxRatio": 0.0540918382,
    "incomeTaxExpense": 13278000,
    "netIncome": 21390000,
    "netIncomeRatio": 0.0333744207,
    "eps": 0.0923319980661648,
    "epsdiluted": 0.08975703915068609,
    "weightedAverageShsOut": 231664000,
    "weightedAverageShsOutDil": 238310000,
    "link": "https://www.sec.gov/Archives/edgar/data/719955/000095014904001106/0000950149-04-001106-index.htm",
    "finalLink": "https://www.sec.gov/Archives/edgar/data/719955/000095014904001106/f99301e10vq.htm"
  },
  {
    "date": "2004-02-01",
    "symbol": "WSM",
    "reportedCurrency": "USD",
    "cik": "0000719955",
    "fillingDate": "2004-04-15",
    "acceptedDate": "2004-04-15 17:14:15",
    "calendarYear": "2003",
    "period": "Q4",
    "revenue": 1004281000,
    "costOfRevenue": 561861000,
    "grossProfit": 442420000,
    "grossProfitRatio": 0.4405340736,
    "researchAndDevelopmentExpenses": 0,
    "generalAndAdministrativeExpenses": 0,
    "sellingAndMarketingExpenses": 0,
    "sellingGeneralAndAdministrativeExpenses": 276656000,
    "otherExpenses": 165764000,
    "operatingExpenses": 442420000,
    "costAndExpenses": 1004281000,
    "interestIncome": 0,
    "interestExpense": 0,
    "depreciationAndAmortization": 20481000,
    "ebitda": 186245000,
    "ebitdaratio": 0.1854510839,
    "operatingIncome": 165764000,
    "operatingIncomeRatio": 0.1650573893,
    "totalOtherIncomeExpensesNet": 605000,
    "incomeBeforeTax": 166053000,
    "incomeBeforeTaxRatio": 0.1653451574,
    "incomeTaxExpense": 63937000,
    "netIncome": 102116000,
    "netIncomeRatio": 0.1016807049,
    "eps": 0.441743162921883,
    "epsdiluted": 0.42900114270350204,
    "weightedAverageShsOut": 231166000,
    "weightedAverageShsOutDil": 238032000,
    "link": "https://www.sec.gov/Archives/edgar/data/719955/000095014904000792/0000950149-04-000792-index.htm",
    "finalLink": "https://www.sec.gov/Archives/edgar/data/719955/000095014904000792/f97543e10vk.htm"
  },
  {
    "date": "2003-11-02",
    "symbol": "WSM",
    "reportedCurrency": "USD",
    "cik": "0000719955",
    "fillingDate": "2003-12-15",
    "acceptedDate": "2003-12-15 15:00:27",
    "calendarYear": "2003",
    "period": "Q3",
    "revenue": 632824000,
    "costOfRevenue": 384053000,
    "grossProfit": 248771000,
    "grossProfitRatio": 0.393112461,
    "researchAndDevelopmentExpenses": 0,
    "generalAndAdministrativeExpenses": 0,
    "sellingAndMarketingExpenses": 0,
    "sellingGeneralAndAdministrativeExpenses": 210065000,
    "otherExpenses": 38706000,
    "operatingExpenses": 248771000,
    "costAndExpenses": 632824000,
    "interestIncome": 0,
    "interestExpense": 0,
    "depreciationAndAmortization": 19152000,
    "ebitda": 57858000,
    "ebitdaratio": 0.0914282644,
    "operatingIncome": 38706000,
    "operatingIncomeRatio": 0.0611639255,
    "totalOtherIncomeExpensesNet": 116000,
    "incomeBeforeTax": 38822000,
    "incomeBeforeTaxRatio": 0.0613472308,
    "incomeTaxExpense": 14946000,
    "netIncome": 23876000,
    "netIncomeRatio": 0.0377292897,
    "eps": 0.10224829771744251,
    "epsdiluted": 0.09925422150535847,
    "weightedAverageShsOut": 233510000,
    "weightedAverageShsOutDil": 240554000,
    "link": "https://www.sec.gov/Archives/edgar/data/719955/000095014903002942/0000950149-03-002942-index.htm",
    "finalLink": "https://www.sec.gov/Archives/edgar/data/719955/000095014903002942/f95135e10vq.htm"
  },
  {
    "date": "2003-08-03",
    "symbol": "WSM",
    "reportedCurrency": "USD",
    "cik": "0000719955",
    "fillingDate": "2003-09-11",
    "acceptedDate": "2003-09-11 17:15:58",
    "calendarYear": "2003",
    "period": "Q2",
    "revenue": 580423000,
    "costOfRevenue": 365345000,
    "grossProfit": 215078000,
    "grossProfitRatio": 0.3705538891,
    "researchAndDevelopmentExpenses": 0,
    "generalAndAdministrativeExpenses": 0,
    "sellingAndMarketingExpenses": 0,
    "sellingGeneralAndAdministrativeExpenses": 186226000,
    "otherExpenses": 28852000,
    "operatingExpenses": 215078000,
    "costAndExpenses": 580423000,
    "interestIncome": 0,
    "interestExpense": 0,
    "depreciationAndAmortization": 20646000,
    "ebitda": 49498000,
    "ebitdaratio": 0.0852791843,
    "operatingIncome": 28852000,
    "operatingIncomeRatio": 0.0497085746,
    "totalOtherIncomeExpensesNet": 130000,
    "incomeBeforeTax": 28982000,
    "incomeBeforeTaxRatio": 0.0499325492,
    "incomeTaxExpense": 11158000,
    "netIncome": 17824000,
    "netIncomeRatio": 0.0307086384,
    "eps": 0.07677331541496528,
    "epsdiluted": 0.07440928446188529,
    "weightedAverageShsOut": 232164000,
    "weightedAverageShsOutDil": 239540000,
    "link": "https://www.sec.gov/Archives/edgar/data/719955/000095014903002122/0000950149-03-002122-index.htm",
    "finalLink": "https://www.sec.gov/Archives/edgar/data/719955/000095014903002122/f92852e10vq.htm"
  },
  {
    "date": "2003-05-04",
    "symbol": "WSM",
    "reportedCurrency": "USD",
    "cik": "0000719955",
    "fillingDate": "2003-06-17",
    "acceptedDate": "2003-06-17 17:09:28",
    "calendarYear": "2003",
    "period": "Q1",
    "revenue": 536840000,
    "costOfRevenue": 332532000,
    "grossProfit": 204308000,
    "grossProfitRatio": 0.3805752179,
    "researchAndDevelopmentExpenses": 0,
    "generalAndAdministrativeExpenses": 0,
    "sellingAndMarketingExpenses": 0,
    "sellingGeneralAndAdministrativeExpenses": 182843000,
    "otherExpenses": 21465000,
    "operatingExpenses": 204308000,
    "costAndExpenses": 536840000,
    "interestIncome": 0,
    "interestExpense": 0,
    "depreciationAndAmortization": 19992000,
    "ebitda": 41773000,
    "ebitdaratio": 0.0778127561,
    "operatingIncome": 21781000,
    "operatingIncomeRatio": 0.0405726101,
    "totalOtherIncomeExpensesNet": 0,
    "incomeBeforeTax": 21781000,
    "incomeBeforeTaxRatio": 0.0405726101,
    "incomeTaxExpense": 8386000,
    "netIncome": 13395000,
    "netIncomeRatio": 0.0249515684,
    "eps": 0.05839705638727341,
    "epsdiluted": 0.05685194302497326,
    "weightedAverageShsOut": 229378000,
    "weightedAverageShsOutDil": 235612000,
    "link": "https://www.sec.gov/Archives/edgar/data/719955/000095014903001371/0000950149-03-001371-index.htm",
    "finalLink": "https://www.sec.gov/Archives/edgar/data/719955/000095014903001371/f90725e10vq.htm"
  },
  {
    "date": "2003-02-02",
    "symbol": "WSM",
    "reportedCurrency": "USD",
    "cik": "0000719955",
    "fillingDate": "2003-04-15",
    "acceptedDate": "2003-04-15 12:51:54",
    "calendarYear": "2002",
    "period": "Q4",
    "revenue": 858964000,
    "costOfRevenue": 480824000,
    "grossProfit": 378140000,
    "grossProfitRatio": 0.4402279956,
    "researchAndDevelopmentExpenses": 0,
    "generalAndAdministrativeExpenses": 0,
    "sellingAndMarketingExpenses": 0,
    "sellingGeneralAndAdministrativeExpenses": 248994000,
    "otherExpenses": 129146000,
    "operatingExpenses": 378140000,
    "costAndExpenses": 858964000,
    "interestIncome": 0,
    "interestExpense": 0,
    "depreciationAndAmortization": 23646000,
    "ebitda": 152792000,
    "ebitdaratio": 0.1778793989,
    "operatingIncome": 129146000,
    "operatingIncomeRatio": 0.1503508878,
    "totalOtherIncomeExpensesNet": 565000,
    "incomeBeforeTax": 129711000,
    "incomeBeforeTaxRatio": 0.1510086569,
    "incomeTaxExpense": 49939000,
    "netIncome": 79772000,
    "netIncomeRatio": 0.0928700155,
    "eps": 0.34653344917463075,
    "epsdiluted": 0.3336344625679632,
    "weightedAverageShsOut": 230200000,
    "weightedAverageShsOutDil": 239100000,
    "link": "https://www.sec.gov/Archives/edgar/data/719955/000095014903000871/0000950149-03-000871-index.htm",
    "finalLink": "https://www.sec.gov/Archives/edgar/data/719955/000095014903000871/f87217ke10vk.htm"
  },
  {
    "date": "2002-11-03",
    "symbol": "WSM",
    "reportedCurrency": "USD",
    "cik": "0000719955",
    "fillingDate": "2002-12-16",
    "acceptedDate": "2002-12-16 17:23:12",
    "calendarYear": "2002",
    "period": "Q3",
    "revenue": 527894000,
    "costOfRevenue": 321705000,
    "grossProfit": 206189000,
    "grossProfitRatio": 0.3905878832,
    "researchAndDevelopmentExpenses": 0,
    "generalAndAdministrativeExpenses": 0,
    "sellingAndMarketingExpenses": 0,
    "sellingGeneralAndAdministrativeExpenses": 181469000,
    "otherExpenses": 24720000,
    "operatingExpenses": 206189000,
    "costAndExpenses": 527894000,
    "interestIncome": 0,
    "interestExpense": 0,
    "depreciationAndAmortization": 20013000,
    "ebitda": 44733000,
    "ebitdaratio": 0.0847386028,
    "operatingIncome": 24720000,
    "operatingIncomeRatio": 0.0468275828,
    "totalOtherIncomeExpensesNet": -106000,
    "incomeBeforeTax": 24614000,
    "incomeBeforeTaxRatio": 0.0466267849,
    "incomeTaxExpense": 9477000,
    "netIncome": 15137000,
    "netIncomeRatio": 0.0286743172,
    "eps": 0.06523725380338749,
    "epsdiluted": 0.06317823633510301,
    "weightedAverageShsOut": 232030000,
    "weightedAverageShsOutDil": 239592000,
    "link": "https://www.sec.gov/Archives/edgar/data/719955/000095014902002434/0000950149-02-002434-index.htm",
    "finalLink": "https://www.sec.gov/Archives/edgar/data/719955/000095014902002434/f85574e10vq.htm"
  },
  {
    "date": "2002-08-04",
    "symbol": "WSM",
    "reportedCurrency": "USD",
    "cik": "0000719955",
    "fillingDate": "2002-09-18",
    "acceptedDate": "2002-09-18 15:55:57",
    "calendarYear": "2002",
    "period": "Q2",
    "revenue": 495593000,
    "costOfRevenue": 310219000,
    "grossProfit": 185374000,
    "grossProfitRatio": 0.3740448311,
    "researchAndDevelopmentExpenses": 0,
    "generalAndAdministrativeExpenses": 0,
    "sellingAndMarketingExpenses": 0,
    "sellingGeneralAndAdministrativeExpenses": 162166000,
    "otherExpenses": 23208000,
    "operatingExpenses": 185374000,
    "costAndExpenses": 495593000,
    "interestIncome": 0,
    "interestExpense": 0,
    "depreciationAndAmortization": 19593000,
    "ebitda": 42586000,
    "ebitdaratio": 0.0859293816,
    "operatingIncome": 22993000,
    "operatingIncomeRatio": 0.0463949249,
    "totalOtherIncomeExpensesNet": 0,
    "incomeBeforeTax": 22993000,
    "incomeBeforeTaxRatio": 0.0463949249,
    "incomeTaxExpense": 8852000,
    "netIncome": 14141000,
    "netIncomeRatio": 0.0285334942,
    "eps": 0.0613481761704786,
    "epsdiluted": 0.05886491166724945,
    "weightedAverageShsOut": 230504000,
    "weightedAverageShsOutDil": 240228000,
    "link": "https://www.sec.gov/Archives/edgar/data/719955/000095014902001934/0000950149-02-001934-index.htm",
    "finalLink": "https://www.sec.gov/Archives/edgar/data/719955/000095014902001934/f83910e10vq.htm"
  },
  {
    "date": "2002-05-05",
    "symbol": "WSM",
    "reportedCurrency": "USD",
    "cik": "0000719955",
    "fillingDate": "2002-06-10",
    "acceptedDate": "2002-06-10 16:18:50",
    "calendarYear": "2002",
    "period": "Q1",
    "revenue": 478379000,
    "costOfRevenue": 296481000,
    "grossProfit": 181898000,
    "grossProfitRatio": 0.380238263,
    "researchAndDevelopmentExpenses": 0,
    "generalAndAdministrativeExpenses": 0,
    "sellingAndMarketingExpenses": 0,
    "sellingGeneralAndAdministrativeExpenses": 156670000,
    "otherExpenses": 25228000,
    "operatingExpenses": 181898000,
    "costAndExpenses": 478379000,
    "interestIncome": 0,
    "interestExpense": 0,
    "depreciationAndAmortization": 19460000,
    "ebitda": 44424000,
    "ebitdaratio": 0.0928636081,
    "operatingIncome": 24964000,
    "operatingIncomeRatio": 0.052184565,
    "totalOtherIncomeExpensesNet": 0,
    "incomeBeforeTax": 24964000,
    "incomeBeforeTaxRatio": 0.052184565,
    "incomeTaxExpense": 9611000,
    "netIncome": 15353000,
    "netIncomeRatio": 0.0320938001,
    "eps": 0.06698516579406631,
    "epsdiluted": 0.06438774397557519,
    "weightedAverageShsOut": 229200000,
    "weightedAverageShsOutDil": 238446000,
    "link": "https://www.sec.gov/Archives/edgar/data/719955/000095014902001183/0000950149-02-001183-index.htm",
    "finalLink": "https://www.sec.gov/Archives/edgar/data/719955/000095014902001183/f82177e10vq.htm"
  },
  {
    "date": "2002-02-03",
    "symbol": "WSM",
    "reportedCurrency": "USD",
    "cik": "0000719955",
    "fillingDate": "2002-04-29",
    "acceptedDate": "2002-04-29 17:04:29",
    "calendarYear": "2001",
    "period": "Q4",
    "revenue": 33371000,
    "costOfRevenue": 25500000,
    "grossProfit": 7871000,
    "grossProfitRatio": 0.2358634743,
    "researchAndDevelopmentExpenses": 0,
    "generalAndAdministrativeExpenses": 0,
    "sellingAndMarketingExpenses": 0,
    "sellingGeneralAndAdministrativeExpenses": 5826000,
    "otherExpenses": 2045000,
    "operatingExpenses": 7871000,
    "costAndExpenses": 33371000,
    "interestIncome": 0,
    "interestExpense": 0,
    "depreciationAndAmortization": 6668000,
    "ebitda": 8713000,
    "ebitdaratio": 0.2610949627,
    "operatingIncome": 2045000,
    "operatingIncomeRatio": 0.0612807527,
    "totalOtherIncomeExpensesNet": -5529000,
    "incomeBeforeTax": -3484000,
    "incomeBeforeTaxRatio": -0.1044020257,
    "incomeTaxExpense": -1094000,
    "netIncome": -2390000,
    "netIncomeRatio": -0.0716190705,
    "eps": -0.010622788770956673,
    "epsdiluted": -0.010351697851697851,
    "weightedAverageShsOut": 224988000,
    "weightedAverageShsOutDil": 230880000,
    "link": "https://www.sec.gov/Archives/edgar/data/719955/000095014902000794/0000950149-02-000794-index.htm",
    "finalLink": "https://www.sec.gov/Archives/edgar/data/719955/000095014902000794/x78595ke10-k.txt"
  },
  {
    "date": "2001-10-28",
    "symbol": "WSM",
    "reportedCurrency": "USD",
    "cik": "0000719955",
    "fillingDate": "2001-12-06",
    "acceptedDate": "2001-12-06 00:00:00",
    "calendarYear": "2001",
    "period": "Q3",
    "revenue": 722761000,
    "costOfRevenue": 441547000,
    "grossProfit": 281214000,
    "grossProfitRatio": 0.3890829749,
    "researchAndDevelopmentExpenses": 0,
    "generalAndAdministrativeExpenses": 0,
    "sellingAndMarketingExpenses": 0,
    "sellingGeneralAndAdministrativeExpenses": 235018000,
    "otherExpenses": 46196000,
    "operatingExpenses": 281214000,
    "costAndExpenses": 722761000,
    "interestIncome": 0,
    "interestExpense": 0,
    "depreciationAndAmortization": 32866000,
    "ebitda": 79062000,
    "ebitdaratio": 0.1093888575,
    "operatingIncome": 46196000,
    "operatingIncomeRatio": 0.063916011,
    "totalOtherIncomeExpensesNet": -53000,
    "incomeBeforeTax": 46143000,
    "incomeBeforeTaxRatio": 0.0638426811,
    "incomeTaxExpense": 17676000,
    "netIncome": 28467000,
    "netIncomeRatio": 0.0393864639,
    "eps": 0.1220125840076807,
    "epsdiluted": 0.11874906142063373,
    "weightedAverageShsOut": 233312000,
    "weightedAverageShsOutDil": 239724000,
    "link": "https://www.sec.gov/Archives/edgar/data/719955/000095014901501913/0000950149-01-501913-index.htm",
    "finalLink": "https://www.sec.gov/Archives/edgar/data/719955/000095014901501913/f76517e10-q.htm"
  },
  {
    "date": "2001-07-29",
    "symbol": "WSM",
    "reportedCurrency": "USD",
    "cik": "0000719955",
    "fillingDate": "2001-09-10",
    "acceptedDate": "2001-09-10 00:00:00",
    "calendarYear": "2001",
    "period": "Q2",
    "revenue": 428994000,
    "costOfRevenue": 282823000,
    "grossProfit": 146171000,
    "grossProfitRatio": 0.3407297072,
    "researchAndDevelopmentExpenses": 0,
    "generalAndAdministrativeExpenses": 0,
    "sellingAndMarketingExpenses": 0,
    "sellingGeneralAndAdministrativeExpenses": 142300000,
    "otherExpenses": 3871000,
    "operatingExpenses": 146171000,
    "costAndExpenses": 428994000,
    "interestIncome": 0,
    "interestExpense": 0,
    "depreciationAndAmortization": 16149000,
    "ebitda": 20020000,
    "ebitdaratio": 0.0466673194,
    "operatingIncome": 3871000,
    "operatingIncomeRatio": 0.0090234362,
    "totalOtherIncomeExpensesNet": -1673000,
    "incomeBeforeTax": 2198000,
    "incomeBeforeTaxRatio": 0.0051236148,
    "incomeTaxExpense": 846000,
    "netIncome": 1352000,
    "netIncomeRatio": 0.0031515592,
    "eps": 0.006002273050149169,
    "epsdiluted": 0.005822065282921367,
    "weightedAverageShsOut": 225248000,
    "weightedAverageShsOutDil": 232220000,
    "link": "https://www.sec.gov/Archives/edgar/data/719955/000095014901501380/0000950149-01-501380-index.htm",
    "finalLink": "https://www.sec.gov/Archives/edgar/data/719955/000095014901501380/f74166e10-q.htm"
  },
  {
    "date": "2001-04-29",
    "symbol": "WSM",
    "reportedCurrency": "USD",
    "cik": "0000719955",
    "fillingDate": "2001-06-08",
    "acceptedDate": "2001-06-08 00:00:00",
    "calendarYear": "2001",
    "period": "Q1",
    "revenue": 417572000,
    "costOfRevenue": 251616000,
    "grossProfit": 165956000,
    "grossProfitRatio": 0.3974308622,
    "researchAndDevelopmentExpenses": 0,
    "generalAndAdministrativeExpenses": 0,
    "sellingAndMarketingExpenses": 0,
    "sellingGeneralAndAdministrativeExpenses": 144692000,
    "otherExpenses": 21264000,
    "operatingExpenses": 165956000,
    "costAndExpenses": 417572000,
    "interestIncome": 0,
    "interestExpense": 0,
    "depreciationAndAmortization": 16188000,
    "ebitda": 38780000,
    "ebitdaratio": 0.0928702116,
    "operatingIncome": 19790000,
    "operatingIncomeRatio": 0.0473930244,
    "totalOtherIncomeExpensesNet": -18990000,
    "incomeBeforeTax": 800000,
    "incomeBeforeTaxRatio": 0.0019158373,
    "incomeTaxExpense": 308000,
    "netIncome": 492000,
    "netIncomeRatio": 0.0011782399,
    "eps": 0.0022029982268550858,
    "epsdiluted": 0.0021537006881336344,
    "weightedAverageShsOut": 223332000,
    "weightedAverageShsOutDil": 228444000,
    "link": "https://www.sec.gov/Archives/edgar/data/719955/000095014901500876/0000950149-01-500876-index.htm",
    "finalLink": "https://www.sec.gov/Archives/edgar/data/719955/000095014901500876/f73257e10-q.txt"
  },
  {
    "date": "2001-01-28",
    "symbol": "WSM",
    "reportedCurrency": "USD",
    "cik": "0000719955",
    "fillingDate": "2001-04-26",
    "acceptedDate": "2001-04-26 00:00:00",
    "calendarYear": "2000",
    "period": "Q4",
    "revenue": 743860000,
    "costOfRevenue": 459025000,
    "grossProfit": 284835000,
    "grossProfitRatio": 0.3829147958,
    "researchAndDevelopmentExpenses": 0,
    "generalAndAdministrativeExpenses": 0,
    "sellingAndMarketingExpenses": 0,
    "sellingGeneralAndAdministrativeExpenses": 196418000,
    "otherExpenses": 88417000,
    "operatingExpenses": 284835000,
    "costAndExpenses": 743860000,
    "interestIncome": 0,
    "interestExpense": 0,
    "depreciationAndAmortization": 15985000,
    "ebitda": 88417000,
    "ebitdaratio": 0.1188624203,
    "operatingIncome": 72432000,
    "operatingIncomeRatio": 0.0973731616,
    "totalOtherIncomeExpensesNet": -6000,
    "incomeBeforeTax": 72426000,
    "incomeBeforeTaxRatio": 0.0973650956,
    "incomeTaxExpense": 27885000,
    "netIncome": 44541000,
    "netIncomeRatio": 0.0598782029,
    "eps": 0.1991994633273703,
    "epsdiluted": 0.19379133310128785,
    "weightedAverageShsOut": 223600000,
    "weightedAverageShsOutDil": 229840000,
    "link": "https://www.sec.gov/Archives/edgar/data/719955/000095014901500551/0000950149-01-500551-index.htm",
    "finalLink": "https://www.sec.gov/Archives/edgar/data/719955/000095014901500551/f71839e10-k.txt"
  },
  {
    "date": "2000-10-29",
    "symbol": "WSM",
    "reportedCurrency": "USD",
    "cik": "0000719955",
    "fillingDate": "2000-12-13",
    "acceptedDate": "2000-12-13 00:00:00",
    "calendarYear": "2000",
    "period": "Q3",
    "revenue": 398656000,
    "costOfRevenue": 384053000,
    "grossProfit": 248771000,
    "grossProfitRatio": 0.6240242214,
    "researchAndDevelopmentExpenses": 0,
    "generalAndAdministrativeExpenses": 0,
    "sellingAndMarketingExpenses": 0,
    "sellingGeneralAndAdministrativeExpenses": 210065000,
    "otherExpenses": 38706000,
    "operatingExpenses": 248771000,
    "costAndExpenses": 632824000,
    "interestIncome": 0,
    "interestExpense": 0,
    "depreciationAndAmortization": 37091000,
    "ebitda": 75797000,
    "ebitdaratio": 0.1901313413,
    "operatingIncome": 38706000,
    "operatingIncomeRatio": 0.0970912265,
    "totalOtherIncomeExpensesNet": 31498000,
    "incomeBeforeTax": 38822000,
    "incomeBeforeTaxRatio": 0.0973822042,
    "incomeTaxExpense": 14946000,
    "netIncome": 23876000,
    "netIncomeRatio": 0.0598912345,
    "eps": 0.010499488486458352,
    "epsdiluted": 0.010010266940451745,
    "weightedAverageShsOut": 222868000,
    "weightedAverageShsOutDil": 233760000,
    "link": "https://www.sec.gov/Archives/edgar/data/719955/000095014900002622/0000950149-00-002622-index.htm",
    "finalLink": "https://www.sec.gov/Archives/edgar/data/719955/000095014900002622/f67900e10-q.txt"
  },
  {
    "date": "2000-07-30",
    "symbol": "WSM",
    "reportedCurrency": "USD",
    "cik": "0000719955",
    "fillingDate": "2000-09-12",
    "acceptedDate": "2000-09-12 00:00:00",
    "calendarYear": "2000",
    "period": "Q2",
    "revenue": 343966000,
    "costOfRevenue": 235232000,
    "grossProfit": 131252000,
    "grossProfitRatio": 0.3815842263,
    "researchAndDevelopmentExpenses": 0,
    "generalAndAdministrativeExpenses": 0,
    "sellingAndMarketingExpenses": 0,
    "sellingGeneralAndAdministrativeExpenses": 120630000,
    "otherExpenses": 10622000,
    "operatingExpenses": 131252000,
    "costAndExpenses": 366484000,
    "interestIncome": 0,
    "interestExpense": 0,
    "depreciationAndAmortization": 11798000,
    "ebitda": 22420000,
    "ebitdaratio": 0.0651808609,
    "operatingIncome": 10622000,
    "operatingIncomeRatio": 0.0308809592,
    "totalOtherIncomeExpensesNet": -2389000,
    "incomeBeforeTax": 8233000,
    "incomeBeforeTaxRatio": 0.0239355053,
    "incomeTaxExpense": 3170000,
    "netIncome": 5063000,
    "netIncomeRatio": 0.0147194781,
    "eps": 0.022773889418665323,
    "epsdiluted": 0.021793216253443527,
    "weightedAverageShsOut": 222316000,
    "weightedAverageShsOutDil": 232320000,
    "link": "https://www.sec.gov/Archives/edgar/data/719955/000095014900002006/0000950149-00-002006-index.htm",
    "finalLink": "https://www.sec.gov/Archives/edgar/data/719955/000095014900002006/f65442e10-q.txt"
  },
  {
    "date": "2000-04-30",
    "symbol": "WSM",
    "reportedCurrency": "USD",
    "cik": "0000719955",
    "fillingDate": "2000-06-14",
    "acceptedDate": "2000-06-14 00:00:00",
    "calendarYear": "2000",
    "period": "Q1",
    "revenue": 343001000,
    "costOfRevenue": 218493000,
    "grossProfit": 146766000,
    "grossProfitRatio": 0.4278879653,
    "researchAndDevelopmentExpenses": 0,
    "generalAndAdministrativeExpenses": 0,
    "sellingAndMarketingExpenses": 0,
    "sellingGeneralAndAdministrativeExpenses": 124242000,
    "otherExpenses": 22524000,
    "operatingExpenses": 146766000,
    "costAndExpenses": 365259000,
    "interestIncome": 0,
    "interestExpense": 0,
    "depreciationAndAmortization": 10901000,
    "ebitda": 34638000,
    "ebitdaratio": 0.1009851283,
    "operatingIncome": 21252000,
    "operatingIncomeRatio": 0.061959003,
    "totalOtherIncomeExpensesNet": -1272000,
    "incomeBeforeTax": 7866000,
    "incomeBeforeTaxRatio": 0.0229328777,
    "incomeTaxExpense": 3028000,
    "netIncome": 4838000,
    "netIncomeRatio": 0.0141049151,
    "eps": 0.021547423929309483,
    "epsdiluted": 0.02075432846577552,
    "weightedAverageShsOut": 224528000,
    "weightedAverageShsOutDil": 233108000,
    "link": "https://www.sec.gov/Archives/edgar/data/719955/000095014900001313/0000950149-00-001313-index.htm",
    "finalLink": "https://www.sec.gov/Archives/edgar/data/719955/000095014900001313/0000950149-00-001313-0001.txt"
  },
  {
    "date": "2000-01-30",
    "symbol": "WSM",
    "reportedCurrency": "USD",
    "cik": "0000719955",
    "fillingDate": "2000-05-01",
    "acceptedDate": "2000-05-01 00:00:00",
    "calendarYear": "1999",
    "period": "Q4",
    "revenue": 537193000,
    "costOfRevenue": 282654000,
    "grossProfit": 254539000,
    "grossProfitRatio": 0.4738315652,
    "researchAndDevelopmentExpenses": 0,
    "generalAndAdministrativeExpenses": 0,
    "sellingAndMarketingExpenses": 0,
    "sellingGeneralAndAdministrativeExpenses": 163723000,
    "otherExpenses": 90816000,
    "operatingExpenses": 254539000,
    "costAndExpenses": 537193000,
    "interestIncome": 0,
    "interestExpense": 0,
    "depreciationAndAmortization": 11612000,
    "ebitda": 90816000,
    "ebitdaratio": 0.1690565588,
    "operatingIncome": 79204000,
    "operatingIncomeRatio": 0.1474404916,
    "totalOtherIncomeExpensesNet": -583000,
    "incomeBeforeTax": 78621000,
    "incomeBeforeTaxRatio": 0.1463552206,
    "incomeTaxExpense": 29921000,
    "netIncome": 48700000,
    "netIncomeRatio": 0.0906564307,
    "eps": 0.2174107142857143,
    "epsdiluted": 0.20635593220338982,
    "weightedAverageShsOut": 224000000,
    "weightedAverageShsOutDil": 236000000,
    "link": "https://www.sec.gov/Archives/edgar/data/719955/000095014900000965/0000950149-00-000965-index.htm",
    "finalLink": "https://www.sec.gov/Archives/edgar/data/719955/000095014900000965/0000950149-00-000965.txt"
  },
  {
    "date": "1999-10-31",
    "symbol": "WSM",
    "reportedCurrency": "USD",
    "cik": "0000719955",
    "fillingDate": "1999-12-13",
    "acceptedDate": "1999-12-13 00:00:00",
    "calendarYear": "1999",
    "period": "Q3",
    "revenue": 324100000,
    "costOfRevenue": 183200000,
    "grossProfit": 140900000,
    "grossProfitRatio": 0.4347423635,
    "researchAndDevelopmentExpenses": 0,
    "generalAndAdministrativeExpenses": 0,
    "sellingAndMarketingExpenses": 0,
    "sellingGeneralAndAdministrativeExpenses": 114900000,
    "otherExpenses": 26000000,
    "operatingExpenses": 140900000,
    "costAndExpenses": 324100000,
    "interestIncome": 0,
    "interestExpense": 0,
    "depreciationAndAmortization": 9500000,
    "ebitda": 26000000,
    "ebitdaratio": 0.0802221537,
    "operatingIncome": 16500000,
    "operatingIncomeRatio": 0.0509102129,
    "totalOtherIncomeExpensesNet": -1300000,
    "incomeBeforeTax": 15200000,
    "incomeBeforeTaxRatio": 0.0468991052,
    "incomeTaxExpense": 6000000,
    "netIncome": 9200000,
    "netIncomeRatio": 0.0283863005,
    "eps": 0.04119870313647518,
    "epsdiluted": 0.03904393291233788,
    "weightedAverageShsOut": 223308000,
    "weightedAverageShsOutDil": 235632000,
    "link": "https://www.sec.gov/Archives/edgar/data/719955/000095014999002228/0000950149-99-002228-index.htm",
    "finalLink": "https://www.sec.gov/Archives/edgar/data/719955/000095014999002228/0000950149-99-002228.txt"
  },
  {
    "date": "1999-08-01",
    "symbol": "WSM",
    "reportedCurrency": "USD",
    "cik": "0000719955",
    "fillingDate": "1999-09-13",
    "acceptedDate": "1999-09-13 00:00:00",
    "calendarYear": "1999",
    "period": "Q2",
    "revenue": 264000000,
    "costOfRevenue": 158000000,
    "grossProfit": 106000000,
    "grossProfitRatio": 0.4015151515,
    "researchAndDevelopmentExpenses": 0,
    "generalAndAdministrativeExpenses": 0,
    "sellingAndMarketingExpenses": 0,
    "sellingGeneralAndAdministrativeExpenses": 89800000,
    "otherExpenses": 16200000,
    "operatingExpenses": 106000000,
    "costAndExpenses": 264000000,
    "interestIncome": 0,
    "interestExpense": 0,
    "depreciationAndAmortization": 8100000,
    "ebitda": 16200000,
    "ebitdaratio": 0.0613636364,
    "operatingIncome": 8100000,
    "operatingIncomeRatio": 0.0306818182,
    "totalOtherIncomeExpensesNet": 3300000,
    "incomeBeforeTax": 11400000,
    "incomeBeforeTaxRatio": 0.0431818182,
    "incomeTaxExpense": 4500000,
    "netIncome": 6900000,
    "netIncomeRatio": 0.0261363636,
    "eps": 0.03,
    "epsdiluted": 0.03,
    "weightedAverageShsOut": 230000000,
    "weightedAverageShsOutDil": 230000000,
    "link": "https://www.sec.gov/Archives/edgar/data/719955/000095014999001647/0000950149-99-001647-index.htm",
    "finalLink": "https://www.sec.gov/Archives/edgar/data/719955/000095014999001647/0000950149-99-001647.txt"
  },
  {
    "date": "1999-05-02",
    "symbol": "WSM",
    "reportedCurrency": "USD",
    "cik": "0000719955",
    "fillingDate": "1999-06-15",
    "acceptedDate": "1999-06-15 00:00:00",
    "calendarYear": "1999",
    "period": "Q1",
    "revenue": 258700000,
    "costOfRevenue": 152600000,
    "grossProfit": 106076000,
    "grossProfitRatio": 0.4100347893,
    "researchAndDevelopmentExpenses": 0,
    "generalAndAdministrativeExpenses": 0,
    "sellingAndMarketingExpenses": 0,
    "sellingGeneralAndAdministrativeExpenses": 93300000,
    "otherExpenses": 12776000,
    "operatingExpenses": 106076000,
    "costAndExpenses": 258676000,
    "interestIncome": 0,
    "interestExpense": 0,
    "depreciationAndAmortization": 7300000,
    "ebitda": 12776000,
    "ebitdaratio": 0.0493853885,
    "operatingIncome": 5476000,
    "operatingIncomeRatio": 0.0211673753,
    "totalOtherIncomeExpensesNet": -76000,
    "incomeBeforeTax": 5400000,
    "incomeBeforeTaxRatio": 0.0208735988,
    "incomeTaxExpense": 2100000,
    "netIncome": 3300000,
    "netIncomeRatio": 0.0127560881,
    "eps": 0.014798471721465856,
    "epsdiluted": 0.014113662024840046,
    "weightedAverageShsOut": 222996000,
    "weightedAverageShsOutDil": 233816000,
    "link": "https://www.sec.gov/Archives/edgar/data/719955/000095014999001117/0000950149-99-001117-index.htm",
    "finalLink": "https://www.sec.gov/Archives/edgar/data/719955/000095014999001117/0000950149-99-001117.txt"
  },
  {
    "date": "1999-01-31",
    "symbol": "WSM",
    "reportedCurrency": "USD",
    "cik": "0000719955",
    "fillingDate": "1999-04-30",
    "acceptedDate": "1999-04-30 00:00:00",
    "calendarYear": "1998",
    "period": "Q4",
    "revenue": 441200000,
    "costOfRevenue": 234200000,
    "grossProfit": 207000000,
    "grossProfitRatio": 0.4691749773,
    "researchAndDevelopmentExpenses": 0,
    "generalAndAdministrativeExpenses": 0,
    "sellingAndMarketingExpenses": 0,
    "sellingGeneralAndAdministrativeExpenses": 127600000,
    "otherExpenses": 79400000,
    "operatingExpenses": 207000000,
    "costAndExpenses": 441200000,
    "interestIncome": 0,
    "interestExpense": 0,
    "depreciationAndAmortization": 7000000,
    "ebitda": 79400000,
    "ebitdaratio": 0.1799637353,
    "operatingIncome": 72400000,
    "operatingIncomeRatio": 0.1640979148,
    "totalOtherIncomeExpensesNet": -300000,
    "incomeBeforeTax": 72100000,
    "incomeBeforeTaxRatio": 0.163417951,
    "incomeTaxExpense": 28200000,
    "netIncome": 43900000,
    "netIncomeRatio": 0.0995013599,
    "eps": 0.20224077247682753,
    "epsdiluted": 0.19035643049171797,
    "weightedAverageShsOut": 217068000,
    "weightedAverageShsOutDil": 230620000,
    "link": "https://www.sec.gov/Archives/edgar/data/719955/000095014999000820/0000950149-99-000820-index.htm",
    "finalLink": "https://www.sec.gov/Archives/edgar/data/719955/0000950149-99-000820.txt"
  },
  {
    "date": "1998-11-01",
    "symbol": "WSM",
    "reportedCurrency": "USD",
    "cik": "0000719955",
    "fillingDate": "1998-12-14",
    "acceptedDate": "1998-12-14 00:00:00",
    "calendarYear": "1998",
    "period": "Q3",
    "revenue": 241300000,
    "costOfRevenue": 139700000,
    "grossProfit": 101600000,
    "grossProfitRatio": 0.4210526316,
    "researchAndDevelopmentExpenses": 0,
    "generalAndAdministrativeExpenses": 0,
    "sellingAndMarketingExpenses": 0,
    "sellingGeneralAndAdministrativeExpenses": 85600000,
    "otherExpenses": 16000000,
    "operatingExpenses": 101600000,
    "costAndExpenses": 241300000,
    "interestIncome": 0,
    "interestExpense": 0,
    "depreciationAndAmortization": 6800000,
    "ebitda": 16000000,
    "ebitdaratio": 0.066307501,
    "operatingIncome": 9200000,
    "operatingIncomeRatio": 0.0381268131,
    "totalOtherIncomeExpensesNet": -700000,
    "incomeBeforeTax": 8500000,
    "incomeBeforeTaxRatio": 0.0352258599,
    "incomeTaxExpense": 3500000,
    "netIncome": 5000000,
    "netIncomeRatio": 0.0207210941,
    "eps": 0.0225000000225,
    "epsdiluted": 0.0225000000225,
    "weightedAverageShsOut": 222222222,
    "weightedAverageShsOutDil": 222222222,
    "link": "https://www.sec.gov/Archives/edgar/data/719955/000095014998001981/0000950149-98-001981-index.htm",
    "finalLink": "https://www.sec.gov/Archives/edgar/data/719955/0000950149-98-001981.txt"
  },
  {
    "date": "1998-08-02",
    "symbol": "WSM",
    "reportedCurrency": "USD",
    "cik": "0000719955",
    "fillingDate": "1998-09-14",
    "acceptedDate": "1998-09-14 00:00:00",
    "calendarYear": "1998",
    "period": "Q2",
    "revenue": 215300000,
    "costOfRevenue": 128800000,
    "grossProfit": 86500000,
    "grossProfitRatio": 0.4017649791,
    "researchAndDevelopmentExpenses": 0,
    "generalAndAdministrativeExpenses": 0,
    "sellingAndMarketingExpenses": 0,
    "sellingGeneralAndAdministrativeExpenses": 73300000,
    "otherExpenses": 13200000,
    "operatingExpenses": 86500000,
    "costAndExpenses": 215300000,
    "interestIncome": 0,
    "interestExpense": 0,
    "depreciationAndAmortization": 6400000,
    "ebitda": 13200000,
    "ebitdaratio": 0.0613098003,
    "operatingIncome": 6800000,
    "operatingIncomeRatio": 0.0315838365,
    "totalOtherIncomeExpensesNet": -300000,
    "incomeBeforeTax": 6500000,
    "incomeBeforeTaxRatio": 0.030190432,
    "incomeTaxExpense": 2700000,
    "netIncome": 3800000,
    "netIncomeRatio": 0.017649791,
    "eps": 0.017499999930921054,
    "epsdiluted": 0.017499999930921054,
    "weightedAverageShsOut": 217142858,
    "weightedAverageShsOutDil": 217142858,
    "link": "https://www.sec.gov/Archives/edgar/data/719955/000095014998001568/0000950149-98-001568-index.htm",
    "finalLink": "https://www.sec.gov/Archives/edgar/data/719955/0000950149-98-001568.txt"
  },
  {
    "date": "1998-05-03",
    "symbol": "WSM",
    "reportedCurrency": "USD",
    "cik": "0000719955",
    "fillingDate": "1998-06-16",
    "acceptedDate": "1998-06-16 00:00:00",
    "calendarYear": "1998",
    "period": "Q1",
    "revenue": 206200000,
    "costOfRevenue": 121700000,
    "grossProfit": 84500000,
    "grossProfitRatio": 0.4097963143,
    "researchAndDevelopmentExpenses": 0,
    "generalAndAdministrativeExpenses": 0,
    "sellingAndMarketingExpenses": 0,
    "sellingGeneralAndAdministrativeExpenses": 74400000,
    "otherExpenses": 10100000,
    "operatingExpenses": 84500000,
    "costAndExpenses": 206200000,
    "interestIncome": 0,
    "interestExpense": 0,
    "depreciationAndAmortization": 6200000,
    "ebitda": 10100000,
    "ebitdaratio": 0.0489815713,
    "operatingIncome": 3900000,
    "operatingIncomeRatio": 0.018913676,
    "totalOtherIncomeExpensesNet": -300000,
    "incomeBeforeTax": 3600000,
    "incomeBeforeTaxRatio": 0.0174587779,
    "incomeTaxExpense": 1500000,
    "netIncome": 2100000,
    "netIncomeRatio": 0.0101842871,
    "eps": 0.01,
    "epsdiluted": 0.01,
    "weightedAverageShsOut": 210000000,
    "weightedAverageShsOutDil": 210000000,
    "link": "https://www.sec.gov/Archives/edgar/data/719955/000095014998001174/0000950149-98-001174-index.htm",
    "finalLink": "https://www.sec.gov/Archives/edgar/data/719955/0000950149-98-001174.txt"
  },
  {
    "date": "1998-02-01",
    "symbol": "WSM",
    "reportedCurrency": "USD",
    "cik": "0000719955",
    "fillingDate": "1998-04-22",
    "acceptedDate": "1998-04-22 00:00:00",
    "calendarYear": "1997",
    "period": "Q4",
    "revenue": 370500000,
    "costOfRevenue": 197200000,
    "grossProfit": 173300000,
    "grossProfitRatio": 0.4677462888,
    "researchAndDevelopmentExpenses": 0,
    "generalAndAdministrativeExpenses": 0,
    "sellingAndMarketingExpenses": 0,
    "sellingGeneralAndAdministrativeExpenses": 108200000,
    "otherExpenses": 65100000,
    "operatingExpenses": 173300000,
    "costAndExpenses": 370500000,
    "interestIncome": 0,
    "interestExpense": 0,
    "depreciationAndAmortization": 6400000,
    "ebitda": 65100000,
    "ebitdaratio": 0.175708502,
    "operatingIncome": 58700000,
    "operatingIncomeRatio": 0.1584345479,
    "totalOtherIncomeExpensesNet": -900000,
    "incomeBeforeTax": 57800000,
    "incomeBeforeTaxRatio": 0.1560053981,
    "incomeTaxExpense": 23600000,
    "netIncome": 34200000,
    "netIncomeRatio": 0.0923076923,
    "eps": 0.16768765074298525,
    "epsdiluted": 0.15526634429560032,
    "weightedAverageShsOut": 203950618,
    "weightedAverageShsOutDil": 220266666,
    "link": "https://www.sec.gov/Archives/edgar/data/719955/000095014998000750/0000950149-98-000750-index.htm",
    "finalLink": "https://www.sec.gov/Archives/edgar/data/719955/0000950149-98-000750.txt"
  },
  {
    "date": "1997-11-02",
    "symbol": "WSM",
    "reportedCurrency": "USD",
    "cik": "0000719955",
    "fillingDate": "1997-12-17",
    "acceptedDate": "1997-12-17 00:00:00",
    "calendarYear": "1997",
    "period": "Q3",
    "revenue": 203900000,
    "costOfRevenue": 120500000,
    "grossProfit": 83400000,
    "grossProfitRatio": 0.4090240314,
    "researchAndDevelopmentExpenses": 0,
    "generalAndAdministrativeExpenses": 0,
    "sellingAndMarketingExpenses": 0,
    "sellingGeneralAndAdministrativeExpenses": 70500000,
    "otherExpenses": 12900000,
    "operatingExpenses": 83400000,
    "costAndExpenses": 203900000,
    "interestIncome": 0,
    "interestExpense": 0,
    "depreciationAndAmortization": 6000000,
    "ebitda": 12900000,
    "ebitdaratio": 0.063266307,
    "operatingIncome": 6900000,
    "operatingIncomeRatio": 0.0338401177,
    "totalOtherIncomeExpensesNet": -1300000,
    "incomeBeforeTax": 5600000,
    "incomeBeforeTaxRatio": 0.0274644434,
    "incomeTaxExpense": 2400000,
    "netIncome": 3200000,
    "netIncomeRatio": 0.0156939676,
    "eps": 0.01750000008203125,
    "epsdiluted": 0.014999999953125,
    "weightedAverageShsOut": 182857142,
    "weightedAverageShsOutDil": 213333334,
    "link": "https://www.sec.gov/Archives/edgar/data/719955/000071995597000007/0000719955-97-000007-index.htm",
    "finalLink": "https://www.sec.gov/Archives/edgar/data/719955/0000719955-97-000007.txt"
  },
  {
    "date": "1997-08-03",
    "symbol": "WSM",
    "reportedCurrency": "USD",
    "cik": "0000719955",
    "fillingDate": "1997-09-16",
    "acceptedDate": "1997-09-16 00:00:00",
    "calendarYear": "1997",
    "period": "Q2",
    "revenue": 182400000,
    "costOfRevenue": 110900000,
    "grossProfit": 71500000,
    "grossProfitRatio": 0.391995614,
    "researchAndDevelopmentExpenses": 0,
    "generalAndAdministrativeExpenses": 0,
    "sellingAndMarketingExpenses": 0,
    "sellingGeneralAndAdministrativeExpenses": 60700000,
    "otherExpenses": 10800000,
    "operatingExpenses": 71500000,
    "costAndExpenses": 182400000,
    "interestIncome": 0,
    "interestExpense": 0,
    "depreciationAndAmortization": 5800000,
    "ebitda": 10800000,
    "ebitdaratio": 0.0592105263,
    "operatingIncome": 5000000,
    "operatingIncomeRatio": 0.0274122807,
    "totalOtherIncomeExpensesNet": -800000,
    "incomeBeforeTax": 4200000,
    "incomeBeforeTaxRatio": 0.0230263158,
    "incomeTaxExpense": 1800000,
    "netIncome": 2400000,
    "netIncomeRatio": 0.0131578947,
    "eps": 0.0125,
    "epsdiluted": 0.0125,
    "weightedAverageShsOut": 192000000,
    "weightedAverageShsOutDil": 192000000,
    "link": "https://www.sec.gov/Archives/edgar/data/719955/000095014997001720/0000950149-97-001720-index.htm",
    "finalLink": "https://www.sec.gov/Archives/edgar/data/719955/0000950149-97-001720.txt"
  },
  {
    "date": "1997-05-04",
    "symbol": "WSM",
    "reportedCurrency": "USD",
    "cik": "0000719955",
    "fillingDate": "1997-06-17",
    "acceptedDate": "1997-06-17 00:00:00",
    "calendarYear": "1997",
    "period": "Q1",
    "revenue": 176500000,
    "costOfRevenue": 104200000,
    "grossProfit": 72300000,
    "grossProfitRatio": 0.409631728,
    "researchAndDevelopmentExpenses": 0,
    "generalAndAdministrativeExpenses": 0,
    "sellingAndMarketingExpenses": 0,
    "sellingGeneralAndAdministrativeExpenses": 63300000,
    "otherExpenses": 9000000,
    "operatingExpenses": 72300000,
    "costAndExpenses": 176500000,
    "interestIncome": 0,
    "interestExpense": 0,
    "depreciationAndAmortization": 5800000,
    "ebitda": 9000000,
    "ebitdaratio": 0.0509915014,
    "operatingIncome": 3200000,
    "operatingIncomeRatio": 0.0181303116,
    "totalOtherIncomeExpensesNet": -800000,
    "incomeBeforeTax": 2400000,
    "incomeBeforeTaxRatio": 0.0135977337,
    "incomeTaxExpense": 1000000,
    "netIncome": 1400000,
    "netIncomeRatio": 0.0079320113,
    "eps": 0.007500000026785714,
    "epsdiluted": 0.007500000026785714,
    "weightedAverageShsOut": 186666666,
    "weightedAverageShsOutDil": 186666666,
    "link": "https://www.sec.gov/Archives/edgar/data/719955/000095014997001260/0000950149-97-001260-index.htm",
    "finalLink": "https://www.sec.gov/Archives/edgar/data/719955/0000950149-97-001260.txt"
  },
  {
    "date": "1997-02-02",
    "symbol": "WSM",
    "reportedCurrency": "USD",
    "cik": "0000719955",
    "fillingDate": "1997-05-01",
    "acceptedDate": "1997-05-01 00:00:00",
    "calendarYear": "1996",
    "period": "Q4",
    "revenue": 327700000,
    "costOfRevenue": 174300000,
    "grossProfit": 153400000,
    "grossProfitRatio": 0.4681110772,
    "researchAndDevelopmentExpenses": 0,
    "generalAndAdministrativeExpenses": 0,
    "sellingAndMarketingExpenses": 0,
    "sellingGeneralAndAdministrativeExpenses": 102900000,
    "otherExpenses": 50500000,
    "operatingExpenses": 153400000,
    "costAndExpenses": 327700000,
    "interestIncome": 0,
    "interestExpense": 0,
    "depreciationAndAmortization": 6000000,
    "ebitda": 50500000,
    "ebitdaratio": 0.1541043637,
    "operatingIncome": 44500000,
    "operatingIncomeRatio": 0.1357949344,
    "totalOtherIncomeExpensesNet": -500000,
    "incomeBeforeTax": 44000000,
    "incomeBeforeTaxRatio": 0.1342691486,
    "incomeTaxExpense": 18500000,
    "netIncome": 25500000,
    "netIncomeRatio": 0.0778150748,
    "eps": 0.12637665184319752,
    "epsdiluted": 0.12075991229325962,
    "weightedAverageShsOut": 201777778,
    "weightedAverageShsOutDil": 211162790,
    "link": "https://www.sec.gov/Archives/edgar/data/719955/000095014997000919/0000950149-97-000919-index.htm",
    "finalLink": "https://www.sec.gov/Archives/edgar/data/719955/0000950149-97-000919.txt"
  },
  {
    "date": "1996-10-27",
    "symbol": "WSM",
    "reportedCurrency": "USD",
    "cik": "0000719955",
    "fillingDate": "1996-12-10",
    "acceptedDate": "1996-12-10 00:00:00",
    "calendarYear": "1996",
    "period": "Q3",
    "revenue": 171200000,
    "costOfRevenue": 103000000,
    "grossProfit": 68200000,
    "grossProfitRatio": 0.398364486,
    "researchAndDevelopmentExpenses": 0,
    "generalAndAdministrativeExpenses": 0,
    "sellingAndMarketingExpenses": 0,
    "sellingGeneralAndAdministrativeExpenses": 60900000,
    "otherExpenses": 7300000,
    "operatingExpenses": 68200000,
    "costAndExpenses": 171200000,
    "interestIncome": 0,
    "interestExpense": 0,
    "depreciationAndAmortization": 5500000,
    "ebitda": 7300000,
    "ebitdaratio": 0.0426401869,
    "operatingIncome": 1800000,
    "operatingIncomeRatio": 0.0105140187,
    "totalOtherIncomeExpensesNet": -1400000,
    "incomeBeforeTax": 400000,
    "incomeBeforeTaxRatio": 0.0023364486,
    "incomeTaxExpense": 200000,
    "netIncome": 200000,
    "netIncomeRatio": 0.0011682243,
    "eps": 0.001,
    "epsdiluted": 0.001,
    "weightedAverageShsOut": 200000000,
    "weightedAverageShsOutDil": 200000000,
    "link": "https://www.sec.gov/Archives/edgar/data/719955/000095014996002008/0000950149-96-002008-index.htm",
    "finalLink": "https://www.sec.gov/Archives/edgar/data/719955/0000950149-96-002008.txt"
  },
  {
    "date": "1996-07-28",
    "symbol": "WSM",
    "reportedCurrency": "USD",
    "cik": "0000719955",
    "fillingDate": "1996-09-09",
    "acceptedDate": "1996-09-09 00:00:00",
    "calendarYear": "1996",
    "period": "Q2",
    "revenue": 155500000,
    "costOfRevenue": 96700000,
    "grossProfit": 58800000,
    "grossProfitRatio": 0.3781350482,
    "researchAndDevelopmentExpenses": 0,
    "generalAndAdministrativeExpenses": 0,
    "sellingAndMarketingExpenses": 0,
    "sellingGeneralAndAdministrativeExpenses": 53500000,
    "otherExpenses": 5300000,
    "operatingExpenses": 58800000,
    "costAndExpenses": 155500000,
    "interestIncome": 0,
    "interestExpense": 0,
    "depreciationAndAmortization": 4900000,
    "ebitda": 5300000,
    "ebitdaratio": 0.0340836013,
    "operatingIncome": 400000,
    "operatingIncomeRatio": 0.0025723473,
    "totalOtherIncomeExpensesNet": -1500000,
    "incomeBeforeTax": -1100000,
    "incomeBeforeTaxRatio": -0.007073955,
    "incomeTaxExpense": -500000,
    "netIncome": -600000,
    "netIncomeRatio": -0.0038585209,
    "eps": -0.0025,
    "epsdiluted": -0.0025,
    "weightedAverageShsOut": 240000000,
    "weightedAverageShsOutDil": 240000000,
    "link": "https://www.sec.gov/Archives/edgar/data/719955/000071995596000009/0000719955-96-000009-index.htm",
    "finalLink": "https://www.sec.gov/Archives/edgar/data/719955/0000719955-96-000009.txt"
  },
  {
    "date": "1996-04-28",
    "symbol": "WSM",
    "reportedCurrency": "USD",
    "cik": "0000719955",
    "fillingDate": "1996-06-11",
    "acceptedDate": "1996-06-11 00:00:00",
    "calendarYear": "1996",
    "period": "Q1",
    "revenue": 157400000,
    "costOfRevenue": 98300000,
    "grossProfit": 59100000,
    "grossProfitRatio": 0.375476493,
    "researchAndDevelopmentExpenses": 0,
    "generalAndAdministrativeExpenses": 0,
    "sellingAndMarketingExpenses": 0,
    "sellingGeneralAndAdministrativeExpenses": 57200000,
    "otherExpenses": 1900000,
    "operatingExpenses": 59100000,
    "costAndExpenses": 157400000,
    "interestIncome": 0,
    "interestExpense": 0,
    "depreciationAndAmortization": 4500000,
    "ebitda": 1900000,
    "ebitdaratio": 0.0120711563,
    "operatingIncome": -2600000,
    "operatingIncomeRatio": -0.0165184244,
    "totalOtherIncomeExpensesNet": -1500000,
    "incomeBeforeTax": -4100000,
    "incomeBeforeTaxRatio": -0.0260482846,
    "incomeTaxExpense": -1700000,
    "netIncome": -2400000,
    "netIncomeRatio": -0.0152477764,
    "eps": -0.0125,
    "epsdiluted": -0.0125,
    "weightedAverageShsOut": 192000000,
    "weightedAverageShsOutDil": 192000000,
    "link": "https://www.sec.gov/Archives/edgar/data/719955/000071995596000003/0000719955-96-000003-index.htm",
    "finalLink": "https://www.sec.gov/Archives/edgar/data/719955/0000719955-96-000003.txt"
  },
  {
    "date": "1996-01-28",
    "symbol": "WSM",
    "reportedCurrency": "USD",
    "cik": "0000719955",
    "fillingDate": "1996-04-26",
    "acceptedDate": "1996-04-26 00:00:00",
    "calendarYear": "1995",
    "period": "Q4",
    "revenue": 260400000,
    "costOfRevenue": 159100000,
    "grossProfit": 101300000,
    "grossProfitRatio": 0.3890168971,
    "researchAndDevelopmentExpenses": 0,
    "generalAndAdministrativeExpenses": 0,
    "sellingAndMarketingExpenses": 0,
    "sellingGeneralAndAdministrativeExpenses": 84000000,
    "otherExpenses": 17300000,
    "operatingExpenses": 101300000,
    "costAndExpenses": 260400000,
    "interestIncome": 0,
    "interestExpense": 0,
    "depreciationAndAmortization": 3100000,
    "ebitda": 17300000,
    "ebitdaratio": 0.0664362519,
    "operatingIncome": 14200000,
    "operatingIncomeRatio": 0.05453149,
    "totalOtherIncomeExpensesNet": -1700000,
    "incomeBeforeTax": 12500000,
    "incomeBeforeTaxRatio": 0.0480030722,
    "incomeTaxExpense": 5200000,
    "netIncome": 7300000,
    "netIncomeRatio": 0.0280337942,
    "eps": 0.0365,
    "epsdiluted": 0.0365,
    "weightedAverageShsOut": 200000000,
    "weightedAverageShsOutDil": 200000000,
    "link": "https://www.sec.gov/Archives/edgar/data/719955/000095014996000427/0000950149-96-000427-index.htm",
    "finalLink": "https://www.sec.gov/Archives/edgar/data/719955/0000950149-96-000427.txt"
  },
  {
    "date": "1995-10-29",
    "symbol": "WSM",
    "reportedCurrency": "USD",
    "cik": "0000719955",
    "fillingDate": "1995-12-13",
    "acceptedDate": "1995-12-13 00:00:00",
    "calendarYear": "1995",
    "period": "Q3",
    "revenue": 138400000,
    "costOfRevenue": 85400000,
    "grossProfit": 53000000,
    "grossProfitRatio": 0.3829479769,
    "researchAndDevelopmentExpenses": 0,
    "generalAndAdministrativeExpenses": 0,
    "sellingAndMarketingExpenses": 0,
    "sellingGeneralAndAdministrativeExpenses": 52700000,
    "otherExpenses": 300000,
    "operatingExpenses": 53000000,
    "costAndExpenses": 138400000,
    "interestIncome": 0,
    "interestExpense": 0,
    "depreciationAndAmortization": 4800000,
    "ebitda": 300000,
    "ebitdaratio": 0.0021676301,
    "operatingIncome": -4500000,
    "operatingIncomeRatio": -0.0325144509,
    "totalOtherIncomeExpensesNet": -1800000,
    "incomeBeforeTax": -6300000,
    "incomeBeforeTaxRatio": -0.0455202312,
    "incomeTaxExpense": -2600000,
    "netIncome": -3700000,
    "netIncomeRatio": -0.026734104,
    "eps": -0.017499999952702704,
    "epsdiluted": -0.017499999952702704,
    "weightedAverageShsOut": 211428572,
    "weightedAverageShsOutDil": 211428572,
    "link": "https://www.sec.gov/Archives/edgar/data/719955/000095014995000880/0000950149-95-000880-index.htm",
    "finalLink": "https://www.sec.gov/Archives/edgar/data/719955/0000950149-95-000880.txt"
  }
]