[
  {
    "date": "2025-06-30",
    "symbol": "WST",
    "reportedCurrency": "USD",
    "cik": "0000105770",
    "fillingDate": "2025-07-24",
    "acceptedDate": "2025-07-24 16:22:04",
    "calendarYear": "2025",
    "period": "Q2",
    "revenue": 766200000,
    "costOfRevenue": 493000000,
    "grossProfit": 273200000,
    "grossProfitRatio": 0.3565648656,
    "researchAndDevelopmentExpenses": 19100000,
    "generalAndAdministrativeExpenses": 0,
    "sellingAndMarketingExpenses": 0,
    "sellingGeneralAndAdministrativeExpenses": 95900000,
    "otherExpenses": 0,
    "operatingExpenses": 115000000,
    "costAndExpenses": 608000000,
    "interestIncome": 3600000,
    "interestExpense": 100000,
    "depreciationAndAmortization": 41400000,
    "ebitda": 198500000,
    "ebitdaratio": 0.2590707387,
    "operatingIncome": 158200000,
    "operatingIncomeRatio": 0.2064735056,
    "totalOtherIncomeExpensesNet": 3800000,
    "incomeBeforeTax": 162000000,
    "incomeBeforeTaxRatio": 0.2114330462,
    "incomeTaxExpense": 30200000,
    "netIncome": 131800000,
    "netIncomeRatio": 0.1720177499,
    "eps": 1.82,
    "epsdiluted": 1.82,
    "weightedAverageShsOut": 72300000,
    "weightedAverageShsOutDil": 72800000,
    "link": "https://www.sec.gov/Archives/edgar/data/105770/000010577025000065/0000105770-25-000065-index.htm",
    "finalLink": "https://www.sec.gov/Archives/edgar/data/105770/000010577025000065/wst-20250630.htm"
  },
  {
    "date": "2025-03-31",
    "symbol": "WST",
    "reportedCurrency": "USD",
    "cik": "0000105770",
    "fillingDate": "2025-04-24",
    "acceptedDate": "2025-04-24 16:19:45",
    "calendarYear": "2025",
    "period": "Q1",
    "revenue": 698200000,
    "costOfRevenue": 465500000,
    "grossProfit": 232700000,
    "grossProfitRatio": 0.3332855915,
    "researchAndDevelopmentExpenses": 16300000,
    "generalAndAdministrativeExpenses": 0,
    "sellingAndMarketingExpenses": 0,
    "sellingGeneralAndAdministrativeExpenses": 88000000,
    "otherExpenses": 0,
    "operatingExpenses": 104300000,
    "costAndExpenses": 569800000,
    "interestIncome": 4100000,
    "interestExpense": 400000,
    "depreciationAndAmortization": 40000000,
    "ebitda": 150900000,
    "ebitdaratio": 0.2161271842,
    "operatingIncome": 128400000,
    "operatingIncomeRatio": 0.1839014609,
    "totalOtherIncomeExpensesNet": -14500000,
    "incomeBeforeTax": 113900000,
    "incomeBeforeTaxRatio": 0.1631337726,
    "incomeTaxExpense": 24100000,
    "netIncome": 89800000,
    "netIncomeRatio": 0.1286164423,
    "eps": 1.24,
    "epsdiluted": 1.23,
    "weightedAverageShsOut": 72500000,
    "weightedAverageShsOutDil": 73000000,
    "link": "https://www.sec.gov/Archives/edgar/data/105770/000010577025000036/0000105770-25-000036-index.htm",
    "finalLink": "https://www.sec.gov/Archives/edgar/data/105770/000010577025000036/wst-20250331.htm"
  },
  {
    "date": "2024-12-31",
    "symbol": "WST",
    "reportedCurrency": "USD",
    "cik": "0000105770",
    "fillingDate": "2025-02-18",
    "acceptedDate": "2025-02-18 16:44:56",
    "calendarYear": "2024",
    "period": "Q4",
    "revenue": 748500000,
    "costOfRevenue": 474100000,
    "grossProfit": 274400000,
    "grossProfitRatio": 0.3665998664,
    "researchAndDevelopmentExpenses": 18500000,
    "generalAndAdministrativeExpenses": 0,
    "sellingAndMarketingExpenses": 0,
    "sellingGeneralAndAdministrativeExpenses": 85300000,
    "otherExpenses": 0,
    "operatingExpenses": 103800000,
    "costAndExpenses": 577900000,
    "interestIncome": 4800000,
    "interestExpense": 0,
    "depreciationAndAmortization": 40700000,
    "ebitda": 205600000,
    "ebitdaratio": 0.2746826987,
    "operatingIncome": 170600000,
    "operatingIncomeRatio": 0.2279225117,
    "totalOtherIncomeExpensesNet": -3700000,
    "incomeBeforeTax": 166900000,
    "incomeBeforeTaxRatio": 0.2229792919,
    "incomeTaxExpense": 36800000,
    "netIncome": 130100000,
    "netIncomeRatio": 0.1738142953,
    "eps": 1.79,
    "epsdiluted": 1.78,
    "weightedAverageShsOut": 73000000,
    "weightedAverageShsOutDil": 73700000,
    "link": "https://www.sec.gov/Archives/edgar/data/105770/000010577025000013/0000105770-25-000013-index.htm",
    "finalLink": "https://www.sec.gov/Archives/edgar/data/105770/000010577025000013/wst-20241231.htm"
  },
  {
    "date": "2024-09-30",
    "symbol": "WST",
    "reportedCurrency": "USD",
    "cik": "0000105770",
    "fillingDate": "2024-10-24",
    "acceptedDate": "2024-10-24 16:21:38",
    "calendarYear": "2024",
    "period": "Q3",
    "revenue": 746900000,
    "costOfRevenue": 481700000,
    "grossProfit": 265200000,
    "grossProfitRatio": 0.3550676128,
    "researchAndDevelopmentExpenses": 15500000,
    "generalAndAdministrativeExpenses": 0,
    "sellingAndMarketingExpenses": 0,
    "sellingGeneralAndAdministrativeExpenses": 81900000,
    "otherExpenses": 0,
    "operatingExpenses": 97400000,
    "costAndExpenses": 579100000,
    "interestIncome": 4600000,
    "interestExpense": 700000,
    "depreciationAndAmortization": 40200000,
    "ebitda": 205400000,
    "ebitdaratio": 0.2750033472,
    "operatingIncome": 167800000,
    "operatingIncomeRatio": 0.224661936,
    "totalOtherIncomeExpensesNet": 600000,
    "incomeBeforeTax": 168400000,
    "incomeBeforeTaxRatio": 0.2254652564,
    "incomeTaxExpense": 32400000,
    "netIncome": 136000000,
    "netIncomeRatio": 0.1820859553,
    "eps": 1.87,
    "epsdiluted": 1.85,
    "weightedAverageShsOut": 72800000,
    "weightedAverageShsOutDil": 73400000,
    "link": "https://www.sec.gov/Archives/edgar/data/105770/000010577024000081/0000105770-24-000081-index.htm",
    "finalLink": "https://www.sec.gov/Archives/edgar/data/105770/000010577024000081/wst-20240930.htm"
  },
  {
    "date": "2024-06-30",
    "symbol": "WST",
    "reportedCurrency": "USD",
    "cik": "0000105770",
    "fillingDate": "2024-07-25",
    "acceptedDate": "2024-07-25 16:10:57",
    "calendarYear": "2024",
    "period": "Q2",
    "revenue": 702000000,
    "costOfRevenue": 470700000,
    "grossProfit": 231300000,
    "grossProfitRatio": 0.3294871795,
    "researchAndDevelopmentExpenses": 17500000,
    "generalAndAdministrativeExpenses": 0,
    "sellingAndMarketingExpenses": 0,
    "sellingGeneralAndAdministrativeExpenses": 83000000,
    "otherExpenses": 0,
    "operatingExpenses": 100500000,
    "costAndExpenses": 571200000,
    "interestIncome": 4000000,
    "interestExpense": 1500000,
    "depreciationAndAmortization": 38900000,
    "ebitda": 169100000,
    "ebitdaratio": 0.2408831909,
    "operatingIncome": 130800000,
    "operatingIncomeRatio": 0.1863247863,
    "totalOtherIncomeExpensesNet": 2399999,
    "incomeBeforeTax": 133199999,
    "incomeBeforeTaxRatio": 0.1897435883,
    "incomeTaxExpense": 21900000,
    "netIncome": 111300000,
    "netIncomeRatio": 0.1585470085,
    "eps": 1.52,
    "epsdiluted": 1.51,
    "weightedAverageShsOut": 73000000,
    "weightedAverageShsOutDil": 73700000,
    "link": "https://www.sec.gov/Archives/edgar/data/105770/000010577024000066/0000105770-24-000066-index.htm",
    "finalLink": "https://www.sec.gov/Archives/edgar/data/105770/000010577024000066/wst-20240630.htm"
  },
  {
    "date": "2024-03-31",
    "symbol": "WST",
    "reportedCurrency": "USD",
    "cik": "0000105770",
    "fillingDate": "2024-04-25",
    "acceptedDate": "2024-04-25 16:24:24",
    "calendarYear": "2024",
    "period": "Q1",
    "revenue": 695300000,
    "costOfRevenue": 464000000,
    "grossProfit": 231300000,
    "grossProfitRatio": 0.3326621602,
    "researchAndDevelopmentExpenses": 17600000,
    "generalAndAdministrativeExpenses": 0,
    "sellingAndMarketingExpenses": 0,
    "sellingGeneralAndAdministrativeExpenses": 86700000,
    "otherExpenses": 0,
    "operatingExpenses": 104300000,
    "costAndExpenses": 568300000,
    "interestIncome": 6200000,
    "interestExpense": 1500000,
    "depreciationAndAmortization": 35600000,
    "ebitda": 164500000,
    "ebitdaratio": 0.2365885229,
    "operatingIncome": 127000000,
    "operatingIncomeRatio": 0.1826549691,
    "totalOtherIncomeExpensesNet": 4700000,
    "incomeBeforeTax": 131700000,
    "incomeBeforeTaxRatio": 0.1894146412,
    "incomeTaxExpense": 16400000,
    "netIncome": 115300000,
    "netIncomeRatio": 0.1658277003,
    "eps": 1.57,
    "epsdiluted": 1.55,
    "weightedAverageShsOut": 73500000,
    "weightedAverageShsOutDil": 74300000,
    "link": "https://www.sec.gov/Archives/edgar/data/105770/000010577024000031/0000105770-24-000031-index.htm",
    "finalLink": "https://www.sec.gov/Archives/edgar/data/105770/000010577024000031/wst-20240331.htm"
  },
  {
    "date": "2023-12-31",
    "symbol": "WST",
    "reportedCurrency": "USD",
    "cik": "0000105770",
    "fillingDate": "2024-02-20",
    "acceptedDate": "2024-02-20 16:44:29",
    "calendarYear": "2023",
    "period": "Q4",
    "revenue": 732100000,
    "costOfRevenue": 453100000,
    "grossProfit": 279000000,
    "grossProfitRatio": 0.3810954788,
    "researchAndDevelopmentExpenses": 18400000,
    "generalAndAdministrativeExpenses": 0,
    "sellingAndMarketingExpenses": 0,
    "sellingGeneralAndAdministrativeExpenses": 90000000,
    "otherExpenses": 0,
    "operatingExpenses": 108400000,
    "costAndExpenses": 561500000,
    "interestIncome": 9400000,
    "interestExpense": 1100000,
    "depreciationAndAmortization": 35900000,
    "ebitda": 205200000,
    "ebitdaratio": 0.2802895779,
    "operatingIncome": 170600000,
    "operatingIncomeRatio": 0.2330282748,
    "totalOtherIncomeExpensesNet": 900000,
    "incomeBeforeTax": 171500000,
    "incomeBeforeTaxRatio": 0.2342576151,
    "incomeTaxExpense": 34500000,
    "netIncome": 137000000,
    "netIncomeRatio": 0.1871329053,
    "eps": 1.85,
    "epsdiluted": 1.83,
    "weightedAverageShsOut": 74100000,
    "weightedAverageShsOutDil": 75000000,
    "link": "https://www.sec.gov/Archives/edgar/data/105770/000010577024000015/0000105770-24-000015-index.htm",
    "finalLink": "https://www.sec.gov/Archives/edgar/data/105770/000010577024000015/wst-20231231.htm"
  },
  {
    "date": "2023-09-30",
    "symbol": "WST",
    "reportedCurrency": "USD",
    "cik": "0000105770",
    "fillingDate": "2023-10-26",
    "acceptedDate": "2023-10-26 16:26:21",
    "calendarYear": "2023",
    "period": "Q3",
    "revenue": 747500000,
    "costOfRevenue": 458000000,
    "grossProfit": 289500000,
    "grossProfitRatio": 0.3872909699,
    "researchAndDevelopmentExpenses": 16399999,
    "generalAndAdministrativeExpenses": 0,
    "sellingAndMarketingExpenses": 0,
    "sellingGeneralAndAdministrativeExpenses": 89000000,
    "otherExpenses": -6999999,
    "operatingExpenses": 98400000,
    "costAndExpenses": 556400000,
    "interestIncome": 8800000,
    "interestExpense": 2900000,
    "depreciationAndAmortization": 35700000,
    "ebitda": 225600000,
    "ebitdaratio": 0.3018060201,
    "operatingIncome": 191100000,
    "operatingIncomeRatio": 0.2556521739,
    "totalOtherIncomeExpensesNet": -400000,
    "incomeBeforeTax": 190700000,
    "incomeBeforeTaxRatio": 0.2551170569,
    "incomeTaxExpense": 29400000,
    "netIncome": 161300000,
    "netIncomeRatio": 0.2157859532,
    "eps": 2.17,
    "epsdiluted": 2.14,
    "weightedAverageShsOut": 74300000,
    "weightedAverageShsOutDil": 75300000,
    "link": "https://www.sec.gov/Archives/edgar/data/105770/000010577023000068/0000105770-23-000068-index.htm",
    "finalLink": "https://www.sec.gov/Archives/edgar/data/105770/000010577023000068/wst-20230930.htm"
  },
  {
    "date": "2023-06-30",
    "symbol": "WST",
    "reportedCurrency": "USD",
    "cik": "0000105770",
    "fillingDate": "2023-07-27",
    "acceptedDate": "2023-07-27 16:16:35",
    "calendarYear": "2023",
    "period": "Q2",
    "revenue": 754200000,
    "costOfRevenue": 462000000,
    "grossProfit": 292200000,
    "grossProfitRatio": 0.3874303898,
    "researchAndDevelopmentExpenses": 16500000,
    "generalAndAdministrativeExpenses": 0,
    "sellingAndMarketingExpenses": 0,
    "sellingGeneralAndAdministrativeExpenses": 88400000,
    "otherExpenses": 0,
    "operatingExpenses": 104900000,
    "costAndExpenses": 566900000,
    "interestIncome": 5000000,
    "interestExpense": 2600000,
    "depreciationAndAmortization": 34100000,
    "ebitda": 221600000,
    "ebitdaratio": 0.2938212676,
    "operatingIncome": 187300000,
    "operatingIncomeRatio": 0.2483426147,
    "totalOtherIncomeExpensesNet": 2600000,
    "incomeBeforeTax": 189900000,
    "incomeBeforeTaxRatio": 0.2517899761,
    "incomeTaxExpense": 34800000,
    "netIncome": 155100000,
    "netIncomeRatio": 0.2056483691,
    "eps": 2.09,
    "epsdiluted": 2.06,
    "weightedAverageShsOut": 74300000,
    "weightedAverageShsOutDil": 75400000,
    "link": "https://www.sec.gov/Archives/edgar/data/105770/000010577023000048/0000105770-23-000048-index.htm",
    "finalLink": "https://www.sec.gov/Archives/edgar/data/105770/000010577023000048/wst-20230630.htm"
  },
  {
    "date": "2023-03-31",
    "symbol": "WST",
    "reportedCurrency": "USD",
    "cik": "0000105770",
    "fillingDate": "2023-04-27",
    "acceptedDate": "2023-04-27 16:10:11",
    "calendarYear": "2023",
    "period": "Q1",
    "revenue": 715900000,
    "costOfRevenue": 445300000,
    "grossProfit": 270600000,
    "grossProfitRatio": 0.3779857522,
    "researchAndDevelopmentExpenses": 17100000,
    "generalAndAdministrativeExpenses": 0,
    "sellingAndMarketingExpenses": 0,
    "sellingGeneralAndAdministrativeExpenses": 86000000,
    "otherExpenses": 0,
    "operatingExpenses": 103100000,
    "costAndExpenses": 548400000,
    "interestIncome": 4800000,
    "interestExpense": 2200000,
    "depreciationAndAmortization": 31600000,
    "ebitda": 191700000,
    "ebitdaratio": 0.2677748289,
    "operatingIncome": 167500000,
    "operatingIncomeRatio": 0.233971225,
    "totalOtherIncomeExpensesNet": -3900000,
    "incomeBeforeTax": 163600000,
    "incomeBeforeTaxRatio": 0.2285235368,
    "incomeTaxExpense": 23600000,
    "netIncome": 140000000,
    "netIncomeRatio": 0.1955580388,
    "eps": 1.88,
    "epsdiluted": 1.85,
    "weightedAverageShsOut": 74500000,
    "weightedAverageShsOutDil": 75700000,
    "link": "https://www.sec.gov/Archives/edgar/data/105770/000010577023000023/0000105770-23-000023-index.htm",
    "finalLink": "https://www.sec.gov/Archives/edgar/data/105770/000010577023000023/wst-20230331.htm"
  },
  {
    "date": "2022-12-31",
    "symbol": "WST",
    "reportedCurrency": "USD",
    "cik": "0000105770",
    "fillingDate": "2023-02-21",
    "acceptedDate": "2023-02-21 16:18:23",
    "calendarYear": "2022",
    "period": "Q4",
    "revenue": 708400000,
    "costOfRevenue": 445000000,
    "grossProfit": 263399999,
    "grossProfitRatio": 0.3718238269,
    "researchAndDevelopmentExpenses": 15900000,
    "generalAndAdministrativeExpenses": 0,
    "sellingAndMarketingExpenses": 0,
    "sellingGeneralAndAdministrativeExpenses": 85700000,
    "otherExpenses": 0,
    "operatingExpenses": 101600000,
    "costAndExpenses": 546600000,
    "interestIncome": 2900000,
    "interestExpense": 1600000,
    "depreciationAndAmortization": 31100000,
    "ebitda": 161400000,
    "ebitdaratio": 0.22783738,
    "operatingIncome": 161800000,
    "operatingIncomeRatio": 0.2284020327,
    "totalOtherIncomeExpensesNet": -29900000,
    "incomeBeforeTax": 131899999,
    "incomeBeforeTaxRatio": 0.1861942391,
    "incomeTaxExpense": 28900000,
    "netIncome": 103000000,
    "netIncomeRatio": 0.1453980802,
    "eps": 1.38,
    "epsdiluted": 1.36,
    "weightedAverageShsOut": 74400000,
    "weightedAverageShsOutDil": 75600000,
    "link": "https://www.sec.gov/Archives/edgar/data/105770/000010577023000012/0000105770-23-000012-index.htm",
    "finalLink": "https://www.sec.gov/Archives/edgar/data/105770/000010577023000012/wst-20221231.htm"
  },
  {
    "date": "2022-09-30",
    "symbol": "WST",
    "reportedCurrency": "USD",
    "cik": "0000105770",
    "fillingDate": "2022-10-27",
    "acceptedDate": "2022-10-27 16:21:38",
    "calendarYear": "2022",
    "period": "Q3",
    "revenue": 686400000,
    "costOfRevenue": 418900000,
    "grossProfit": 267500000,
    "grossProfitRatio": 0.3897144522,
    "researchAndDevelopmentExpenses": 13600000,
    "generalAndAdministrativeExpenses": 0,
    "sellingAndMarketingExpenses": 0,
    "sellingGeneralAndAdministrativeExpenses": 66300000,
    "otherExpenses": 0,
    "operatingExpenses": 79900000,
    "costAndExpenses": 498800000,
    "interestIncome": 1500000,
    "interestExpense": 2100000,
    "depreciationAndAmortization": 29800000,
    "ebitda": 168100000,
    "ebitdaratio": 0.2449009324,
    "operatingIncome": 187600000,
    "operatingIncomeRatio": 0.2733100233,
    "totalOtherIncomeExpensesNet": -46600000,
    "incomeBeforeTax": 141000000,
    "incomeBeforeTaxRatio": 0.2054195804,
    "incomeTaxExpense": 20400000,
    "netIncome": 120600000,
    "netIncomeRatio": 0.1756993007,
    "eps": 1.62,
    "epsdiluted": 1.59,
    "weightedAverageShsOut": 74400000,
    "weightedAverageShsOutDil": 75700000,
    "link": "https://www.sec.gov/Archives/edgar/data/105770/000010577022000054/0000105770-22-000054-index.htm",
    "finalLink": "https://www.sec.gov/Archives/edgar/data/105770/000010577022000054/wst-20220930.htm"
  },
  {
    "date": "2022-06-30",
    "symbol": "WST",
    "reportedCurrency": "USD",
    "cik": "0000105770",
    "fillingDate": "2022-07-28",
    "acceptedDate": "2022-07-28 16:04:56",
    "calendarYear": "2022",
    "period": "Q2",
    "revenue": 771600000,
    "costOfRevenue": 451800000,
    "grossProfit": 319800000,
    "grossProfitRatio": 0.4144634526,
    "researchAndDevelopmentExpenses": 14400000,
    "generalAndAdministrativeExpenses": 0,
    "sellingAndMarketingExpenses": 0,
    "sellingGeneralAndAdministrativeExpenses": 81500000,
    "otherExpenses": 0,
    "operatingExpenses": 95900000,
    "costAndExpenses": 547700000,
    "interestIncome": 400000,
    "interestExpense": 1800000,
    "depreciationAndAmortization": 30100000,
    "ebitda": 259100000,
    "ebitdaratio": 0.3357957491,
    "operatingIncome": 223900000,
    "operatingIncomeRatio": 0.2901762571,
    "totalOtherIncomeExpensesNet": 8800000,
    "incomeBeforeTax": 232700000,
    "incomeBeforeTaxRatio": 0.3015811301,
    "incomeTaxExpense": 44200000,
    "netIncome": 188500000,
    "netIncomeRatio": 0.2442975635,
    "eps": 2.53,
    "epsdiluted": 2.49,
    "weightedAverageShsOut": 74400000,
    "weightedAverageShsOutDil": 75800000,
    "link": "https://www.sec.gov/Archives/edgar/data/105770/000010577022000047/0000105770-22-000047-index.htm",
    "finalLink": "https://www.sec.gov/Archives/edgar/data/105770/000010577022000047/wst-20220630.htm"
  },
  {
    "date": "2022-03-31",
    "symbol": "WST",
    "reportedCurrency": "USD",
    "cik": "0000105770",
    "fillingDate": "2022-04-28",
    "acceptedDate": "2022-04-28 16:04:01",
    "calendarYear": "2022",
    "period": "Q1",
    "revenue": 719700000,
    "costOfRevenue": 434900000,
    "grossProfit": 284800000,
    "grossProfitRatio": 0.3957204391,
    "researchAndDevelopmentExpenses": 14600000,
    "generalAndAdministrativeExpenses": 0,
    "sellingAndMarketingExpenses": 0,
    "sellingGeneralAndAdministrativeExpenses": 83400000,
    "otherExpenses": 0,
    "operatingExpenses": 98000000,
    "costAndExpenses": 532900000,
    "interestIncome": 300000,
    "interestExpense": 2100000,
    "depreciationAndAmortization": 29600000,
    "ebitda": 219100000,
    "ebitdaratio": 0.3044324024,
    "operatingIncome": 186800000,
    "operatingIncomeRatio": 0.2595525914,
    "totalOtherIncomeExpensesNet": 8200000,
    "incomeBeforeTax": 195000000,
    "incomeBeforeTaxRatio": 0.2709462276,
    "incomeTaxExpense": 21200000,
    "netIncome": 173800000,
    "netIncomeRatio": 0.2414895095,
    "eps": 2.34,
    "epsdiluted": 2.29,
    "weightedAverageShsOut": 74400000,
    "weightedAverageShsOutDil": 76000000,
    "link": "https://www.sec.gov/Archives/edgar/data/105770/000010577022000017/0000105770-22-000017-index.htm",
    "finalLink": "https://www.sec.gov/Archives/edgar/data/105770/000010577022000017/wst-20220331.htm"
  },
  {
    "date": "2021-12-31",
    "symbol": "WST",
    "reportedCurrency": "USD",
    "cik": "0000105770",
    "fillingDate": "2022-02-22",
    "acceptedDate": "2022-02-22 16:22:31",
    "calendarYear": "2021",
    "period": "Q4",
    "revenue": 729000000,
    "costOfRevenue": 436400000,
    "grossProfit": 292600000,
    "grossProfitRatio": 0.4013717421,
    "researchAndDevelopmentExpenses": 13700000,
    "generalAndAdministrativeExpenses": 0,
    "sellingAndMarketingExpenses": 0,
    "sellingGeneralAndAdministrativeExpenses": 98000000,
    "otherExpenses": 0,
    "operatingExpenses": 111700000,
    "costAndExpenses": 548100000,
    "interestIncome": 300000,
    "interestExpense": 3100000,
    "depreciationAndAmortization": 34400000,
    "ebitda": 219400000,
    "ebitdaratio": 0.3009602195,
    "operatingIncome": 180900000,
    "operatingIncomeRatio": 0.2481481481,
    "totalOtherIncomeExpensesNet": 1000000,
    "incomeBeforeTax": 181900000,
    "incomeBeforeTaxRatio": 0.2495198903,
    "incomeTaxExpense": 34200000,
    "netIncome": 147700000,
    "netIncomeRatio": 0.20260631,
    "eps": 1.98,
    "epsdiluted": 1.93,
    "weightedAverageShsOut": 74500000,
    "weightedAverageShsOutDil": 76400000,
    "link": "https://www.sec.gov/Archives/edgar/data/105770/000162828022003342/0001628280-22-003342-index.htm",
    "finalLink": "https://www.sec.gov/Archives/edgar/data/105770/000162828022003342/wst-20211231.htm"
  },
  {
    "date": "2021-09-30",
    "symbol": "WST",
    "reportedCurrency": "USD",
    "cik": "0000105770",
    "fillingDate": "2021-10-28",
    "acceptedDate": "2021-10-28 16:01:25",
    "calendarYear": "2021",
    "period": "Q3",
    "revenue": 706600000,
    "costOfRevenue": 418100000,
    "grossProfit": 288500000,
    "grossProfitRatio": 0.4082932352,
    "researchAndDevelopmentExpenses": 13100000,
    "generalAndAdministrativeExpenses": 0,
    "sellingAndMarketingExpenses": 0,
    "sellingGeneralAndAdministrativeExpenses": 91900000,
    "otherExpenses": 0,
    "operatingExpenses": 105000000,
    "costAndExpenses": 523100000,
    "interestIncome": 400000,
    "interestExpense": 1700000,
    "depreciationAndAmortization": 30000000,
    "ebitda": 212800000,
    "ebitdaratio": 0.3011604868,
    "operatingIncome": 183500000,
    "operatingIncomeRatio": 0.2596943108,
    "totalOtherIncomeExpensesNet": 4100000,
    "incomeBeforeTax": 187600000,
    "incomeBeforeTaxRatio": 0.265496745,
    "incomeTaxExpense": 12000000,
    "netIncome": 175600000,
    "netIncomeRatio": 0.2485140108,
    "eps": 2.37,
    "epsdiluted": 2.31,
    "weightedAverageShsOut": 74100000,
    "weightedAverageShsOutDil": 76000000,
    "link": "https://www.sec.gov/Archives/edgar/data/105770/000010577021000083/0000105770-21-000083-index.htm",
    "finalLink": "https://www.sec.gov/Archives/edgar/data/105770/000010577021000083/wst-20210930.htm"
  },
  {
    "date": "2021-06-30",
    "symbol": "WST",
    "reportedCurrency": "USD",
    "cik": "0000105770",
    "fillingDate": "2021-07-30",
    "acceptedDate": "2021-07-30 07:58:00",
    "calendarYear": "2021",
    "period": "Q2",
    "revenue": 724100000,
    "costOfRevenue": 407700000,
    "grossProfit": 316400000,
    "grossProfitRatio": 0.4369562215,
    "researchAndDevelopmentExpenses": 13800000,
    "generalAndAdministrativeExpenses": 0,
    "sellingAndMarketingExpenses": 0,
    "sellingGeneralAndAdministrativeExpenses": 92700000,
    "otherExpenses": 0,
    "operatingExpenses": 106500000,
    "costAndExpenses": 514200000,
    "interestIncome": 200000,
    "interestExpense": 1800000,
    "depreciationAndAmortization": 28800000,
    "ebitda": 241600000,
    "ebitdaratio": 0.3336555724,
    "operatingIncome": 209900000,
    "operatingIncomeRatio": 0.2898770888,
    "totalOtherIncomeExpensesNet": 9700000,
    "incomeBeforeTax": 219600000,
    "incomeBeforeTaxRatio": 0.3032730286,
    "incomeTaxExpense": 32300000,
    "netIncome": 187300000,
    "netIncomeRatio": 0.2586659301,
    "eps": 2.53,
    "epsdiluted": 2.47,
    "weightedAverageShsOut": 74000000,
    "weightedAverageShsOutDil": 75700000,
    "link": "https://www.sec.gov/Archives/edgar/data/105770/000010577021000055/0000105770-21-000055-index.htm",
    "finalLink": "https://www.sec.gov/Archives/edgar/data/105770/000010577021000055/wst-20210630.htm"
  },
  {
    "date": "2021-03-31",
    "symbol": "WST",
    "reportedCurrency": "USD",
    "cik": "0000105770",
    "fillingDate": "2021-04-30",
    "acceptedDate": "2021-04-30 16:03:41",
    "calendarYear": "2021",
    "period": "Q1",
    "revenue": 671000000,
    "costOfRevenue": 398300000,
    "grossProfit": 272700000,
    "grossProfitRatio": 0.4064083458,
    "researchAndDevelopmentExpenses": 12200000,
    "generalAndAdministrativeExpenses": 0,
    "sellingAndMarketingExpenses": 0,
    "sellingGeneralAndAdministrativeExpenses": 80200000,
    "otherExpenses": 0,
    "operatingExpenses": 92400000,
    "costAndExpenses": 490700000,
    "interestIncome": 100000,
    "interestExpense": 1800000,
    "depreciationAndAmortization": 29100000,
    "ebitda": 205800000,
    "ebitdaratio": 0.3067064083,
    "operatingIncome": 180300000,
    "operatingIncomeRatio": 0.2687034277,
    "totalOtherIncomeExpensesNet": -400000,
    "incomeBeforeTax": 179900000,
    "incomeBeforeTaxRatio": 0.2681073025,
    "incomeTaxExpense": 28700000,
    "netIncome": 151200000,
    "netIncomeRatio": 0.2253353204,
    "eps": 2.04,
    "epsdiluted": 1.99,
    "weightedAverageShsOut": 73900000,
    "weightedAverageShsOutDil": 75800000,
    "link": "https://www.sec.gov/Archives/edgar/data/105770/000010577021000026/0000105770-21-000026-index.htm",
    "finalLink": "https://www.sec.gov/Archives/edgar/data/105770/000010577021000026/wst-20210331.htm"
  },
  {
    "date": "2020-12-31",
    "symbol": "WST",
    "reportedCurrency": "USD",
    "cik": "0000105770",
    "fillingDate": "2021-02-23",
    "acceptedDate": "2021-02-23 16:49:23",
    "calendarYear": "2020",
    "period": "Q4",
    "revenue": 580300000,
    "costOfRevenue": 368800000,
    "grossProfit": 211500000,
    "grossProfitRatio": 0.3644666552,
    "researchAndDevelopmentExpenses": 12900000,
    "generalAndAdministrativeExpenses": 0,
    "sellingAndMarketingExpenses": 0,
    "sellingGeneralAndAdministrativeExpenses": 76300000,
    "otherExpenses": 0,
    "operatingExpenses": 89200000,
    "costAndExpenses": 458000000,
    "interestIncome": 200000,
    "interestExpense": 2700000,
    "depreciationAndAmortization": 28500000,
    "ebitda": 146300000,
    "ebitdaratio": 0.2521109771,
    "operatingIncome": 122300000,
    "operatingIncomeRatio": 0.2107530588,
    "totalOtherIncomeExpensesNet": -3500000,
    "incomeBeforeTax": 118800000,
    "incomeBeforeTaxRatio": 0.2047216957,
    "incomeTaxExpense": 20400000,
    "netIncome": 98400000,
    "netIncomeRatio": 0.1695674651,
    "eps": 1.33,
    "epsdiluted": 1.29,
    "weightedAverageShsOut": 74000000,
    "weightedAverageShsOutDil": 76100000,
    "link": "https://www.sec.gov/Archives/edgar/data/105770/000010577021000008/0000105770-21-000008-index.htm",
    "finalLink": "https://www.sec.gov/Archives/edgar/data/105770/000010577021000008/wst-20201231.htm"
  },
  {
    "date": "2020-09-30",
    "symbol": "WST",
    "reportedCurrency": "USD",
    "cik": "0000105770",
    "fillingDate": "2020-10-23",
    "acceptedDate": "2020-10-23 16:03:57",
    "calendarYear": "2020",
    "period": "Q3",
    "revenue": 548300000,
    "costOfRevenue": 357400000,
    "grossProfit": 190900000,
    "grossProfitRatio": 0.3481670618,
    "researchAndDevelopmentExpenses": 12500000,
    "generalAndAdministrativeExpenses": 0,
    "sellingAndMarketingExpenses": 0,
    "sellingGeneralAndAdministrativeExpenses": 71700000,
    "otherExpenses": 0,
    "operatingExpenses": 84200000,
    "costAndExpenses": 441600000,
    "interestIncome": 200000,
    "interestExpense": 2000000,
    "depreciationAndAmortization": 32600000,
    "ebitda": 128100000,
    "ebitdaratio": 0.2336312238,
    "operatingIncome": 106700000,
    "operatingIncomeRatio": 0.1946014955,
    "totalOtherIncomeExpensesNet": -3300000,
    "incomeBeforeTax": 103400000,
    "incomeBeforeTaxRatio": 0.1885828926,
    "incomeTaxExpense": 21100000,
    "netIncome": 82300000,
    "netIncomeRatio": 0.15010031,
    "eps": 1.11,
    "epsdiluted": 1.09,
    "weightedAverageShsOut": 73900000,
    "weightedAverageShsOutDil": 75800000,
    "link": "https://www.sec.gov/Archives/edgar/data/105770/000010577020000057/0000105770-20-000057-index.htm",
    "finalLink": "https://www.sec.gov/Archives/edgar/data/105770/000010577020000057/wst-20200930.htm"
  },
  {
    "date": "2020-06-30",
    "symbol": "WST",
    "reportedCurrency": "USD",
    "cik": "0000105770",
    "fillingDate": "2020-07-24",
    "acceptedDate": "2020-07-24 16:55:47",
    "calendarYear": "2020",
    "period": "Q2",
    "revenue": 526900000,
    "costOfRevenue": 332400000,
    "grossProfit": 194500000,
    "grossProfitRatio": 0.3691402543,
    "researchAndDevelopmentExpenses": 10800000,
    "generalAndAdministrativeExpenses": 0,
    "sellingAndMarketingExpenses": 0,
    "sellingGeneralAndAdministrativeExpenses": 75500000,
    "otherExpenses": 0,
    "operatingExpenses": 86300000,
    "costAndExpenses": 418700000,
    "interestIncome": 200000,
    "interestExpense": 1900000,
    "depreciationAndAmortization": 26200000,
    "ebitda": 130100000,
    "ebitdaratio": 0.2469159233,
    "operatingIncome": 108200000,
    "operatingIncomeRatio": 0.2053520592,
    "totalOtherIncomeExpensesNet": -1000000,
    "incomeBeforeTax": 107200000,
    "incomeBeforeTaxRatio": 0.2034541659,
    "incomeTaxExpense": 16000000,
    "netIncome": 91200000,
    "netIncomeRatio": 0.1730878725,
    "eps": 1.24,
    "epsdiluted": 1.21,
    "weightedAverageShsOut": 73800000,
    "weightedAverageShsOutDil": 75500000,
    "link": "https://www.sec.gov/Archives/edgar/data/105770/000010577020000045/0000105770-20-000045-index.htm",
    "finalLink": "https://www.sec.gov/Archives/edgar/data/105770/000010577020000045/wst-20200630.htm"
  },
  {
    "date": "2020-03-31",
    "symbol": "WST",
    "reportedCurrency": "USD",
    "cik": "0000105770",
    "fillingDate": "2020-04-24",
    "acceptedDate": "2020-04-24 16:04:57",
    "calendarYear": "2020",
    "period": "Q1",
    "revenue": 491300000,
    "costOfRevenue": 324300000,
    "grossProfit": 167000000,
    "grossProfitRatio": 0.3399145125,
    "researchAndDevelopmentExpenses": 10700000,
    "generalAndAdministrativeExpenses": 0,
    "sellingAndMarketingExpenses": 0,
    "sellingGeneralAndAdministrativeExpenses": 71800000,
    "otherExpenses": 0,
    "operatingExpenses": 82500000,
    "costAndExpenses": 406800000,
    "interestIncome": 800000,
    "interestExpense": 2000000,
    "depreciationAndAmortization": 26000000,
    "ebitda": 114500000,
    "ebitdaratio": 0.2330551598,
    "operatingIncome": 84500000,
    "operatingIncomeRatio": 0.1719926725,
    "totalOtherIncomeExpensesNet": 4800000,
    "incomeBeforeTax": 89300000,
    "incomeBeforeTaxRatio": 0.1817626705,
    "incomeTaxExpense": 15000000,
    "netIncome": 74300000,
    "netIncomeRatio": 0.1512314268,
    "eps": 1.01,
    "epsdiluted": 0.99,
    "weightedAverageShsOut": 73900000,
    "weightedAverageShsOutDil": 75500000,
    "link": "https://www.sec.gov/Archives/edgar/data/105770/000010577020000021/0000105770-20-000021-index.htm",
    "finalLink": "https://www.sec.gov/Archives/edgar/data/105770/000010577020000021/wst-20200331.htm"
  },
  {
    "date": "2019-12-31",
    "symbol": "WST",
    "reportedCurrency": "USD",
    "cik": "0000105770",
    "fillingDate": "2020-02-24",
    "acceptedDate": "2020-02-21 18:56:52",
    "calendarYear": "2019",
    "period": "Q4",
    "revenue": 475100000,
    "costOfRevenue": 317500000,
    "grossProfit": 157600000,
    "grossProfitRatio": 0.331719638,
    "researchAndDevelopmentExpenses": 10200000,
    "generalAndAdministrativeExpenses": 0,
    "sellingAndMarketingExpenses": 0,
    "sellingGeneralAndAdministrativeExpenses": 69000000,
    "otherExpenses": 0,
    "operatingExpenses": 79200000,
    "costAndExpenses": 396700000,
    "interestIncome": 1300000,
    "interestExpense": 1900000,
    "depreciationAndAmortization": 26300000,
    "ebitda": 105600000,
    "ebitdaratio": 0.222268996,
    "operatingIncome": 78400000,
    "operatingIncomeRatio": 0.165017891,
    "totalOtherIncomeExpensesNet": 2000000,
    "incomeBeforeTax": 80400000,
    "incomeBeforeTaxRatio": 0.169227531,
    "incomeTaxExpense": 16500000,
    "netIncome": 63900000,
    "netIncomeRatio": 0.1344980004,
    "eps": 0.86,
    "epsdiluted": 0.84,
    "weightedAverageShsOut": 74100000,
    "weightedAverageShsOutDil": 75700000,
    "link": "https://www.sec.gov/Archives/edgar/data/105770/000010577020000015/0000105770-20-000015-index.htm",
    "finalLink": "https://www.sec.gov/Archives/edgar/data/105770/000010577020000015/wst-20191231.htm"
  },
  {
    "date": "2019-09-30",
    "symbol": "WST",
    "reportedCurrency": "USD",
    "cik": "0000105770",
    "fillingDate": "2019-10-29",
    "acceptedDate": "2019-10-28 18:56:03",
    "calendarYear": "2019",
    "period": "Q3",
    "revenue": 455800000,
    "costOfRevenue": 308500000,
    "grossProfit": 147300000,
    "grossProfitRatio": 0.3231680562,
    "researchAndDevelopmentExpenses": 9300000,
    "generalAndAdministrativeExpenses": 0,
    "sellingAndMarketingExpenses": 0,
    "sellingGeneralAndAdministrativeExpenses": 64800000,
    "otherExpenses": 0,
    "operatingExpenses": 74100000,
    "costAndExpenses": 382600000,
    "interestIncome": 1000000,
    "interestExpense": 2000000,
    "depreciationAndAmortization": 25300000,
    "ebitda": 92200000,
    "ebitdaratio": 0.2022817025,
    "operatingIncome": 73200000,
    "operatingIncomeRatio": 0.160596753,
    "totalOtherIncomeExpensesNet": -6000000,
    "incomeBeforeTax": 67200000,
    "incomeBeforeTaxRatio": 0.1474330847,
    "incomeTaxExpense": 10900000,
    "netIncome": 56300000,
    "netIncomeRatio": 0.1235190873,
    "eps": 0.76,
    "epsdiluted": 0.75,
    "weightedAverageShsOut": 74000000,
    "weightedAverageShsOutDil": 75500000,
    "link": "https://www.sec.gov/Archives/edgar/data/105770/000010577019000045/0000105770-19-000045-index.htm",
    "finalLink": "https://www.sec.gov/Archives/edgar/data/105770/000010577019000045/wst10q93019.htm"
  },
  {
    "date": "2019-06-30",
    "symbol": "WST",
    "reportedCurrency": "USD",
    "cik": "0000105770",
    "fillingDate": "2019-07-29",
    "acceptedDate": "2019-07-29 16:48:30",
    "calendarYear": "2019",
    "period": "Q2",
    "revenue": 469400000,
    "costOfRevenue": 311900000,
    "grossProfit": 157500000,
    "grossProfitRatio": 0.3355347252,
    "researchAndDevelopmentExpenses": 9600000,
    "generalAndAdministrativeExpenses": 0,
    "sellingAndMarketingExpenses": 0,
    "sellingGeneralAndAdministrativeExpenses": 70300000,
    "otherExpenses": 0,
    "operatingExpenses": 79900000,
    "costAndExpenses": 391800000,
    "interestIncome": 600000,
    "interestExpense": 1900000,
    "depreciationAndAmortization": 26300000,
    "ebitda": 107800000,
    "ebitdaratio": 0.2296548786,
    "operatingIncome": 77600000,
    "operatingIncomeRatio": 0.1653174265,
    "totalOtherIncomeExpensesNet": 4000000,
    "incomeBeforeTax": 81600000,
    "incomeBeforeTaxRatio": 0.1738389433,
    "incomeTaxExpense": 15500000,
    "netIncome": 66100000,
    "netIncomeRatio": 0.1408180656,
    "eps": 0.9,
    "epsdiluted": 0.88,
    "weightedAverageShsOut": 73700000,
    "weightedAverageShsOutDil": 75100000,
    "link": "https://www.sec.gov/Archives/edgar/data/105770/000010577019000033/0000105770-19-000033-index.htm",
    "finalLink": "https://www.sec.gov/Archives/edgar/data/105770/000010577019000033/wst10q63019.htm"
  },
  {
    "date": "2019-03-31",
    "symbol": "WST",
    "reportedCurrency": "USD",
    "cik": "0000105770",
    "fillingDate": "2019-05-08",
    "acceptedDate": "2019-05-08 16:55:06",
    "calendarYear": "2019",
    "period": "Q1",
    "revenue": 443300000,
    "costOfRevenue": 296800000,
    "grossProfit": 146500000,
    "grossProfitRatio": 0.3304759756,
    "researchAndDevelopmentExpenses": 9800000,
    "generalAndAdministrativeExpenses": 0,
    "sellingAndMarketingExpenses": 0,
    "sellingGeneralAndAdministrativeExpenses": 68600000,
    "otherExpenses": 0,
    "operatingExpenses": 78400000,
    "costAndExpenses": 375200000,
    "interestIncome": 900000,
    "interestExpense": 2200000,
    "depreciationAndAmortization": 25500000,
    "ebitda": 97600000,
    "ebitdaratio": 0.2201669298,
    "operatingIncome": 68100000,
    "operatingIncomeRatio": 0.153620573,
    "totalOtherIncomeExpensesNet": 3400000,
    "incomeBeforeTax": 71500000,
    "incomeBeforeTaxRatio": 0.1612903226,
    "incomeTaxExpense": 16100000,
    "netIncome": 55400000,
    "netIncomeRatio": 0.1249718024,
    "eps": 0.75,
    "epsdiluted": 0.73,
    "weightedAverageShsOut": 74100000,
    "weightedAverageShsOutDil": 75300000,
    "link": "https://www.sec.gov/Archives/edgar/data/105770/000010577019000020/0000105770-19-000020-index.htm",
    "finalLink": "https://www.sec.gov/Archives/edgar/data/105770/000010577019000020/wst10q33119.htm"
  },
  {
    "date": "2018-12-31",
    "symbol": "WST",
    "reportedCurrency": "USD",
    "cik": "0000105770",
    "fillingDate": "2019-02-28",
    "acceptedDate": "2019-02-27 17:33:18",
    "calendarYear": "2018",
    "period": "Q4",
    "revenue": 422300000,
    "costOfRevenue": 289400000,
    "grossProfit": 132900000,
    "grossProfitRatio": 0.3147051859,
    "researchAndDevelopmentExpenses": 9800000,
    "generalAndAdministrativeExpenses": 0,
    "sellingAndMarketingExpenses": 0,
    "sellingGeneralAndAdministrativeExpenses": 59700000,
    "otherExpenses": 23600000,
    "operatingExpenses": 45900000,
    "costAndExpenses": 335300000,
    "interestIncome": 700000,
    "interestExpense": 2200000,
    "depreciationAndAmortization": 26300000,
    "ebitda": 94300000,
    "ebitdaratio": 0.2233009709,
    "operatingIncome": 87000000,
    "operatingIncomeRatio": 0.2060146815,
    "totalOtherIncomeExpensesNet": -20100000,
    "incomeBeforeTax": 66900000,
    "incomeBeforeTaxRatio": 0.1584181861,
    "incomeTaxExpense": 14900000,
    "netIncome": 52000000,
    "netIncomeRatio": 0.1231352119,
    "eps": 0.7,
    "epsdiluted": 0.69,
    "weightedAverageShsOut": 73900000,
    "weightedAverageShsOutDil": 75500000,
    "link": "https://www.sec.gov/Archives/edgar/data/105770/000010577019000012/0000105770-19-000012-index.htm",
    "finalLink": "https://www.sec.gov/Archives/edgar/data/105770/000010577019000012/wst10k12312018.htm"
  },
  {
    "date": "2018-09-30",
    "symbol": "WST",
    "reportedCurrency": "USD",
    "cik": "0000105770",
    "fillingDate": "2018-10-30",
    "acceptedDate": "2018-10-30 17:03:08",
    "calendarYear": "2018",
    "period": "Q3",
    "revenue": 431700000,
    "costOfRevenue": 296200000,
    "grossProfit": 135500000,
    "grossProfitRatio": 0.3138753764,
    "researchAndDevelopmentExpenses": 10100000,
    "generalAndAdministrativeExpenses": 0,
    "sellingAndMarketingExpenses": 0,
    "sellingGeneralAndAdministrativeExpenses": 64900000,
    "otherExpenses": -6399999,
    "operatingExpenses": 81400000,
    "costAndExpenses": 377600000,
    "interestIncome": 500000,
    "interestExpense": 1900000,
    "depreciationAndAmortization": 26200000,
    "ebitda": 89200000,
    "ebitdaratio": 0.206624971,
    "operatingIncome": 54100000,
    "operatingIncomeRatio": 0.1253185082,
    "totalOtherIncomeExpensesNet": 9100000,
    "incomeBeforeTax": 63200000,
    "incomeBeforeTaxRatio": 0.1463979615,
    "incomeTaxExpense": 8000000,
    "netIncome": 55200000,
    "netIncomeRatio": 0.127866574,
    "eps": 0.75,
    "epsdiluted": 0.73,
    "weightedAverageShsOut": 73900000,
    "weightedAverageShsOutDil": 75700000,
    "link": "https://www.sec.gov/Archives/edgar/data/105770/000010577018000038/0000105770-18-000038-index.htm",
    "finalLink": "https://www.sec.gov/Archives/edgar/data/105770/000010577018000038/wst10q93018.htm"
  },
  {
    "date": "2018-06-30",
    "symbol": "WST",
    "reportedCurrency": "USD",
    "cik": "0000105770",
    "fillingDate": "2018-07-31",
    "acceptedDate": "2018-07-31 16:44:31",
    "calendarYear": "2018",
    "period": "Q2",
    "revenue": 447800000,
    "costOfRevenue": 305200000,
    "grossProfit": 142600000,
    "grossProfitRatio": 0.3184457347,
    "researchAndDevelopmentExpenses": 10800000,
    "generalAndAdministrativeExpenses": 0,
    "sellingAndMarketingExpenses": 0,
    "sellingGeneralAndAdministrativeExpenses": 70000000,
    "otherExpenses": -7200000,
    "operatingExpenses": 88000000,
    "costAndExpenses": 393200000,
    "interestIncome": 300000,
    "interestExpense": 2200000,
    "depreciationAndAmortization": 25500000,
    "ebitda": 87800000,
    "ebitdaratio": 0.196069674,
    "operatingIncome": 54600000,
    "operatingIncomeRatio": 0.1219294328,
    "totalOtherIncomeExpensesNet": 7500000,
    "incomeBeforeTax": 62100000,
    "incomeBeforeTaxRatio": 0.1386779812,
    "incomeTaxExpense": 6000000,
    "netIncome": 56100000,
    "netIncomeRatio": 0.1252791425,
    "eps": 0.76,
    "epsdiluted": 0.75,
    "weightedAverageShsOut": 73600000,
    "weightedAverageShsOutDil": 75000000,
    "link": "https://www.sec.gov/Archives/edgar/data/105770/000010577018000032/0000105770-18-000032-index.htm",
    "finalLink": "https://www.sec.gov/Archives/edgar/data/105770/000010577018000032/wst10q63018.htm"
  },
  {
    "date": "2018-03-31",
    "symbol": "WST",
    "reportedCurrency": "USD",
    "cik": "0000105770",
    "fillingDate": "2018-05-08",
    "acceptedDate": "2018-05-08 16:58:24",
    "calendarYear": "2018",
    "period": "Q1",
    "revenue": 416200000,
    "costOfRevenue": 280900000,
    "grossProfit": 135300000,
    "grossProfitRatio": 0.3250840942,
    "researchAndDevelopmentExpenses": 9600000,
    "generalAndAdministrativeExpenses": 0,
    "sellingAndMarketingExpenses": 0,
    "sellingGeneralAndAdministrativeExpenses": 68300000,
    "otherExpenses": -8300000,
    "operatingExpenses": 86200000,
    "costAndExpenses": 367100000,
    "interestIncome": 600000,
    "interestExpense": 1800000,
    "depreciationAndAmortization": 26400000,
    "ebitda": 81900000,
    "ebitdaratio": 0.196780394,
    "operatingIncome": 49100000,
    "operatingIncomeRatio": 0.1179721288,
    "totalOtherIncomeExpensesNet": 7000000,
    "incomeBeforeTax": 56100000,
    "incomeBeforeTaxRatio": 0.1347909659,
    "incomeTaxExpense": 12500000,
    "netIncome": 43600000,
    "netIncomeRatio": 0.1047573282,
    "eps": 0.59,
    "epsdiluted": 0.58,
    "weightedAverageShsOut": 73900000,
    "weightedAverageShsOutDil": 75500000,
    "link": "https://www.sec.gov/Archives/edgar/data/105770/000010577018000015/0000105770-18-000015-index.htm",
    "finalLink": "https://www.sec.gov/Archives/edgar/data/105770/000010577018000015/wst10q33118.htm"
  },
  {
    "date": "2017-12-31",
    "symbol": "WST",
    "reportedCurrency": "USD",
    "cik": "0000105770",
    "fillingDate": "2018-02-26",
    "acceptedDate": "2018-02-26 17:13:48",
    "calendarYear": "2017",
    "period": "Q4",
    "revenue": 416000000,
    "costOfRevenue": 286600000,
    "grossProfit": 129400000,
    "grossProfitRatio": 0.3110576923,
    "researchAndDevelopmentExpenses": 9700000,
    "generalAndAdministrativeExpenses": 0,
    "sellingAndMarketingExpenses": 0,
    "sellingGeneralAndAdministrativeExpenses": 59600000,
    "otherExpenses": 0,
    "operatingExpenses": 69300000,
    "costAndExpenses": 355900000,
    "interestIncome": 400000,
    "interestExpense": 2100000,
    "depreciationAndAmortization": 24900000,
    "ebitda": 86300000,
    "ebitdaratio": 0.2074519231,
    "operatingIncome": 60100000,
    "operatingIncomeRatio": 0.1444711538,
    "totalOtherIncomeExpensesNet": 1700000,
    "incomeBeforeTax": 61800000,
    "incomeBeforeTaxRatio": 0.1485576923,
    "incomeTaxExpense": 61800000,
    "netIncome": -2500000,
    "netIncomeRatio": -0.0060096154,
    "eps": -0.0337,
    "epsdiluted": -0.0329,
    "weightedAverageShsOut": 74200000,
    "weightedAverageShsOutDil": 75900000,
    "link": "https://www.sec.gov/Archives/edgar/data/105770/000010577018000006/0000105770-18-000006-index.htm",
    "finalLink": "https://www.sec.gov/Archives/edgar/data/105770/000010577018000006/wst10k12312017.htm"
  },
  {
    "date": "2017-09-30",
    "symbol": "WST",
    "reportedCurrency": "USD",
    "cik": "0000105770",
    "fillingDate": "2017-10-31",
    "acceptedDate": "2017-10-31 16:04:04",
    "calendarYear": "2017",
    "period": "Q3",
    "revenue": 398600000,
    "costOfRevenue": 272800000,
    "grossProfit": 125800000,
    "grossProfitRatio": 0.3156046162,
    "researchAndDevelopmentExpenses": 9100000,
    "generalAndAdministrativeExpenses": 0,
    "sellingAndMarketingExpenses": 0,
    "sellingGeneralAndAdministrativeExpenses": 62600000,
    "otherExpenses": -8900000,
    "operatingExpenses": 80600000,
    "costAndExpenses": 353400000,
    "interestIncome": 300000,
    "interestExpense": 1100000,
    "depreciationAndAmortization": 25000000,
    "ebitda": 89000000,
    "ebitdaratio": 0.2232814852,
    "operatingIncome": 45200000,
    "operatingIncomeRatio": 0.1133968891,
    "totalOtherIncomeExpensesNet": 19800000,
    "incomeBeforeTax": 65000000,
    "incomeBeforeTaxRatio": 0.1630707476,
    "incomeTaxExpense": 14000000,
    "netIncome": 51000000,
    "netIncomeRatio": 0.1279478174,
    "eps": 0.69,
    "epsdiluted": 0.67,
    "weightedAverageShsOut": 74200000,
    "weightedAverageShsOutDil": 75900000,
    "link": "https://www.sec.gov/Archives/edgar/data/105770/000010577017000050/0000105770-17-000050-index.htm",
    "finalLink": "https://www.sec.gov/Archives/edgar/data/105770/000010577017000050/wst10q93017.htm"
  },
  {
    "date": "2017-06-30",
    "symbol": "WST",
    "reportedCurrency": "USD",
    "cik": "0000105770",
    "fillingDate": "2017-08-01",
    "acceptedDate": "2017-08-01 15:02:55",
    "calendarYear": "2017",
    "period": "Q2",
    "revenue": 397800000,
    "costOfRevenue": 272500000,
    "grossProfit": 125300000,
    "grossProfitRatio": 0.3149824032,
    "researchAndDevelopmentExpenses": 10000000,
    "generalAndAdministrativeExpenses": 0,
    "sellingAndMarketingExpenses": 0,
    "sellingGeneralAndAdministrativeExpenses": 61300000,
    "otherExpenses": 0,
    "operatingExpenses": 71300000,
    "costAndExpenses": 343800000,
    "interestIncome": 300000,
    "interestExpense": 2000000,
    "depreciationAndAmortization": 23500000,
    "ebitda": 66200000,
    "ebitdaratio": 0.1664152841,
    "operatingIncome": 54000000,
    "operatingIncomeRatio": 0.1357466063,
    "totalOtherIncomeExpensesNet": -12300000,
    "incomeBeforeTax": 41700000,
    "incomeBeforeTaxRatio": 0.104826546,
    "incomeTaxExpense": 2900000,
    "netIncome": 38800000,
    "netIncomeRatio": 0.0975364505,
    "eps": 0.53,
    "epsdiluted": 0.51,
    "weightedAverageShsOut": 73900000,
    "weightedAverageShsOutDil": 75800000,
    "link": "https://www.sec.gov/Archives/edgar/data/105770/000010577017000042/0000105770-17-000042-index.htm",
    "finalLink": "https://www.sec.gov/Archives/edgar/data/105770/000010577017000042/wst10q63017.htm"
  },
  {
    "date": "2017-03-31",
    "symbol": "WST",
    "reportedCurrency": "USD",
    "cik": "0000105770",
    "fillingDate": "2017-05-05",
    "acceptedDate": "2017-05-05 15:44:55",
    "calendarYear": "2017",
    "period": "Q1",
    "revenue": 387800000,
    "costOfRevenue": 253600000,
    "grossProfit": 134199999,
    "grossProfitRatio": 0.3460546648,
    "researchAndDevelopmentExpenses": 10300000,
    "generalAndAdministrativeExpenses": 0,
    "sellingAndMarketingExpenses": 0,
    "sellingGeneralAndAdministrativeExpenses": 61600000,
    "otherExpenses": -700000,
    "operatingExpenses": 72600000,
    "costAndExpenses": 326200000,
    "interestIncome": 300000,
    "interestExpense": 1800000,
    "depreciationAndAmortization": 23300000,
    "ebitda": 84600000,
    "ebitdaratio": 0.2181536875,
    "operatingIncome": 61600000,
    "operatingIncomeRatio": 0.1588447653,
    "totalOtherIncomeExpensesNet": -2100000,
    "incomeBeforeTax": 59500000,
    "incomeBeforeTaxRatio": 0.1534296029,
    "incomeTaxExpense": 2200000,
    "netIncome": 60900000,
    "netIncomeRatio": 0.1570397112,
    "eps": 0.83,
    "epsdiluted": 0.81,
    "weightedAverageShsOut": 73300000,
    "weightedAverageShsOutDil": 74900000,
    "link": "https://www.sec.gov/Archives/edgar/data/105770/000010577017000019/0000105770-17-000019-index.htm",
    "finalLink": "https://www.sec.gov/Archives/edgar/data/105770/000010577017000019/wst10q33117.htm"
  },
  {
    "date": "2016-12-31",
    "symbol": "WST",
    "reportedCurrency": "USD",
    "cik": "0000105770",
    "fillingDate": "2017-02-28",
    "acceptedDate": "2017-02-28 12:15:34",
    "calendarYear": "2016",
    "period": "Q4",
    "revenue": 382200000,
    "costOfRevenue": 259100000,
    "grossProfit": 123100000,
    "grossProfitRatio": 0.3220826792,
    "researchAndDevelopmentExpenses": 9600000,
    "generalAndAdministrativeExpenses": 0,
    "sellingAndMarketingExpenses": 0,
    "sellingGeneralAndAdministrativeExpenses": 60900000,
    "otherExpenses": 1400000,
    "operatingExpenses": 69100000,
    "costAndExpenses": 328200000,
    "interestIncome": 300000,
    "interestExpense": 900000,
    "depreciationAndAmortization": 22800000,
    "ebitda": 77100000,
    "ebitdaratio": 0.2017268446,
    "operatingIncome": 54000000,
    "operatingIncomeRatio": 0.1412872841,
    "totalOtherIncomeExpensesNet": -800000,
    "incomeBeforeTax": 53200000,
    "incomeBeforeTaxRatio": 0.1391941392,
    "incomeTaxExpense": 16100000,
    "netIncome": 39100000,
    "netIncomeRatio": 0.1023024594,
    "eps": 0.53,
    "epsdiluted": 0.52,
    "weightedAverageShsOut": 73200000,
    "weightedAverageShsOutDil": 74900000,
    "link": "https://www.sec.gov/Archives/edgar/data/105770/000010577017000011/0000105770-17-000011-index.htm",
    "finalLink": "https://www.sec.gov/Archives/edgar/data/105770/000010577017000011/wst10k123116.htm"
  },
  {
    "date": "2016-09-30",
    "symbol": "WST",
    "reportedCurrency": "USD",
    "cik": "0000105770",
    "fillingDate": "2016-10-31",
    "acceptedDate": "2016-10-31 14:19:16",
    "calendarYear": "2016",
    "period": "Q3",
    "revenue": 376700000,
    "costOfRevenue": 255600000,
    "grossProfit": 121100000,
    "grossProfitRatio": 0.3214759756,
    "researchAndDevelopmentExpenses": 9000000,
    "generalAndAdministrativeExpenses": 0,
    "sellingAndMarketingExpenses": 0,
    "sellingGeneralAndAdministrativeExpenses": 58300000,
    "otherExpenses": -600000,
    "operatingExpenses": 67900000,
    "costAndExpenses": 323500000,
    "interestIncome": 200000,
    "interestExpense": 1800000,
    "depreciationAndAmortization": 22900000,
    "ebitda": 74000000,
    "ebitdaratio": 0.1964427927,
    "operatingIncome": 53200000,
    "operatingIncomeRatio": 0.1412264401,
    "totalOtherIncomeExpensesNet": -3900000,
    "incomeBeforeTax": 49300000,
    "incomeBeforeTaxRatio": 0.130873374,
    "incomeTaxExpense": 14400000,
    "netIncome": 37600000,
    "netIncomeRatio": 0.0998141757,
    "eps": 0.51,
    "epsdiluted": 0.5,
    "weightedAverageShsOut": 73300000,
    "weightedAverageShsOutDil": 75000000,
    "link": "https://www.sec.gov/Archives/edgar/data/105770/000010577016000101/0000105770-16-000101-index.htm",
    "finalLink": "https://www.sec.gov/Archives/edgar/data/105770/000010577016000101/wst10q93016.htm"
  },
  {
    "date": "2016-06-30",
    "symbol": "WST",
    "reportedCurrency": "USD",
    "cik": "0000105770",
    "fillingDate": "2016-08-01",
    "acceptedDate": "2016-08-01 17:06:32",
    "calendarYear": "2016",
    "period": "Q2",
    "revenue": 388000000,
    "costOfRevenue": 254700000,
    "grossProfit": 133300000,
    "grossProfitRatio": 0.343556701,
    "researchAndDevelopmentExpenses": 8800000,
    "generalAndAdministrativeExpenses": 62500000,
    "sellingAndMarketingExpenses": 0,
    "sellingGeneralAndAdministrativeExpenses": 62500000,
    "otherExpenses": 800000,
    "operatingExpenses": 72100000,
    "costAndExpenses": 326000000,
    "interestIncome": 300000,
    "interestExpense": 2000000,
    "depreciationAndAmortization": 22700000,
    "ebitda": 84100000,
    "ebitdaratio": 0.2167525773,
    "operatingIncome": 61200000,
    "operatingIncomeRatio": 0.1577319588,
    "totalOtherIncomeExpensesNet": -1700000,
    "incomeBeforeTax": 59500000,
    "incomeBeforeTaxRatio": 0.1533505155,
    "incomeTaxExpense": 17000000,
    "netIncome": 44700000,
    "netIncomeRatio": 0.1152061856,
    "eps": 0.61,
    "epsdiluted": 0.6,
    "weightedAverageShsOut": 73300000,
    "weightedAverageShsOutDil": 74800000,
    "link": "https://www.sec.gov/Archives/edgar/data/105770/000010577016000086/0000105770-16-000086-index.htm",
    "finalLink": "https://www.sec.gov/Archives/edgar/data/105770/000010577016000086/wst10q63016.htm"
  },
  {
    "date": "2016-03-31",
    "symbol": "WST",
    "reportedCurrency": "USD",
    "cik": "0000105770",
    "fillingDate": "2016-05-06",
    "acceptedDate": "2016-05-06 15:25:12",
    "calendarYear": "2016",
    "period": "Q1",
    "revenue": 362100000,
    "costOfRevenue": 238800000,
    "grossProfit": 123300000,
    "grossProfitRatio": 0.3405136703,
    "researchAndDevelopmentExpenses": 9400000,
    "generalAndAdministrativeExpenses": 58100000,
    "sellingAndMarketingExpenses": 0,
    "sellingGeneralAndAdministrativeExpenses": 58100000,
    "otherExpenses": 25800000,
    "operatingExpenses": 93300000,
    "costAndExpenses": 332100000,
    "interestIncome": 300000,
    "interestExpense": 2500000,
    "depreciationAndAmortization": 22300000,
    "ebitda": 78100000,
    "ebitdaratio": 0.2156862745,
    "operatingIncome": 30000000,
    "operatingIncomeRatio": 0.0828500414,
    "totalOtherIncomeExpensesNet": -2200000,
    "incomeBeforeTax": 27800000,
    "incomeBeforeTaxRatio": 0.0767743717,
    "incomeTaxExpense": 6900000,
    "netIncome": 22100000,
    "netIncomeRatio": 0.0610328638,
    "eps": 0.31,
    "epsdiluted": 0.3,
    "weightedAverageShsOut": 72500000,
    "weightedAverageShsOutDil": 74100000,
    "link": "https://www.sec.gov/Archives/edgar/data/105770/000010577016000071/0000105770-16-000071-index.htm",
    "finalLink": "https://www.sec.gov/Archives/edgar/data/105770/000010577016000071/wst10q33116.htm"
  },
  {
    "date": "2015-12-31",
    "symbol": "WST",
    "reportedCurrency": "USD",
    "cik": "0000105770",
    "fillingDate": "2016-02-26",
    "acceptedDate": "2016-02-26 17:40:44",
    "calendarYear": "2015",
    "period": "Q4",
    "revenue": 359700000,
    "costOfRevenue": 240100000,
    "grossProfit": 119600000,
    "grossProfitRatio": 0.332499305,
    "researchAndDevelopmentExpenses": 10000000,
    "generalAndAdministrativeExpenses": 62400000,
    "sellingAndMarketingExpenses": 0,
    "sellingGeneralAndAdministrativeExpenses": 62400000,
    "otherExpenses": 2000000,
    "operatingExpenses": 74400000,
    "costAndExpenses": 314500000,
    "interestIncome": 300000,
    "interestExpense": 2900000,
    "depreciationAndAmortization": 23300000,
    "ebitda": 69200000,
    "ebitdaratio": 0.192382541,
    "operatingIncome": 45200000,
    "operatingIncomeRatio": 0.1256602724,
    "totalOtherIncomeExpensesNet": -2600000,
    "incomeBeforeTax": 42600000,
    "incomeBeforeTaxRatio": 0.1184320267,
    "incomeTaxExpense": 11200000,
    "netIncome": 33400000,
    "netIncomeRatio": 0.0928551571,
    "eps": 0.46,
    "epsdiluted": 0.45,
    "weightedAverageShsOut": 72300000,
    "weightedAverageShsOutDil": 74100000,
    "link": "https://www.sec.gov/Archives/edgar/data/105770/000010577016000060/0000105770-16-000060-index.htm",
    "finalLink": "https://www.sec.gov/Archives/edgar/data/105770/000010577016000060/wst10k123115.htm"
  },
  {
    "date": "2015-09-30",
    "symbol": "WST",
    "reportedCurrency": "USD",
    "cik": "0000105770",
    "fillingDate": "2015-11-02",
    "acceptedDate": "2015-11-02 17:10:52",
    "calendarYear": "2015",
    "period": "Q3",
    "revenue": 344500000,
    "costOfRevenue": 236200000,
    "grossProfit": 108300000,
    "grossProfitRatio": 0.3143686502,
    "researchAndDevelopmentExpenses": 8500000,
    "generalAndAdministrativeExpenses": 54600000,
    "sellingAndMarketingExpenses": 0,
    "sellingGeneralAndAdministrativeExpenses": 54600000,
    "otherExpenses": 48700000,
    "operatingExpenses": 111800000,
    "costAndExpenses": 348000000,
    "interestIncome": 500000,
    "interestExpense": 3700000,
    "depreciationAndAmortization": 22400000,
    "ebitda": 19400000,
    "ebitdaratio": 0.0563134978,
    "operatingIncome": -3500000,
    "operatingIncomeRatio": -0.0101596517,
    "totalOtherIncomeExpensesNet": -3200000,
    "incomeBeforeTax": -6700000,
    "incomeBeforeTaxRatio": -0.0194484761,
    "incomeTaxExpense": -6600000,
    "netIncome": 1500000,
    "netIncomeRatio": 0.0043541364,
    "eps": 0.02,
    "epsdiluted": 0.02,
    "weightedAverageShsOut": 72200000,
    "weightedAverageShsOutDil": 73900000,
    "link": "https://www.sec.gov/Archives/edgar/data/105770/000010577015000047/0000105770-15-000047-index.htm",
    "finalLink": "https://www.sec.gov/Archives/edgar/data/105770/000010577015000047/wst10q93015.htm"
  },
  {
    "date": "2015-06-30",
    "symbol": "WST",
    "reportedCurrency": "USD",
    "cik": "0000105770",
    "fillingDate": "2015-08-03",
    "acceptedDate": "2015-08-03 17:01:36",
    "calendarYear": "2015",
    "period": "Q2",
    "revenue": 359700000,
    "costOfRevenue": 241500000,
    "grossProfit": 118200000,
    "grossProfitRatio": 0.3286071726,
    "researchAndDevelopmentExpenses": 8100000,
    "generalAndAdministrativeExpenses": 71700000,
    "sellingAndMarketingExpenses": 0,
    "sellingGeneralAndAdministrativeExpenses": 71700000,
    "otherExpenses": -700000,
    "operatingExpenses": 79100000,
    "costAndExpenses": 321300000,
    "interestIncome": 400000,
    "interestExpense": 3400000,
    "depreciationAndAmortization": 22200000,
    "ebitda": 61400000,
    "ebitdaratio": 0.1706978037,
    "operatingIncome": 39100000,
    "operatingIncomeRatio": 0.1087016959,
    "totalOtherIncomeExpensesNet": -3000000,
    "incomeBeforeTax": 36100000,
    "incomeBeforeTaxRatio": 0.1003614123,
    "incomeTaxExpense": 9200000,
    "netIncome": 27800000,
    "netIncomeRatio": 0.0772866277,
    "eps": 0.39,
    "epsdiluted": 0.38,
    "weightedAverageShsOut": 72000000,
    "weightedAverageShsOutDil": 73700000,
    "link": "https://www.sec.gov/Archives/edgar/data/105770/000010577015000036/0000105770-15-000036-index.htm",
    "finalLink": "https://www.sec.gov/Archives/edgar/data/105770/000010577015000036/wst10q63015.htm"
  },
  {
    "date": "2015-03-31",
    "symbol": "WST",
    "reportedCurrency": "USD",
    "cik": "0000105770",
    "fillingDate": "2015-05-06",
    "acceptedDate": "2015-05-06 16:40:38",
    "calendarYear": "2015",
    "period": "Q1",
    "revenue": 335900000,
    "costOfRevenue": 226200000,
    "grossProfit": 109700000,
    "grossProfitRatio": 0.3265852932,
    "researchAndDevelopmentExpenses": 7500000,
    "generalAndAdministrativeExpenses": 55200000,
    "sellingAndMarketingExpenses": 0,
    "sellingGeneralAndAdministrativeExpenses": 55200000,
    "otherExpenses": -800000,
    "operatingExpenses": 61900000,
    "costAndExpenses": 288900000,
    "interestIncome": 400000,
    "interestExpense": 4100000,
    "depreciationAndAmortization": 22000000,
    "ebitda": 70000000,
    "ebitdaratio": 0.2083953558,
    "operatingIncome": 47800000,
    "operatingIncomeRatio": 0.1423042572,
    "totalOtherIncomeExpensesNet": -3700000,
    "incomeBeforeTax": 44100000,
    "incomeBeforeTaxRatio": 0.1312890741,
    "incomeTaxExpense": 12500000,
    "netIncome": 32900000,
    "netIncomeRatio": 0.0979458172,
    "eps": 0.46,
    "epsdiluted": 0.45,
    "weightedAverageShsOut": 71700000,
    "weightedAverageShsOutDil": 73300000,
    "link": "https://www.sec.gov/Archives/edgar/data/105770/000010577015000015/0000105770-15-000015-index.htm",
    "finalLink": "https://www.sec.gov/Archives/edgar/data/105770/000010577015000015/wst10q33115.htm"
  },
  {
    "date": "2014-12-31",
    "symbol": "WST",
    "reportedCurrency": "USD",
    "cik": "0000105770",
    "fillingDate": "2015-02-25",
    "acceptedDate": "2015-02-25 17:30:02",
    "calendarYear": "2014",
    "period": "Q4",
    "revenue": 349800000,
    "costOfRevenue": 240100000,
    "grossProfit": 109700000,
    "grossProfitRatio": 0.3136077759,
    "researchAndDevelopmentExpenses": 7800000,
    "generalAndAdministrativeExpenses": 58800000,
    "sellingAndMarketingExpenses": 0,
    "sellingGeneralAndAdministrativeExpenses": 58800000,
    "otherExpenses": -1500000,
    "operatingExpenses": 65100000,
    "costAndExpenses": 306700000,
    "interestIncome": 800000,
    "interestExpense": 3800000,
    "depreciationAndAmortization": 22000000,
    "ebitda": 66900000,
    "ebitdaratio": 0.1912521441,
    "operatingIncome": 44600000,
    "operatingIncomeRatio": 0.1275014294,
    "totalOtherIncomeExpensesNet": -1500000,
    "incomeBeforeTax": 41700000,
    "incomeBeforeTaxRatio": 0.1192109777,
    "incomeTaxExpense": 11800000,
    "netIncome": 31400000,
    "netIncomeRatio": 0.0897655803,
    "eps": 0.44,
    "epsdiluted": 0.43,
    "weightedAverageShsOut": 71300000,
    "weightedAverageShsOutDil": 73200000,
    "link": "https://www.sec.gov/Archives/edgar/data/105770/000010577015000007/0000105770-15-000007-index.htm",
    "finalLink": "https://www.sec.gov/Archives/edgar/data/105770/000010577015000007/wst10k123114.htm"
  },
  {
    "date": "2014-09-30",
    "symbol": "WST",
    "reportedCurrency": "USD",
    "cik": "0000105770",
    "fillingDate": "2014-11-03",
    "acceptedDate": "2014-11-03 17:08:52",
    "calendarYear": "2014",
    "period": "Q3",
    "revenue": 355900000,
    "costOfRevenue": 246000000,
    "grossProfit": 109900000,
    "grossProfitRatio": 0.3087946052,
    "researchAndDevelopmentExpenses": 9600000,
    "generalAndAdministrativeExpenses": 56000000,
    "sellingAndMarketingExpenses": 0,
    "sellingGeneralAndAdministrativeExpenses": 56000000,
    "otherExpenses": 0,
    "operatingExpenses": 65600000,
    "costAndExpenses": 311600000,
    "interestIncome": 1800000,
    "interestExpense": 4500000,
    "depreciationAndAmortization": 23100000,
    "ebitda": 67400000,
    "ebitdaratio": 0.1893790391,
    "operatingIncome": 44000000,
    "operatingIncomeRatio": 0.1236302332,
    "totalOtherIncomeExpensesNet": -2700000,
    "incomeBeforeTax": 41300000,
    "incomeBeforeTaxRatio": 0.1160438325,
    "incomeTaxExpense": 11700000,
    "netIncome": 31000000,
    "netIncomeRatio": 0.0871031189,
    "eps": 0.44,
    "epsdiluted": 0.43,
    "weightedAverageShsOut": 71000000,
    "weightedAverageShsOutDil": 72600000,
    "link": "https://www.sec.gov/Archives/edgar/data/105770/000010577014000065/0000105770-14-000065-index.htm",
    "finalLink": "https://www.sec.gov/Archives/edgar/data/105770/000010577014000065/wst10q93014.htm"
  },
  {
    "date": "2014-06-30",
    "symbol": "WST",
    "reportedCurrency": "USD",
    "cik": "0000105770",
    "fillingDate": "2014-08-01",
    "acceptedDate": "2014-08-01 16:40:34",
    "calendarYear": "2014",
    "period": "Q2",
    "revenue": 368900000,
    "costOfRevenue": 247100000,
    "grossProfit": 121800000,
    "grossProfitRatio": 0.330170778,
    "researchAndDevelopmentExpenses": 9900000,
    "generalAndAdministrativeExpenses": 57500000,
    "sellingAndMarketingExpenses": 0,
    "sellingGeneralAndAdministrativeExpenses": 57500000,
    "otherExpenses": 0,
    "operatingExpenses": 67400000,
    "costAndExpenses": 314500000,
    "interestIncome": 500000,
    "interestExpense": 4200000,
    "depreciationAndAmortization": 23100000,
    "ebitda": 78200000,
    "ebitdaratio": 0.2119815668,
    "operatingIncome": 54100000,
    "operatingIncomeRatio": 0.1466522093,
    "totalOtherIncomeExpensesNet": -3700000,
    "incomeBeforeTax": 50400000,
    "incomeBeforeTaxRatio": 0.1366223909,
    "incomeTaxExpense": 14000000,
    "netIncome": 37600000,
    "netIncomeRatio": 0.1019246408,
    "eps": 0.53,
    "epsdiluted": 0.52,
    "weightedAverageShsOut": 70800000,
    "weightedAverageShsOutDil": 72400000,
    "link": "https://www.sec.gov/Archives/edgar/data/105770/000010577014000046/0000105770-14-000046-index.htm",
    "finalLink": "https://www.sec.gov/Archives/edgar/data/105770/000010577014000046/wst10q63014.htm"
  },
  {
    "date": "2014-03-31",
    "symbol": "WST",
    "reportedCurrency": "USD",
    "cik": "0000105770",
    "fillingDate": "2014-05-08",
    "acceptedDate": "2014-05-08 11:54:44",
    "calendarYear": "2014",
    "period": "Q1",
    "revenue": 346800000,
    "costOfRevenue": 240400000,
    "grossProfit": 106400000,
    "grossProfitRatio": 0.306805075,
    "researchAndDevelopmentExpenses": 10000000,
    "generalAndAdministrativeExpenses": 56400000,
    "sellingAndMarketingExpenses": 0,
    "sellingGeneralAndAdministrativeExpenses": 56400000,
    "otherExpenses": 700000,
    "operatingExpenses": 67100000,
    "costAndExpenses": 306800000,
    "interestIncome": 400000,
    "interestExpense": 4000000,
    "depreciationAndAmortization": 21800000,
    "ebitda": 62200000,
    "ebitdaratio": 0.1793540946,
    "operatingIncome": 39300000,
    "operatingIncomeRatio": 0.1133217993,
    "totalOtherIncomeExpensesNet": -3600000,
    "incomeBeforeTax": 35700000,
    "incomeBeforeTaxRatio": 0.1029411765,
    "incomeTaxExpense": 9800000,
    "netIncome": 27100000,
    "netIncomeRatio": 0.0781430219,
    "eps": 0.38,
    "epsdiluted": 0.38,
    "weightedAverageShsOut": 70600000,
    "weightedAverageShsOutDil": 72300000,
    "link": "https://www.sec.gov/Archives/edgar/data/105770/000010577014000016/0000105770-14-000016-index.htm",
    "finalLink": "https://www.sec.gov/Archives/edgar/data/105770/000010577014000016/wst10q33114.htm"
  },
  {
    "date": "2013-12-31",
    "symbol": "WST",
    "reportedCurrency": "USD",
    "cik": "0000105770",
    "fillingDate": "2014-02-27",
    "acceptedDate": "2014-02-27 15:10:33",
    "calendarYear": "2013",
    "period": "Q4",
    "revenue": 342700000,
    "costOfRevenue": 236100000,
    "grossProfit": 106600000,
    "grossProfitRatio": 0.3110592355,
    "researchAndDevelopmentExpenses": 9700000,
    "generalAndAdministrativeExpenses": 60000000,
    "sellingAndMarketingExpenses": 0,
    "sellingGeneralAndAdministrativeExpenses": 60000000,
    "otherExpenses": 0,
    "operatingExpenses": 69700000,
    "costAndExpenses": 305800000,
    "interestIncome": 500000,
    "interestExpense": 3900000,
    "depreciationAndAmortization": 22100000,
    "ebitda": 59800000,
    "ebitdaratio": 0.1744966443,
    "operatingIncome": 36900000,
    "operatingIncomeRatio": 0.1076743507,
    "totalOtherIncomeExpensesNet": -3400000,
    "incomeBeforeTax": 33500000,
    "incomeBeforeTaxRatio": 0.0977531369,
    "incomeTaxExpense": 10700000,
    "netIncome": 23600000,
    "netIncomeRatio": 0.0688648964,
    "eps": 0.34,
    "epsdiluted": 0.33,
    "weightedAverageShsOut": 70100000,
    "weightedAverageShsOutDil": 72200000,
    "link": "https://www.sec.gov/Archives/edgar/data/105770/000010577014000005/0000105770-14-000005-index.htm",
    "finalLink": "https://www.sec.gov/Archives/edgar/data/105770/000010577014000005/wst10k123113.htm"
  },
  {
    "date": "2013-09-30",
    "symbol": "WST",
    "reportedCurrency": "USD",
    "cik": "0000105770",
    "fillingDate": "2013-11-04",
    "acceptedDate": "2013-11-04 16:53:16",
    "calendarYear": "2013",
    "period": "Q3",
    "revenue": 341800000,
    "costOfRevenue": 236300000,
    "grossProfit": 105500000,
    "grossProfitRatio": 0.3086600351,
    "researchAndDevelopmentExpenses": 9600000,
    "generalAndAdministrativeExpenses": 56100000,
    "sellingAndMarketingExpenses": 0,
    "sellingGeneralAndAdministrativeExpenses": 56100000,
    "otherExpenses": 0,
    "operatingExpenses": 65700000,
    "costAndExpenses": 302000000,
    "interestIncome": 400000,
    "interestExpense": 4400000,
    "depreciationAndAmortization": 21900000,
    "ebitda": 62100000,
    "ebitdaratio": 0.181685196,
    "operatingIncome": 39700000,
    "operatingIncomeRatio": 0.1161497952,
    "totalOtherIncomeExpensesNet": -4000000,
    "incomeBeforeTax": 35700000,
    "incomeBeforeTaxRatio": 0.1044470451,
    "incomeTaxExpense": 10600000,
    "netIncome": 26800000,
    "netIncomeRatio": 0.078408426,
    "eps": 0.38,
    "epsdiluted": 0.37,
    "weightedAverageShsOut": 69800000,
    "weightedAverageShsOutDil": 71400000,
    "link": "https://www.sec.gov/Archives/edgar/data/105770/000010577013000053/0000105770-13-000053-index.htm",
    "finalLink": "https://www.sec.gov/Archives/edgar/data/105770/000010577013000053/wstq310q93013.htm"
  },
  {
    "date": "2013-06-30",
    "symbol": "WST",
    "reportedCurrency": "USD",
    "cik": "0000105770",
    "fillingDate": "2013-08-05",
    "acceptedDate": "2013-08-05 16:18:03",
    "calendarYear": "2013",
    "period": "Q2",
    "revenue": 344500000,
    "costOfRevenue": 233600000,
    "grossProfit": 110900000,
    "grossProfitRatio": 0.32191582,
    "researchAndDevelopmentExpenses": 9500000,
    "generalAndAdministrativeExpenses": 59700000,
    "sellingAndMarketingExpenses": 0,
    "sellingGeneralAndAdministrativeExpenses": 59700000,
    "otherExpenses": 0,
    "operatingExpenses": 69200000,
    "costAndExpenses": 302800000,
    "interestIncome": 400000,
    "interestExpense": 4100000,
    "depreciationAndAmortization": 20700000,
    "ebitda": 63600000,
    "ebitdaratio": 0.1846153846,
    "operatingIncome": 42500000,
    "operatingIncomeRatio": 0.1233671988,
    "totalOtherIncomeExpensesNet": -3700000,
    "incomeBeforeTax": 38800000,
    "incomeBeforeTaxRatio": 0.1126269956,
    "incomeTaxExpense": 10300000,
    "netIncome": 30200000,
    "netIncomeRatio": 0.0876632801,
    "eps": 0.44,
    "epsdiluted": 0.43,
    "weightedAverageShsOut": 69400000,
    "weightedAverageShsOutDil": 70800000,
    "link": "https://www.sec.gov/Archives/edgar/data/105770/000010577013000041/0000105770-13-000041-index.htm",
    "finalLink": "https://www.sec.gov/Archives/edgar/data/105770/000010577013000041/wstq210q63013.htm"
  },
  {
    "date": "2013-03-31",
    "symbol": "WST",
    "reportedCurrency": "USD",
    "cik": "0000105770",
    "fillingDate": "2013-05-06",
    "acceptedDate": "2013-05-06 14:42:44",
    "calendarYear": "2013",
    "period": "Q1",
    "revenue": 339400000,
    "costOfRevenue": 227700000,
    "grossProfit": 111700000,
    "grossProfitRatio": 0.3291101945,
    "researchAndDevelopmentExpenses": 9100000,
    "generalAndAdministrativeExpenses": 59100000,
    "sellingAndMarketingExpenses": 0,
    "sellingGeneralAndAdministrativeExpenses": 59100000,
    "otherExpenses": 0,
    "operatingExpenses": 68200000,
    "costAndExpenses": 295900000,
    "interestIncome": 600000,
    "interestExpense": 4600000,
    "depreciationAndAmortization": 20500000,
    "ebitda": 64200000,
    "ebitdaratio": 0.1891573365,
    "operatingIncome": 43300000,
    "operatingIncomeRatio": 0.127578079,
    "totalOtherIncomeExpensesNet": -4200000,
    "incomeBeforeTax": 39100000,
    "incomeBeforeTaxRatio": 0.1152032999,
    "incomeTaxExpense": 8600000,
    "netIncome": 31700000,
    "netIncomeRatio": 0.0934001179,
    "eps": 0.46,
    "epsdiluted": 0.45,
    "weightedAverageShsOut": 69000000,
    "weightedAverageShsOutDil": 70200000,
    "link": "https://www.sec.gov/Archives/edgar/data/105770/000010577013000017/0000105770-13-000017-index.htm",
    "finalLink": "https://www.sec.gov/Archives/edgar/data/105770/000010577013000017/wstq110q33113.htm"
  },
  {
    "date": "2012-12-31",
    "symbol": "WST",
    "reportedCurrency": "USD",
    "cik": "0000105770",
    "fillingDate": "2013-02-27",
    "acceptedDate": "2013-02-27 16:58:21",
    "calendarYear": "2012",
    "period": "Q4",
    "revenue": 321500000,
    "costOfRevenue": 224000000,
    "grossProfit": 97500000,
    "grossProfitRatio": 0.3032659409,
    "researchAndDevelopmentExpenses": 8600000,
    "generalAndAdministrativeExpenses": 58600000,
    "sellingAndMarketingExpenses": 0,
    "sellingGeneralAndAdministrativeExpenses": 58600000,
    "otherExpenses": -1200000,
    "operatingExpenses": 66000000,
    "costAndExpenses": 291200000,
    "interestIncome": 300000,
    "interestExpense": 3500000,
    "depreciationAndAmortization": 20200000,
    "ebitda": 52000000,
    "ebitdaratio": 0.1617418351,
    "operatingIncome": 31500000,
    "operatingIncomeRatio": 0.0979782271,
    "totalOtherIncomeExpensesNet": -3200000,
    "incomeBeforeTax": 28300000,
    "incomeBeforeTaxRatio": 0.0880248834,
    "incomeTaxExpense": 7300000,
    "netIncome": 21100000,
    "netIncomeRatio": 0.06562986,
    "eps": 0.31,
    "epsdiluted": 0.3,
    "weightedAverageShsOut": 68400000,
    "weightedAverageShsOutDil": 70000000,
    "link": "https://www.sec.gov/Archives/edgar/data/105770/000010577013000007/0000105770-13-000007-index.htm",
    "finalLink": "https://www.sec.gov/Archives/edgar/data/105770/000010577013000007/wst10k123112.htm"
  },
  {
    "date": "2012-09-30",
    "symbol": "WST",
    "reportedCurrency": "USD",
    "cik": "0000105770",
    "fillingDate": "2012-11-05",
    "acceptedDate": "2012-11-05 15:32:21",
    "calendarYear": "2012",
    "period": "Q3",
    "revenue": 303800000,
    "costOfRevenue": 213400000,
    "grossProfit": 90400000,
    "grossProfitRatio": 0.297564187,
    "researchAndDevelopmentExpenses": 8200000,
    "generalAndAdministrativeExpenses": 53700000,
    "sellingAndMarketingExpenses": 0,
    "sellingGeneralAndAdministrativeExpenses": 53700000,
    "otherExpenses": 4300000,
    "operatingExpenses": 66100000,
    "costAndExpenses": 277500000,
    "interestIncome": 500000,
    "interestExpense": 4400000,
    "depreciationAndAmortization": 19300000,
    "ebitda": 46100000,
    "ebitdaratio": 0.1517445688,
    "operatingIncome": 26300000,
    "operatingIncomeRatio": 0.0865701119,
    "totalOtherIncomeExpensesNet": -3900000,
    "incomeBeforeTax": 22400000,
    "incomeBeforeTaxRatio": 0.0737327189,
    "incomeTaxExpense": 9000000,
    "netIncome": 14800000,
    "netIncomeRatio": 0.0487162607,
    "eps": 0.22,
    "epsdiluted": 0.22,
    "weightedAverageShsOut": 68200000,
    "weightedAverageShsOutDil": 69400000,
    "link": "https://www.sec.gov/Archives/edgar/data/105770/000010577012000062/0000105770-12-000062-index.htm",
    "finalLink": "https://www.sec.gov/Archives/edgar/data/105770/000010577012000062/wstq310q93012.htm"
  },
  {
    "date": "2012-06-30",
    "symbol": "WST",
    "reportedCurrency": "USD",
    "cik": "0000105770",
    "fillingDate": "2012-08-06",
    "acceptedDate": "2012-08-06 16:54:10",
    "calendarYear": "2012",
    "period": "Q2",
    "revenue": 324800000,
    "costOfRevenue": 226100000,
    "grossProfit": 98700000,
    "grossProfitRatio": 0.3038793103,
    "researchAndDevelopmentExpenses": 8200000,
    "generalAndAdministrativeExpenses": 54400000,
    "sellingAndMarketingExpenses": 0,
    "sellingGeneralAndAdministrativeExpenses": 54400000,
    "otherExpenses": 300000,
    "operatingExpenses": 62800000,
    "costAndExpenses": 289200000,
    "interestIncome": 600000,
    "interestExpense": 4600000,
    "depreciationAndAmortization": 18800000,
    "ebitda": 43400000,
    "ebitdaratio": 0.1336206897,
    "operatingIncome": 35600000,
    "operatingIncomeRatio": 0.1096059113,
    "totalOtherIncomeExpensesNet": -15600000,
    "incomeBeforeTax": 20000000,
    "incomeBeforeTaxRatio": 0.0615763547,
    "incomeTaxExpense": 6500000,
    "netIncome": 15600000,
    "netIncomeRatio": 0.0480295567,
    "eps": 0.23,
    "epsdiluted": 0.23,
    "weightedAverageShsOut": 68000000,
    "weightedAverageShsOutDil": 73200000,
    "link": "https://www.sec.gov/Archives/edgar/data/105770/000010577012000052/0000105770-12-000052-index.htm",
    "finalLink": "https://www.sec.gov/Archives/edgar/data/105770/000010577012000052/form10q.htm"
  },
  {
    "date": "2012-03-31",
    "symbol": "WST",
    "reportedCurrency": "USD",
    "cik": "0000105770",
    "fillingDate": "2012-05-04",
    "acceptedDate": "2012-05-04 16:27:57",
    "calendarYear": "2012",
    "period": "Q1",
    "revenue": 316300000,
    "costOfRevenue": 215200000,
    "grossProfit": 101100000,
    "grossProfitRatio": 0.3196332596,
    "researchAndDevelopmentExpenses": 8300000,
    "generalAndAdministrativeExpenses": 51300000,
    "sellingAndMarketingExpenses": 0,
    "sellingGeneralAndAdministrativeExpenses": 51300000,
    "otherExpenses": 2900000,
    "operatingExpenses": 62400000,
    "costAndExpenses": 274000000,
    "interestIncome": 400000,
    "interestExpense": 4300000,
    "depreciationAndAmortization": 18600000,
    "ebitda": 60700000,
    "ebitdaratio": 0.191906418,
    "operatingIncome": 41700000,
    "operatingIncomeRatio": 0.1318368637,
    "totalOtherIncomeExpensesNet": -3900000,
    "incomeBeforeTax": 37800000,
    "incomeBeforeTaxRatio": 0.1195067973,
    "incomeTaxExpense": 9800000,
    "netIncome": 29200000,
    "netIncomeRatio": 0.0923174202,
    "eps": 0.43,
    "epsdiluted": 0.41,
    "weightedAverageShsOut": 67800000,
    "weightedAverageShsOutDil": 74200000,
    "link": "https://www.sec.gov/Archives/edgar/data/105770/000010577012000027/0000105770-12-000027-index.htm",
    "finalLink": "https://www.sec.gov/Archives/edgar/data/105770/000010577012000027/form10q.htm"
  },
  {
    "date": "2011-12-31",
    "symbol": "WST",
    "reportedCurrency": "USD",
    "cik": "0000105770",
    "fillingDate": "2012-02-29",
    "acceptedDate": "2012-02-29 16:40:54",
    "calendarYear": "2011",
    "period": "Q4",
    "revenue": 295400000,
    "costOfRevenue": 210100000,
    "grossProfit": 85300000,
    "grossProfitRatio": 0.288761002,
    "researchAndDevelopmentExpenses": 7200000,
    "generalAndAdministrativeExpenses": 46300000,
    "sellingAndMarketingExpenses": 0,
    "sellingGeneralAndAdministrativeExpenses": 46300000,
    "otherExpenses": 700000,
    "operatingExpenses": 54200000,
    "costAndExpenses": 268400000,
    "interestIncome": 400000,
    "interestExpense": 4400000,
    "depreciationAndAmortization": 18400000,
    "ebitda": 45800000,
    "ebitdaratio": 0.1550440081,
    "operatingIncome": 27000000,
    "operatingIncomeRatio": 0.0914014895,
    "totalOtherIncomeExpensesNet": -4000000,
    "incomeBeforeTax": 23000000,
    "incomeBeforeTaxRatio": 0.0778605281,
    "incomeTaxExpense": 5600000,
    "netIncome": 18800000,
    "netIncomeRatio": 0.0636425186,
    "eps": 0.28,
    "epsdiluted": 0.25,
    "weightedAverageShsOut": 67800000,
    "weightedAverageShsOutDil": 74200000,
    "link": "https://www.sec.gov/Archives/edgar/data/105770/000010577012000011/0000105770-12-000011-index.htm",
    "finalLink": "https://www.sec.gov/Archives/edgar/data/105770/000010577012000011/form10k.htm"
  },
  {
    "date": "2011-09-30",
    "symbol": "WST",
    "reportedCurrency": "USD",
    "cik": "0000105770",
    "fillingDate": "2011-11-07",
    "acceptedDate": "2011-11-07 10:54:13",
    "calendarYear": "2011",
    "period": "Q3",
    "revenue": 293600000,
    "costOfRevenue": 212200000,
    "grossProfit": 81400000,
    "grossProfitRatio": 0.2772479564,
    "researchAndDevelopmentExpenses": 7700000,
    "generalAndAdministrativeExpenses": 45700000,
    "sellingAndMarketingExpenses": 0,
    "sellingGeneralAndAdministrativeExpenses": 45700000,
    "otherExpenses": 1300000,
    "operatingExpenses": 54700000,
    "costAndExpenses": 266200000,
    "interestIncome": 400000,
    "interestExpense": 4500000,
    "depreciationAndAmortization": 18500000,
    "ebitda": 45000000,
    "ebitdaratio": 0.1532697548,
    "operatingIncome": 26100000,
    "operatingIncomeRatio": 0.0888964578,
    "totalOtherIncomeExpensesNet": -4100000,
    "incomeBeforeTax": 22000000,
    "incomeBeforeTaxRatio": 0.0749318801,
    "incomeTaxExpense": 6600000,
    "netIncome": 16900000,
    "netIncomeRatio": 0.0575613079,
    "eps": 0.25,
    "epsdiluted": 0.25,
    "weightedAverageShsOut": 67600000,
    "weightedAverageShsOutDil": 74000000,
    "link": "https://www.sec.gov/Archives/edgar/data/105770/000010577011000059/0000105770-11-000059-index.htm",
    "finalLink": "https://www.sec.gov/Archives/edgar/data/105770/000010577011000059/form10q.htm"
  },
  {
    "date": "2011-06-30",
    "symbol": "WST",
    "reportedCurrency": "USD",
    "cik": "0000105770",
    "fillingDate": "2011-08-05",
    "acceptedDate": "2011-08-05 16:33:57",
    "calendarYear": "2011",
    "period": "Q2",
    "revenue": 307900000,
    "costOfRevenue": 223300000,
    "grossProfit": 84600000,
    "grossProfitRatio": 0.2747645339,
    "researchAndDevelopmentExpenses": 7300000,
    "generalAndAdministrativeExpenses": 48500000,
    "sellingAndMarketingExpenses": 0,
    "sellingGeneralAndAdministrativeExpenses": 48500000,
    "otherExpenses": 1100000,
    "operatingExpenses": 56900000,
    "costAndExpenses": 279500000,
    "interestIncome": 300000,
    "interestExpense": 4600000,
    "depreciationAndAmortization": 19300000,
    "ebitda": 47400000,
    "ebitdaratio": 0.1539460864,
    "operatingIncome": 27800000,
    "operatingIncomeRatio": 0.0902890549,
    "totalOtherIncomeExpensesNet": -4300000,
    "incomeBeforeTax": 23500000,
    "incomeBeforeTaxRatio": 0.0763234816,
    "incomeTaxExpense": 5300000,
    "netIncome": 20100000,
    "netIncomeRatio": 0.0652809354,
    "eps": 0.3,
    "epsdiluted": 0.28,
    "weightedAverageShsOut": 67200000,
    "weightedAverageShsOutDil": 74000000,
    "link": "https://www.sec.gov/Archives/edgar/data/105770/000010577011000042/0000105770-11-000042-index.htm",
    "finalLink": "https://www.sec.gov/Archives/edgar/data/105770/000010577011000042/form10q.htm"
  },
  {
    "date": "2011-03-31",
    "symbol": "WST",
    "reportedCurrency": "USD",
    "cik": "0000105770",
    "fillingDate": "2011-05-05",
    "acceptedDate": "2011-05-05 15:06:48",
    "calendarYear": "2011",
    "period": "Q1",
    "revenue": 295400000,
    "costOfRevenue": 207400000,
    "grossProfit": 88000000,
    "grossProfitRatio": 0.297901151,
    "researchAndDevelopmentExpenses": 6900000,
    "generalAndAdministrativeExpenses": 50600000,
    "sellingAndMarketingExpenses": 0,
    "sellingGeneralAndAdministrativeExpenses": 50600000,
    "otherExpenses": 500000,
    "operatingExpenses": 58000000,
    "costAndExpenses": 266600000,
    "interestIncome": 200000,
    "interestExpense": 4700000,
    "depreciationAndAmortization": 19500000,
    "ebitda": 48500000,
    "ebitdaratio": 0.1641841571,
    "operatingIncome": 28800000,
    "operatingIncomeRatio": 0.0974949221,
    "totalOtherIncomeExpensesNet": -4500000,
    "incomeBeforeTax": 24300000,
    "incomeBeforeTaxRatio": 0.0822613406,
    "incomeTaxExpense": 6100000,
    "netIncome": 19600000,
    "netIncomeRatio": 0.0663507109,
    "eps": 0.3,
    "epsdiluted": 0.28,
    "weightedAverageShsOut": 67000000,
    "weightedAverageShsOutDil": 73600000,
    "link": "https://www.sec.gov/Archives/edgar/data/105770/000010577011000022/0000105770-11-000022-index.htm",
    "finalLink": "https://www.sec.gov/Archives/edgar/data/105770/000010577011000022/form10q.htm"
  },
  {
    "date": "2010-12-31",
    "symbol": "WST",
    "reportedCurrency": "USD",
    "cik": "0000105770",
    "fillingDate": "2011-02-28",
    "acceptedDate": "2011-02-28 17:27:31",
    "calendarYear": "2010",
    "period": "Q4",
    "revenue": 276800000,
    "costOfRevenue": 198800000,
    "grossProfit": 78000000,
    "grossProfitRatio": 0.2817919075,
    "researchAndDevelopmentExpenses": 6900000,
    "generalAndAdministrativeExpenses": 0,
    "sellingAndMarketingExpenses": 0,
    "sellingGeneralAndAdministrativeExpenses": 50500000,
    "otherExpenses": 0,
    "operatingExpenses": 57400000,
    "costAndExpenses": 256200000,
    "interestIncome": 300000,
    "interestExpense": 4700000,
    "depreciationAndAmortization": 19500000,
    "ebitda": 25700000,
    "ebitdaratio": 0.0928468208,
    "operatingIncome": 5900000,
    "operatingIncomeRatio": 0.0213150289,
    "totalOtherIncomeExpensesNet": -4400000,
    "incomeBeforeTax": 1500000,
    "incomeBeforeTaxRatio": 0.0054190751,
    "incomeTaxExpense": -3700000,
    "netIncome": 6000000,
    "netIncomeRatio": 0.0216763006,
    "eps": 0.09,
    "epsdiluted": 0.082,
    "weightedAverageShsOut": 67000000,
    "weightedAverageShsOutDil": 73600000,
    "link": "https://www.sec.gov/Archives/edgar/data/105770/000010577011000016/0000105770-11-000016-index.htm",
    "finalLink": "https://www.sec.gov/Archives/edgar/data/105770/000010577011000016/form10k.htm"
  },
  {
    "date": "2010-09-30",
    "symbol": "WST",
    "reportedCurrency": "USD",
    "cik": "0000105770",
    "fillingDate": "2010-11-05",
    "acceptedDate": "2010-11-05 14:01:10",
    "calendarYear": "2010",
    "period": "Q3",
    "revenue": 271400000,
    "costOfRevenue": 196700000,
    "grossProfit": 74700000,
    "grossProfitRatio": 0.2752394989,
    "researchAndDevelopmentExpenses": 5900000,
    "generalAndAdministrativeExpenses": 0,
    "sellingAndMarketingExpenses": 0,
    "sellingGeneralAndAdministrativeExpenses": 44900000,
    "otherExpenses": 200000,
    "operatingExpenses": 51000000,
    "costAndExpenses": 246100000,
    "interestIncome": 100000,
    "interestExpense": 4200000,
    "depreciationAndAmortization": 18300000,
    "ebitda": 43700000,
    "ebitdaratio": 0.1610169492,
    "operatingIncome": 25300000,
    "operatingIncomeRatio": 0.093220339,
    "totalOtherIncomeExpensesNet": -4100000,
    "incomeBeforeTax": 21200000,
    "incomeBeforeTaxRatio": 0.0781134856,
    "incomeTaxExpense": 4500000,
    "netIncome": 17800000,
    "netIncomeRatio": 0.0655858511,
    "eps": 0.27,
    "epsdiluted": 0.26,
    "weightedAverageShsOut": 66800000,
    "weightedAverageShsOutDil": 73400000,
    "link": "https://www.sec.gov/Archives/edgar/data/105770/000010577010000045/0000105770-10-000045-index.htm",
    "finalLink": "https://www.sec.gov/Archives/edgar/data/105770/000010577010000045/form10q.htm"
  },
  {
    "date": "2010-06-30",
    "symbol": "WST",
    "reportedCurrency": "USD",
    "cik": "0000105770",
    "fillingDate": "2010-08-05",
    "acceptedDate": "2010-08-05 13:09:35",
    "calendarYear": "2010",
    "period": "Q2",
    "revenue": 281800000,
    "costOfRevenue": 198600000,
    "grossProfit": 83200000,
    "grossProfitRatio": 0.2952448545,
    "researchAndDevelopmentExpenses": 5700000,
    "generalAndAdministrativeExpenses": 0,
    "sellingAndMarketingExpenses": 0,
    "sellingGeneralAndAdministrativeExpenses": 45800000,
    "otherExpenses": 800000,
    "operatingExpenses": 52300000,
    "costAndExpenses": 250900000,
    "interestIncome": 100000,
    "interestExpense": 3900000,
    "depreciationAndAmortization": 17700000,
    "ebitda": 30500000,
    "ebitdaratio": 0.1082327892,
    "operatingIncome": 30500000,
    "operatingIncomeRatio": 0.1082327892,
    "totalOtherIncomeExpensesNet": -3800000,
    "incomeBeforeTax": 26700000,
    "incomeBeforeTaxRatio": 0.0947480483,
    "incomeTaxExpense": 6600000,
    "netIncome": 21700000,
    "netIncomeRatio": 0.0770049681,
    "eps": 0.33,
    "epsdiluted": 0.31,
    "weightedAverageShsOut": 66600000,
    "weightedAverageShsOutDil": 73400000,
    "link": "https://www.sec.gov/Archives/edgar/data/105770/000010577010000032/0000105770-10-000032-index.htm",
    "finalLink": "https://www.sec.gov/Archives/edgar/data/105770/000010577010000032/form10q.htm"
  },
  {
    "date": "2010-03-31",
    "symbol": "WST",
    "reportedCurrency": "USD",
    "cik": "0000105770",
    "fillingDate": "2010-03-31",
    "acceptedDate": "2010-03-30 20:00:00",
    "calendarYear": "2010",
    "period": "Q1",
    "revenue": 274700000,
    "costOfRevenue": 192500000,
    "grossProfit": 82200000,
    "grossProfitRatio": 0.2992355297,
    "researchAndDevelopmentExpenses": 5400000,
    "generalAndAdministrativeExpenses": 0,
    "sellingAndMarketingExpenses": 0,
    "sellingGeneralAndAdministrativeExpenses": 46600000,
    "otherExpenses": 700000,
    "operatingExpenses": 52700000,
    "costAndExpenses": 245200000,
    "interestIncome": 100000,
    "interestExpense": 4000000,
    "depreciationAndAmortization": 17700000,
    "ebitda": 46700000,
    "ebitdaratio": 0.1700036403,
    "operatingIncome": 28900000,
    "operatingIncomeRatio": 0.1052056789,
    "totalOtherIncomeExpensesNet": -3900000,
    "incomeBeforeTax": 25000000,
    "incomeBeforeTaxRatio": 0.0910083728,
    "incomeTaxExpense": 6200000,
    "netIncome": 19800000,
    "netIncomeRatio": 0.0720786312,
    "eps": 0.3,
    "epsdiluted": 0.28,
    "weightedAverageShsOut": 66200000,
    "weightedAverageShsOutDil": 73000000,
    "link": "",
    "finalLink": ""
  },
  {
    "date": "2009-12-31",
    "symbol": "WST",
    "reportedCurrency": "USD",
    "cik": "0000105770",
    "fillingDate": "2010-02-25",
    "acceptedDate": "2010-02-25 15:26:28",
    "calendarYear": "2009",
    "period": "Q4",
    "revenue": 293400000,
    "costOfRevenue": 209500000,
    "grossProfit": 83900000,
    "grossProfitRatio": 0.2859577369,
    "researchAndDevelopmentExpenses": 5800000,
    "generalAndAdministrativeExpenses": 45400000,
    "sellingAndMarketingExpenses": 0,
    "sellingGeneralAndAdministrativeExpenses": 45400000,
    "otherExpenses": 0,
    "operatingExpenses": 51200000,
    "costAndExpenses": 271700000,
    "interestIncome": 200000,
    "interestExpense": 4100000,
    "depreciationAndAmortization": 18300000,
    "ebitda": 40200000,
    "ebitdaratio": 0.1370143149,
    "operatingIncome": 21700000,
    "operatingIncomeRatio": 0.0739604635,
    "totalOtherIncomeExpensesNet": -3900000,
    "incomeBeforeTax": 17800000,
    "incomeBeforeTaxRatio": 0.06066803,
    "incomeTaxExpense": -1100000,
    "netIncome": 20300000,
    "netIncomeRatio": 0.0691888207,
    "eps": 0.31,
    "epsdiluted": 0.28,
    "weightedAverageShsOut": 66200000,
    "weightedAverageShsOutDil": 73000000,
    "link": "https://www.sec.gov/Archives/edgar/data/105770/000010577010000011/0000105770-10-000011-index.htm",
    "finalLink": "https://www.sec.gov/Archives/edgar/data/105770/000010577010000011/form10k.htm"
  },
  {
    "date": "2009-09-30",
    "symbol": "WST",
    "reportedCurrency": "USD",
    "cik": "0000105770",
    "fillingDate": "2009-11-04",
    "acceptedDate": "2009-11-04 16:35:34",
    "calendarYear": "2009",
    "period": "Q3",
    "revenue": 258900000,
    "costOfRevenue": 187200000,
    "grossProfit": 71700000,
    "grossProfitRatio": 0.2769409038,
    "researchAndDevelopmentExpenses": 5100000,
    "generalAndAdministrativeExpenses": 44300000,
    "sellingAndMarketingExpenses": 0,
    "sellingGeneralAndAdministrativeExpenses": 44300000,
    "otherExpenses": 0,
    "operatingExpenses": 49400000,
    "costAndExpenses": 233000000,
    "interestIncome": 300000,
    "interestExpense": 3800000,
    "depreciationAndAmortization": 18300000,
    "ebitda": 44500000,
    "ebitdaratio": 0.1718810351,
    "operatingIncome": 25900000,
    "operatingIncomeRatio": 0.100038625,
    "totalOtherIncomeExpensesNet": -3500000,
    "incomeBeforeTax": 22400000,
    "incomeBeforeTaxRatio": 0.0865198919,
    "incomeTaxExpense": 6000000,
    "netIncome": 17200000,
    "netIncomeRatio": 0.066434917,
    "eps": 0.26,
    "epsdiluted": 0.25,
    "weightedAverageShsOut": 65800000,
    "weightedAverageShsOutDil": 72800000,
    "link": "https://www.sec.gov/Archives/edgar/data/105770/000010577009000049/0000105770-09-000049-index.htm",
    "finalLink": "https://www.sec.gov/Archives/edgar/data/105770/000010577009000049/thirdqtr10q.htm"
  },
  {
    "date": "2009-06-30",
    "symbol": "WST",
    "reportedCurrency": "USD",
    "cik": "0000105770",
    "fillingDate": "2009-08-05",
    "acceptedDate": "2009-08-05 14:06:56",
    "calendarYear": "2009",
    "period": "Q2",
    "revenue": 261000000,
    "costOfRevenue": 182300000,
    "grossProfit": 78700000,
    "grossProfitRatio": 0.301532567,
    "researchAndDevelopmentExpenses": 4700000,
    "generalAndAdministrativeExpenses": 45100000,
    "sellingAndMarketingExpenses": 0,
    "sellingGeneralAndAdministrativeExpenses": 45100000,
    "otherExpenses": -100000,
    "operatingExpenses": 49700000,
    "costAndExpenses": 232000000,
    "interestIncome": 100000,
    "interestExpense": 3500000,
    "depreciationAndAmortization": 16500000,
    "ebitda": 45300000,
    "ebitdaratio": 0.1735632184,
    "operatingIncome": 28600000,
    "operatingIncomeRatio": 0.1095785441,
    "totalOtherIncomeExpensesNet": -3400000,
    "incomeBeforeTax": 25200000,
    "incomeBeforeTaxRatio": 0.0965517241,
    "incomeTaxExpense": 6000000,
    "netIncome": 19700000,
    "netIncomeRatio": 0.0754789272,
    "eps": 0.3,
    "epsdiluted": 0.28,
    "weightedAverageShsOut": 65600000,
    "weightedAverageShsOutDil": 72400000,
    "link": "https://www.sec.gov/Archives/edgar/data/105770/000010577009000041/0000105770-09-000041-index.htm",
    "finalLink": "https://www.sec.gov/Archives/edgar/data/105770/000010577009000041/file10q.htm"
  },
  {
    "date": "2009-03-31",
    "symbol": "WST",
    "reportedCurrency": "USD",
    "cik": "0000105770",
    "fillingDate": "2009-05-06",
    "acceptedDate": "2009-05-06 15:22:42",
    "calendarYear": "2009",
    "period": "Q1",
    "revenue": 242400000,
    "costOfRevenue": 173100000,
    "grossProfit": 69300000,
    "grossProfitRatio": 0.2858910891,
    "researchAndDevelopmentExpenses": 4300000,
    "generalAndAdministrativeExpenses": 42900000,
    "sellingAndMarketingExpenses": 0,
    "sellingGeneralAndAdministrativeExpenses": 42900000,
    "otherExpenses": 0,
    "operatingExpenses": 47200000,
    "costAndExpenses": 220300000,
    "interestIncome": 300000,
    "interestExpense": 3900000,
    "depreciationAndAmortization": 15000000,
    "ebitda": 36500000,
    "ebitdaratio": 0.1505775578,
    "operatingIncome": 21200000,
    "operatingIncomeRatio": 0.0874587459,
    "totalOtherIncomeExpensesNet": -3600000,
    "incomeBeforeTax": 17600000,
    "incomeBeforeTaxRatio": 0.0726072607,
    "incomeTaxExpense": 2500000,
    "netIncome": 15400000,
    "netIncomeRatio": 0.0635313531,
    "eps": 0.24,
    "epsdiluted": 0.23,
    "weightedAverageShsOut": 65400000,
    "weightedAverageShsOutDil": 72200000,
    "link": "https://www.sec.gov/Archives/edgar/data/105770/000010577009000027/0000105770-09-000027-index.htm",
    "finalLink": "https://www.sec.gov/Archives/edgar/data/105770/000010577009000027/file10q.htm"
  },
  {
    "date": "2008-12-31",
    "symbol": "WST",
    "reportedCurrency": "USD",
    "cik": "0000105770",
    "fillingDate": "2009-02-27",
    "acceptedDate": "2009-02-26 18:07:12",
    "calendarYear": "2008",
    "period": "Q4",
    "revenue": 244800000,
    "costOfRevenue": 175200000,
    "grossProfit": 69600000,
    "grossProfitRatio": 0.2843137255,
    "researchAndDevelopmentExpenses": 3900000,
    "generalAndAdministrativeExpenses": 0,
    "sellingAndMarketingExpenses": 0,
    "sellingGeneralAndAdministrativeExpenses": 36800000,
    "otherExpenses": 3300000,
    "operatingExpenses": 44000000,
    "costAndExpenses": 219200000,
    "interestIncome": 0,
    "interestExpense": 0,
    "depreciationAndAmortization": 15200000,
    "ebitda": 45000000,
    "ebitdaratio": 0.1838235294,
    "operatingIncome": 25600000,
    "operatingIncomeRatio": 0.1045751634,
    "totalOtherIncomeExpensesNet": -4100000,
    "incomeBeforeTax": 21500000,
    "incomeBeforeTaxRatio": 0.0878267974,
    "incomeTaxExpense": 3700000,
    "netIncome": 17700000,
    "netIncomeRatio": 0.0723039216,
    "eps": 0.27,
    "epsdiluted": 0.25,
    "weightedAverageShsOut": 65400000,
    "weightedAverageShsOutDil": 72200000,
    "link": "https://www.sec.gov/Archives/edgar/data/105770/000010577009000016/0000105770-09-000016-index.htm",
    "finalLink": "https://www.sec.gov/Archives/edgar/data/105770/000010577009000016/form10k.htm"
  },
  {
    "date": "2008-09-30",
    "symbol": "WST",
    "reportedCurrency": "USD",
    "cik": "0000105770",
    "fillingDate": "2008-11-06",
    "acceptedDate": "2008-11-06 17:10:00",
    "calendarYear": "2008",
    "period": "Q3",
    "revenue": 256200000,
    "costOfRevenue": 190200000,
    "grossProfit": 66000000,
    "grossProfitRatio": 0.2576112412,
    "researchAndDevelopmentExpenses": 4600000,
    "generalAndAdministrativeExpenses": 0,
    "sellingAndMarketingExpenses": 0,
    "sellingGeneralAndAdministrativeExpenses": 41500000,
    "otherExpenses": 0,
    "operatingExpenses": 46100000,
    "costAndExpenses": 238300000,
    "interestIncome": 400000,
    "interestExpense": 4300000,
    "depreciationAndAmortization": 15500000,
    "ebitda": 33800000,
    "ebitdaratio": 0.1319281811,
    "operatingIncome": 17900000,
    "operatingIncomeRatio": 0.0698672912,
    "totalOtherIncomeExpensesNet": -3800000,
    "incomeBeforeTax": 14000000,
    "incomeBeforeTaxRatio": 0.0546448087,
    "incomeTaxExpense": 800000,
    "netIncome": 13300000,
    "netIncomeRatio": 0.0519125683,
    "eps": 0.21,
    "epsdiluted": 0.2,
    "weightedAverageShsOut": 65000000,
    "weightedAverageShsOutDil": 72400000,
    "link": "https://www.sec.gov/Archives/edgar/data/105770/000010577008000060/0000105770-08-000060-index.htm",
    "finalLink": "https://www.sec.gov/Archives/edgar/data/105770/000010577008000060/file10q.htm"
  },
  {
    "date": "2008-08-05",
    "symbol": "WST",
    "reportedCurrency": "USD",
    "cik": "0000105770",
    "fillingDate": "2008-08-07",
    "acceptedDate": "2008-08-07 10:29:15",
    "calendarYear": "2008",
    "period": "Q2",
    "revenue": 279300000,
    "costOfRevenue": 195700000,
    "grossProfit": 83600000,
    "grossProfitRatio": 0.2993197279,
    "researchAndDevelopmentExpenses": 4900000,
    "generalAndAdministrativeExpenses": 0,
    "sellingAndMarketingExpenses": 0,
    "sellingGeneralAndAdministrativeExpenses": 40900000,
    "otherExpenses": 0,
    "operatingExpenses": 45800000,
    "costAndExpenses": 236700000,
    "interestIncome": 700000,
    "interestExpense": 4200000,
    "depreciationAndAmortization": 15200000,
    "ebitda": 58500000,
    "ebitdaratio": 0.2094522019,
    "operatingIncome": 42600000,
    "operatingIncomeRatio": 0.1525241676,
    "totalOtherIncomeExpensesNet": -3100000,
    "incomeBeforeTax": 39100000,
    "incomeBeforeTaxRatio": 0.1399928392,
    "incomeTaxExpense": 10800000,
    "netIncome": 28700000,
    "netIncomeRatio": 0.1027568922,
    "eps": 0.45,
    "epsdiluted": 0.41,
    "weightedAverageShsOut": 64800000,
    "weightedAverageShsOutDil": 72600000,
    "link": "https://www.sec.gov/Archives/edgar/data/105770/000010577008000040/0000105770-08-000040-index.htm",
    "finalLink": "https://www.sec.gov/Archives/edgar/data/105770/000010577008000040/file10q.htm"
  },
  {
    "date": "2008-03-31",
    "symbol": "WST",
    "reportedCurrency": "USD",
    "cik": "0000105770",
    "fillingDate": "2008-05-08",
    "acceptedDate": "2008-05-08 09:18:45",
    "calendarYear": "2008",
    "period": "Q1",
    "revenue": 270700000,
    "costOfRevenue": 187200000,
    "grossProfit": 83500000,
    "grossProfitRatio": 0.3084595493,
    "researchAndDevelopmentExpenses": 5400000,
    "generalAndAdministrativeExpenses": 0,
    "sellingAndMarketingExpenses": 0,
    "sellingGeneralAndAdministrativeExpenses": 40100000,
    "otherExpenses": 0,
    "operatingExpenses": 45500000,
    "costAndExpenses": 231600000,
    "interestIncome": 1000000,
    "interestExpense": 4100000,
    "depreciationAndAmortization": 14700000,
    "ebitda": 53800000,
    "ebitdaratio": 0.198743997,
    "operatingIncome": 38100000,
    "operatingIncomeRatio": 0.1407462135,
    "totalOtherIncomeExpensesNet": -3100000,
    "incomeBeforeTax": 35000000,
    "incomeBeforeTaxRatio": 0.1292944219,
    "incomeTaxExpense": 8500000,
    "netIncome": 26200000,
    "netIncomeRatio": 0.0967861101,
    "eps": 0.41,
    "epsdiluted": 0.38,
    "weightedAverageShsOut": 64400000,
    "weightedAverageShsOutDil": 72200000,
    "link": "https://www.sec.gov/Archives/edgar/data/105770/000110465908031034/0001104659-08-031034-index.htm",
    "finalLink": "https://www.sec.gov/Archives/edgar/data/105770/000110465908031034/a08-11514_110q.htm"
  },
  {
    "date": "2007-12-31",
    "symbol": "WST",
    "reportedCurrency": "USD",
    "cik": "0000105770",
    "fillingDate": "2008-02-29",
    "acceptedDate": "2008-02-29 13:13:54",
    "calendarYear": "2007",
    "period": "Q4",
    "revenue": 256100000,
    "costOfRevenue": 185600000,
    "grossProfit": 70500000,
    "grossProfitRatio": 0.2752830925,
    "researchAndDevelopmentExpenses": 4600000,
    "generalAndAdministrativeExpenses": 39700000,
    "sellingAndMarketingExpenses": 0,
    "sellingGeneralAndAdministrativeExpenses": 39700000,
    "otherExpenses": 18600000,
    "operatingExpenses": 62900000,
    "costAndExpenses": 248500000,
    "interestIncome": 0,
    "interestExpense": 0,
    "depreciationAndAmortization": 14400000,
    "ebitda": 50300000,
    "ebitdaratio": 0.1964076533,
    "operatingIncome": 7600000,
    "operatingIncomeRatio": 0.0296759078,
    "totalOtherIncomeExpensesNet": -1000000,
    "incomeBeforeTax": 5000000,
    "incomeBeforeTaxRatio": 0.0195236236,
    "incomeTaxExpense": -200000,
    "netIncome": 6000000,
    "netIncomeRatio": 0.0234283483,
    "eps": 0.093,
    "epsdiluted": 0.083,
    "weightedAverageShsOut": 64400000,
    "weightedAverageShsOutDil": 72200000,
    "link": "https://www.sec.gov/Archives/edgar/data/105770/000104746908002017/0001047469-08-002017-index.htm",
    "finalLink": "https://www.sec.gov/Archives/edgar/data/105770/000104746908002017/a2183198z10-k.htm"
  },
  {
    "date": "2007-09-30",
    "symbol": "WST",
    "reportedCurrency": "USD",
    "cik": "0000105770",
    "fillingDate": "2007-11-02",
    "acceptedDate": "2007-11-02 12:19:34",
    "calendarYear": "2007",
    "period": "Q3",
    "revenue": 242700000,
    "costOfRevenue": 178400000,
    "grossProfit": 64300000,
    "grossProfitRatio": 0.2649361351,
    "researchAndDevelopmentExpenses": 4100000,
    "generalAndAdministrativeExpenses": 37700000,
    "sellingAndMarketingExpenses": 0,
    "sellingGeneralAndAdministrativeExpenses": 37700000,
    "otherExpenses": 9600000,
    "operatingExpenses": 51400000,
    "costAndExpenses": 229800000,
    "interestIncome": 0,
    "interestExpense": 0,
    "depreciationAndAmortization": 13900000,
    "ebitda": 12900000,
    "ebitdaratio": 0.0531520396,
    "operatingIncome": 12900000,
    "operatingIncomeRatio": 0.0531520396,
    "totalOtherIncomeExpensesNet": -1500000,
    "incomeBeforeTax": 10900000,
    "incomeBeforeTaxRatio": 0.0449114133,
    "incomeTaxExpense": -800000,
    "netIncome": 12200000,
    "netIncomeRatio": 0.0502678204,
    "eps": 0.19,
    "epsdiluted": 0.18,
    "weightedAverageShsOut": 65400000,
    "weightedAverageShsOutDil": 73600000,
    "link": "https://www.sec.gov/Archives/edgar/data/105770/000110465907079167/0001104659-07-079167-index.htm",
    "finalLink": "https://www.sec.gov/Archives/edgar/data/105770/000110465907079167/a07-25798_110q.htm"
  },
  {
    "date": "2007-06-30",
    "symbol": "WST",
    "reportedCurrency": "USD",
    "cik": "0000105770",
    "fillingDate": "2007-08-03",
    "acceptedDate": "2007-08-03 16:19:54",
    "calendarYear": "2007",
    "period": "Q2",
    "revenue": 263700000,
    "costOfRevenue": 187000000,
    "grossProfit": 76700000,
    "grossProfitRatio": 0.2908608267,
    "researchAndDevelopmentExpenses": 3800000,
    "generalAndAdministrativeExpenses": 38200000,
    "sellingAndMarketingExpenses": 0,
    "sellingGeneralAndAdministrativeExpenses": 38200000,
    "otherExpenses": -200000,
    "operatingExpenses": 41800000,
    "costAndExpenses": 228800000,
    "interestIncome": 0,
    "interestExpense": 0,
    "depreciationAndAmortization": 14300000,
    "ebitda": 34900000,
    "ebitdaratio": 0.1323473644,
    "operatingIncome": 34900000,
    "operatingIncomeRatio": 0.1323473644,
    "totalOtherIncomeExpensesNet": -1700000,
    "incomeBeforeTax": 33200000,
    "incomeBeforeTaxRatio": 0.1259006447,
    "incomeTaxExpense": 7000000,
    "netIncome": 26000000,
    "netIncomeRatio": 0.0985968904,
    "eps": 0.4,
    "epsdiluted": 0.37,
    "weightedAverageShsOut": 65800000,
    "weightedAverageShsOutDil": 74200000,
    "link": "https://www.sec.gov/Archives/edgar/data/105770/000110465907058768/0001104659-07-058768-index.htm",
    "finalLink": "https://www.sec.gov/Archives/edgar/data/105770/000110465907058768/a07-19128_110q.htm"
  },
  {
    "date": "2007-03-31",
    "symbol": "WST",
    "reportedCurrency": "USD",
    "cik": "0000105770",
    "fillingDate": "2007-05-08",
    "acceptedDate": "2007-05-08 14:23:02",
    "calendarYear": "2007",
    "period": "Q1",
    "revenue": 257600000,
    "costOfRevenue": 177200000,
    "grossProfit": 80400000,
    "grossProfitRatio": 0.3121118012,
    "researchAndDevelopmentExpenses": 3600000,
    "generalAndAdministrativeExpenses": 37000000,
    "sellingAndMarketingExpenses": 0,
    "sellingGeneralAndAdministrativeExpenses": 37000000,
    "otherExpenses": 200000,
    "operatingExpenses": 40800000,
    "costAndExpenses": 218000000,
    "interestIncome": 0,
    "interestExpense": 0,
    "depreciationAndAmortization": 14000000,
    "ebitda": 39600000,
    "ebitdaratio": 0.1537267081,
    "operatingIncome": 39600000,
    "operatingIncomeRatio": 0.1537267081,
    "totalOtherIncomeExpensesNet": -1900000,
    "incomeBeforeTax": 37300000,
    "incomeBeforeTaxRatio": 0.1447981366,
    "incomeTaxExpense": 11200000,
    "netIncome": 26500000,
    "netIncomeRatio": 0.1028726708,
    "eps": 0.41,
    "epsdiluted": 0.39,
    "weightedAverageShsOut": 65400000,
    "weightedAverageShsOutDil": 69000000,
    "link": "https://www.sec.gov/Archives/edgar/data/105770/000110465907036918/0001104659-07-036918-index.htm",
    "finalLink": "https://www.sec.gov/Archives/edgar/data/105770/000110465907036918/a07-11150_110q.htm"
  },
  {
    "date": "2006-12-31",
    "symbol": "WST",
    "reportedCurrency": "USD",
    "cik": "0000105770",
    "fillingDate": "2007-03-01",
    "acceptedDate": "2007-02-28 18:52:01",
    "calendarYear": "2006",
    "period": "Q4",
    "revenue": 231900000,
    "costOfRevenue": 166300000,
    "grossProfit": 65600000,
    "grossProfitRatio": 0.282880552,
    "researchAndDevelopmentExpenses": 0,
    "generalAndAdministrativeExpenses": 43900000,
    "sellingAndMarketingExpenses": 0,
    "sellingGeneralAndAdministrativeExpenses": 43900000,
    "otherExpenses": 700000,
    "operatingExpenses": 44600000,
    "costAndExpenses": 210900000,
    "interestIncome": 0,
    "interestExpense": 0,
    "depreciationAndAmortization": 13700000,
    "ebitda": 34700000,
    "ebitdaratio": 0.1496334627,
    "operatingIncome": 21000000,
    "operatingIncomeRatio": 0.0905562743,
    "totalOtherIncomeExpensesNet": -2100000,
    "incomeBeforeTax": 18900000,
    "incomeBeforeTaxRatio": 0.0815006468,
    "incomeTaxExpense": 5200000,
    "netIncome": 15000000,
    "netIncomeRatio": 0.064683053,
    "eps": 0.23,
    "epsdiluted": 0.22,
    "weightedAverageShsOut": 65400000,
    "weightedAverageShsOutDil": 69000000,
    "link": "https://www.sec.gov/Archives/edgar/data/105770/000110465907015074/0001104659-07-015074-index.htm",
    "finalLink": "https://www.sec.gov/Archives/edgar/data/105770/000110465907015074/a07-5873_110k.htm"
  },
  {
    "date": "2006-09-30",
    "symbol": "WST",
    "reportedCurrency": "USD",
    "cik": "0000105770",
    "fillingDate": "2006-11-08",
    "acceptedDate": "2006-11-08 16:36:26",
    "calendarYear": "2006",
    "period": "Q3",
    "revenue": 218400000,
    "costOfRevenue": 159600000,
    "grossProfit": 58800000,
    "grossProfitRatio": 0.2692307692,
    "researchAndDevelopmentExpenses": 0,
    "generalAndAdministrativeExpenses": 37100000,
    "sellingAndMarketingExpenses": 0,
    "sellingGeneralAndAdministrativeExpenses": 37100000,
    "otherExpenses": 2000000,
    "operatingExpenses": 39100000,
    "costAndExpenses": 198700000,
    "interestIncome": 0,
    "interestExpense": 0,
    "depreciationAndAmortization": 13200000,
    "ebitda": 19700000,
    "ebitdaratio": 0.0902014652,
    "operatingIncome": 19700000,
    "operatingIncomeRatio": 0.0902014652,
    "totalOtherIncomeExpensesNet": -2700000,
    "incomeBeforeTax": 17000000,
    "incomeBeforeTaxRatio": 0.0778388278,
    "incomeTaxExpense": 4900000,
    "netIncome": 13300000,
    "netIncomeRatio": 0.0608974359,
    "eps": 0.21,
    "epsdiluted": 0.2,
    "weightedAverageShsOut": 64400000,
    "weightedAverageShsOutDil": 67600000,
    "link": "https://www.sec.gov/Archives/edgar/data/105770/000110465906072829/0001104659-06-072829-index.htm",
    "finalLink": "https://www.sec.gov/Archives/edgar/data/105770/000110465906072829/a06-22049_110q.htm"
  },
  {
    "date": "2006-06-30",
    "symbol": "WST",
    "reportedCurrency": "USD",
    "cik": "0000105770",
    "fillingDate": "2006-08-07",
    "acceptedDate": "2006-08-07 12:35:54",
    "calendarYear": "2006",
    "period": "Q2",
    "revenue": 240200000,
    "costOfRevenue": 169700000,
    "grossProfit": 70500000,
    "grossProfitRatio": 0.2935054122,
    "researchAndDevelopmentExpenses": 0,
    "generalAndAdministrativeExpenses": 36900000,
    "sellingAndMarketingExpenses": 0,
    "sellingGeneralAndAdministrativeExpenses": 36900000,
    "otherExpenses": 1500000,
    "operatingExpenses": 38400000,
    "costAndExpenses": 208100000,
    "interestIncome": 0,
    "interestExpense": 0,
    "depreciationAndAmortization": 13000000,
    "ebitda": 32100000,
    "ebitdaratio": 0.1336386345,
    "operatingIncome": 32100000,
    "operatingIncomeRatio": 0.1336386345,
    "totalOtherIncomeExpensesNet": -2800000,
    "incomeBeforeTax": 29300000,
    "incomeBeforeTaxRatio": 0.1219816819,
    "incomeTaxExpense": 9200000,
    "netIncome": 20700000,
    "netIncomeRatio": 0.0861781848,
    "eps": 0.32,
    "epsdiluted": 0.31,
    "weightedAverageShsOut": 64152000,
    "weightedAverageShsOutDil": 67116000,
    "link": "https://www.sec.gov/Archives/edgar/data/105770/000110465906051878/0001104659-06-051878-index.htm",
    "finalLink": "https://www.sec.gov/Archives/edgar/data/105770/000110465906051878/a06-15767_110q.htm"
  },
  {
    "date": "2006-03-31",
    "symbol": "WST",
    "reportedCurrency": "USD",
    "cik": "0000105770",
    "fillingDate": "2006-05-10",
    "acceptedDate": "2006-05-10 10:30:33",
    "calendarYear": "2006",
    "period": "Q1",
    "revenue": 222800000,
    "costOfRevenue": 155900000,
    "grossProfit": 66900000,
    "grossProfitRatio": 0.3002692998,
    "researchAndDevelopmentExpenses": 0,
    "generalAndAdministrativeExpenses": 38000000,
    "sellingAndMarketingExpenses": 0,
    "sellingGeneralAndAdministrativeExpenses": 38000000,
    "otherExpenses": 700000,
    "operatingExpenses": 38700000,
    "costAndExpenses": 194600000,
    "interestIncome": 0,
    "interestExpense": 3000000,
    "depreciationAndAmortization": 12800000,
    "ebitda": 28200000,
    "ebitdaratio": 0.1265709156,
    "operatingIncome": 28200000,
    "operatingIncomeRatio": 0.1265709156,
    "totalOtherIncomeExpensesNet": -8900000,
    "incomeBeforeTax": 19300000,
    "incomeBeforeTaxRatio": 0.0866247756,
    "incomeTaxExpense": 5400000,
    "netIncome": 18100000,
    "netIncomeRatio": 0.0812387792,
    "eps": 0.28,
    "epsdiluted": 0.28,
    "weightedAverageShsOut": 63400000,
    "weightedAverageShsOutDil": 66200000,
    "link": "https://www.sec.gov/Archives/edgar/data/105770/000110465906032995/0001104659-06-032995-index.htm",
    "finalLink": "https://www.sec.gov/Archives/edgar/data/105770/000110465906032995/a06-10941_110q.htm"
  },
  {
    "date": "2005-12-31",
    "symbol": "WST",
    "reportedCurrency": "USD",
    "cik": "0000105770",
    "fillingDate": "2006-03-06",
    "acceptedDate": "2006-03-06 10:50:14",
    "calendarYear": "2005",
    "period": "Q4",
    "revenue": 195700000,
    "costOfRevenue": 143900000,
    "grossProfit": 51800000,
    "grossProfitRatio": 0.2646908533,
    "researchAndDevelopmentExpenses": 0,
    "generalAndAdministrativeExpenses": 32400000,
    "sellingAndMarketingExpenses": 0,
    "sellingGeneralAndAdministrativeExpenses": 32400000,
    "otherExpenses": 200000,
    "operatingExpenses": 32600000,
    "costAndExpenses": 176500000,
    "interestIncome": 0,
    "interestExpense": 0,
    "depreciationAndAmortization": 13600000,
    "ebitda": 32800000,
    "ebitdaratio": 0.1676034747,
    "operatingIncome": 19000000,
    "operatingIncomeRatio": 0.0970873786,
    "totalOtherIncomeExpensesNet": -18500000,
    "incomeBeforeTax": 500000,
    "incomeBeforeTaxRatio": 0.002554931,
    "incomeTaxExpense": -14600000,
    "netIncome": 11700000,
    "netIncomeRatio": 0.0597853858,
    "eps": 0.18,
    "epsdiluted": 0.18,
    "weightedAverageShsOut": 63508000,
    "weightedAverageShsOutDil": 66250000,
    "link": "https://www.sec.gov/Archives/edgar/data/105770/000110465906014167/0001104659-06-014167-index.htm",
    "finalLink": "https://www.sec.gov/Archives/edgar/data/105770/000110465906014167/a06-3954_310k.htm"
  },
  {
    "date": "2005-09-30",
    "symbol": "WST",
    "reportedCurrency": "USD",
    "cik": "0000105770",
    "fillingDate": "2005-11-04",
    "acceptedDate": "2005-11-04 15:03:34",
    "calendarYear": "2005",
    "period": "Q3",
    "revenue": 181600000,
    "costOfRevenue": 137800000,
    "grossProfit": 43800000,
    "grossProfitRatio": 0.2411894273,
    "researchAndDevelopmentExpenses": 0,
    "generalAndAdministrativeExpenses": 30700000,
    "sellingAndMarketingExpenses": 0,
    "sellingGeneralAndAdministrativeExpenses": 30700000,
    "otherExpenses": 0,
    "operatingExpenses": 30700000,
    "costAndExpenses": 168500000,
    "interestIncome": 0,
    "interestExpense": 0,
    "depreciationAndAmortization": 13000000,
    "ebitda": 26100000,
    "ebitdaratio": 0.143722467,
    "operatingIncome": 13200000,
    "operatingIncomeRatio": 0.0726872247,
    "totalOtherIncomeExpensesNet": -3700000,
    "incomeBeforeTax": 9500000,
    "incomeBeforeTaxRatio": 0.0523127753,
    "incomeTaxExpense": 3000000,
    "netIncome": 7800000,
    "netIncomeRatio": 0.0429515419,
    "eps": 0.13,
    "epsdiluted": 0.12,
    "weightedAverageShsOut": 62668000,
    "weightedAverageShsOutDil": 65552000,
    "link": "https://www.sec.gov/Archives/edgar/data/105770/000010577005000528/0000105770-05-000528-index.htm",
    "finalLink": "https://www.sec.gov/Archives/edgar/data/105770/000010577005000528/file10qee.htm"
  },
  {
    "date": "2005-06-30",
    "symbol": "WST",
    "reportedCurrency": "USD",
    "cik": "0000105770",
    "fillingDate": "2005-08-09",
    "acceptedDate": "2005-08-09 13:45:54",
    "calendarYear": "2005",
    "period": "Q2",
    "revenue": 173000000,
    "costOfRevenue": 122400000,
    "grossProfit": 50600000,
    "grossProfitRatio": 0.2924855491,
    "researchAndDevelopmentExpenses": 0,
    "generalAndAdministrativeExpenses": 31900000,
    "sellingAndMarketingExpenses": 0,
    "sellingGeneralAndAdministrativeExpenses": 31900000,
    "otherExpenses": 0,
    "operatingExpenses": 31900000,
    "costAndExpenses": 153100000,
    "interestIncome": 0,
    "interestExpense": 2900000,
    "depreciationAndAmortization": 10800000,
    "ebitda": 29300000,
    "ebitdaratio": 0.1693641618,
    "operatingIncome": 19900000,
    "operatingIncomeRatio": 0.1150289017,
    "totalOtherIncomeExpensesNet": -2900000,
    "incomeBeforeTax": 17000000,
    "incomeBeforeTaxRatio": 0.098265896,
    "incomeTaxExpense": 5500000,
    "netIncome": 12800000,
    "netIncomeRatio": 0.0739884393,
    "eps": 0.21,
    "epsdiluted": 0.2,
    "weightedAverageShsOut": 61956000,
    "weightedAverageShsOutDil": 64310000,
    "link": "https://www.sec.gov/Archives/edgar/data/105770/000010577005000400/0000105770-05-000400-index.htm",
    "finalLink": "https://www.sec.gov/Archives/edgar/data/105770/000010577005000400/file10q.htm"
  },
  {
    "date": "2005-03-31",
    "symbol": "WST",
    "reportedCurrency": "USD",
    "cik": "0000105770",
    "fillingDate": "2005-05-10",
    "acceptedDate": "2005-05-10 13:09:16",
    "calendarYear": "2005",
    "period": "Q1",
    "revenue": 149500000,
    "costOfRevenue": 103100000,
    "grossProfit": 46400000,
    "grossProfitRatio": 0.310367893,
    "researchAndDevelopmentExpenses": 0,
    "generalAndAdministrativeExpenses": 25200000,
    "sellingAndMarketingExpenses": 0,
    "sellingGeneralAndAdministrativeExpenses": 25200000,
    "otherExpenses": 1100000,
    "operatingExpenses": 26300000,
    "costAndExpenses": 129400000,
    "interestIncome": 0,
    "interestExpense": 2000000,
    "depreciationAndAmortization": 10000000,
    "ebitda": 20100000,
    "ebitdaratio": 0.1344481605,
    "operatingIncome": 20100000,
    "operatingIncomeRatio": 0.1344481605,
    "totalOtherIncomeExpensesNet": -2000000,
    "incomeBeforeTax": 18100000,
    "incomeBeforeTaxRatio": 0.1210702341,
    "incomeTaxExpense": 5700000,
    "netIncome": 13300000,
    "netIncomeRatio": 0.0889632107,
    "eps": 0.22,
    "epsdiluted": 0.21,
    "weightedAverageShsOut": 61290000,
    "weightedAverageShsOutDil": 63550000,
    "link": "https://www.sec.gov/Archives/edgar/data/105770/000010577005000283/0000105770-05-000283-index.htm",
    "finalLink": "https://www.sec.gov/Archives/edgar/data/105770/000010577005000283/file10qstl.htm"
  },
  {
    "date": "2004-12-31",
    "symbol": "WST",
    "reportedCurrency": "USD",
    "cik": "0000105770",
    "fillingDate": "2005-03-09",
    "acceptedDate": "2005-03-09 17:10:48",
    "calendarYear": "2004",
    "period": "Q4",
    "revenue": 134600000,
    "costOfRevenue": 98800000,
    "grossProfit": 35800000,
    "grossProfitRatio": 0.2659732541,
    "researchAndDevelopmentExpenses": 0,
    "generalAndAdministrativeExpenses": 15100000,
    "sellingAndMarketingExpenses": 0,
    "sellingGeneralAndAdministrativeExpenses": 15100000,
    "otherExpenses": 300000,
    "operatingExpenses": 15400000,
    "costAndExpenses": 115200000,
    "interestIncome": 0,
    "interestExpense": 0,
    "depreciationAndAmortization": 7600000,
    "ebitda": 28000000,
    "ebitdaratio": 0.2080237741,
    "operatingIncome": 19400000,
    "operatingIncomeRatio": 0.1441307578,
    "totalOtherIncomeExpensesNet": -1600000,
    "incomeBeforeTax": 17800000,
    "incomeBeforeTaxRatio": 0.132243685,
    "incomeTaxExpense": 3600000,
    "netIncome": 400000,
    "netIncomeRatio": 0.0029717682,
    "eps": 0.0065,
    "epsdiluted": 0.0063,
    "weightedAverageShsOut": 61290000,
    "weightedAverageShsOutDil": 63550000,
    "link": "https://www.sec.gov/Archives/edgar/data/105770/000010577005000135/0000105770-05-000135-index.htm",
    "finalLink": "https://www.sec.gov/Archives/edgar/data/105770/000010577005000135/file10k04.htm"
  },
  {
    "date": "2004-09-30",
    "symbol": "WST",
    "reportedCurrency": "USD",
    "cik": "0000105770",
    "fillingDate": "2004-11-04",
    "acceptedDate": "2004-11-04 13:11:58",
    "calendarYear": "2004",
    "period": "Q3",
    "revenue": 135300000,
    "costOfRevenue": 98600000,
    "grossProfit": 36700000,
    "grossProfitRatio": 0.2712490761,
    "researchAndDevelopmentExpenses": 0,
    "generalAndAdministrativeExpenses": 30300000,
    "sellingAndMarketingExpenses": 0,
    "sellingGeneralAndAdministrativeExpenses": 30300000,
    "otherExpenses": 0,
    "operatingExpenses": 30300000,
    "costAndExpenses": 128900000,
    "interestIncome": 0,
    "interestExpense": 0,
    "depreciationAndAmortization": 8600000,
    "ebitda": 15000000,
    "ebitdaratio": 0.110864745,
    "operatingIncome": 6400000,
    "operatingIncomeRatio": 0.0473022912,
    "totalOtherIncomeExpensesNet": -1900000,
    "incomeBeforeTax": 4500000,
    "incomeBeforeTaxRatio": 0.0332594235,
    "incomeTaxExpense": 1400000,
    "netIncome": 4300000,
    "netIncomeRatio": 0.0317812269,
    "eps": 0.07,
    "epsdiluted": 0.07,
    "weightedAverageShsOut": 60344000,
    "weightedAverageShsOutDil": 62542000,
    "link": "https://www.sec.gov/Archives/edgar/data/105770/000010577004000594/0000105770-04-000594-index.htm",
    "finalLink": "https://www.sec.gov/Archives/edgar/data/105770/000010577004000594/file10q304.htm"
  },
  {
    "date": "2004-06-30",
    "symbol": "WST",
    "reportedCurrency": "USD",
    "cik": "0000105770",
    "fillingDate": "2004-08-04",
    "acceptedDate": "2004-08-04 15:46:13",
    "calendarYear": "2004",
    "period": "Q2",
    "revenue": 138100000,
    "costOfRevenue": 95300000,
    "grossProfit": 42800000,
    "grossProfitRatio": 0.3099203476,
    "researchAndDevelopmentExpenses": 0,
    "generalAndAdministrativeExpenses": 30800000,
    "sellingAndMarketingExpenses": 0,
    "sellingGeneralAndAdministrativeExpenses": 30800000,
    "otherExpenses": 400000,
    "operatingExpenses": 31200000,
    "costAndExpenses": 120300000,
    "interestIncome": 0,
    "interestExpense": 0,
    "depreciationAndAmortization": 8700000,
    "ebitda": 24100000,
    "ebitdaratio": 0.1745112238,
    "operatingIncome": 11600000,
    "operatingIncomeRatio": 0.0839971035,
    "totalOtherIncomeExpensesNet": -1700000,
    "incomeBeforeTax": 10000000,
    "incomeBeforeTaxRatio": 0.0724112962,
    "incomeTaxExpense": 3200000,
    "netIncome": 7700000,
    "netIncomeRatio": 0.055756698,
    "eps": 0.13,
    "epsdiluted": 0.13,
    "weightedAverageShsOut": 59840000,
    "weightedAverageShsOutDil": 61408000,
    "link": "https://www.sec.gov/Archives/edgar/data/105770/000010577004000441/0000105770-04-000441-index.htm",
    "finalLink": "https://www.sec.gov/Archives/edgar/data/105770/000010577004000441/file10q.htm"
  },
  {
    "date": "2004-03-31",
    "symbol": "WST",
    "reportedCurrency": "USD",
    "cik": "0000105770",
    "fillingDate": "2004-05-05",
    "acceptedDate": "2004-05-05 15:55:05",
    "calendarYear": "2004",
    "period": "Q1",
    "revenue": 133600000,
    "costOfRevenue": 93000000,
    "grossProfit": 40600000,
    "grossProfitRatio": 0.3038922156,
    "researchAndDevelopmentExpenses": 0,
    "generalAndAdministrativeExpenses": 29000000,
    "sellingAndMarketingExpenses": 0,
    "sellingGeneralAndAdministrativeExpenses": 29000000,
    "otherExpenses": 800000,
    "operatingExpenses": 29800000,
    "costAndExpenses": 122800000,
    "interestIncome": 0,
    "interestExpense": 0,
    "depreciationAndAmortization": 8300000,
    "ebitda": 21400000,
    "ebitdaratio": 0.1601796407,
    "operatingIncome": 10800000,
    "operatingIncomeRatio": 0.0808383234,
    "totalOtherIncomeExpensesNet": -1900000,
    "incomeBeforeTax": 8900000,
    "incomeBeforeTaxRatio": 0.0666167665,
    "incomeTaxExpense": 0,
    "netIncome": 7000000,
    "netIncomeRatio": 0.0523952096,
    "eps": 0.12,
    "epsdiluted": 0.12,
    "weightedAverageShsOut": 58888000,
    "weightedAverageShsOutDil": 60268000,
    "link": "https://www.sec.gov/Archives/edgar/data/105770/000010577004000199/0000105770-04-000199-index.htm",
    "finalLink": "https://www.sec.gov/Archives/edgar/data/105770/000010577004000199/file10q104.htm"
  },
  {
    "date": "2003-12-31",
    "symbol": "WST",
    "reportedCurrency": "USD",
    "cik": "0000105770",
    "fillingDate": "2004-03-12",
    "acceptedDate": "2004-03-12 12:16:04",
    "calendarYear": "2003",
    "period": "Q4",
    "revenue": 126400000,
    "costOfRevenue": 84200000,
    "grossProfit": 42200000,
    "grossProfitRatio": 0.3338607595,
    "researchAndDevelopmentExpenses": 0,
    "generalAndAdministrativeExpenses": 32000000,
    "sellingAndMarketingExpenses": 0,
    "sellingGeneralAndAdministrativeExpenses": 32000000,
    "otherExpenses": -27100000,
    "operatingExpenses": 4900000,
    "costAndExpenses": 96100000,
    "interestIncome": 0,
    "interestExpense": 0,
    "depreciationAndAmortization": 8600000,
    "ebitda": 25800000,
    "ebitdaratio": 0.2041139241,
    "operatingIncome": 30300000,
    "operatingIncomeRatio": 0.2397151899,
    "totalOtherIncomeExpensesNet": -3800000,
    "incomeBeforeTax": 26500000,
    "incomeBeforeTaxRatio": 0.2096518987,
    "incomeTaxExpense": 11000000,
    "netIncome": 17100000,
    "netIncomeRatio": 0.1352848101,
    "eps": 0.29,
    "epsdiluted": 0.28,
    "weightedAverageShsOut": 58888000,
    "weightedAverageShsOutDil": 60268000,
    "link": "https://www.sec.gov/Archives/edgar/data/105770/000095015404000022/0000950154-04-000022-index.htm",
    "finalLink": "https://www.sec.gov/Archives/edgar/data/105770/000095015404000022/westpharm-10k_55917.txt"
  },
  {
    "date": "2003-09-30",
    "symbol": "WST",
    "reportedCurrency": "USD",
    "cik": "0000105770",
    "fillingDate": "2003-11-10",
    "acceptedDate": "2003-11-10 13:14:10",
    "calendarYear": "2003",
    "period": "Q3",
    "revenue": 120100000,
    "costOfRevenue": 84300000,
    "grossProfit": 35800000,
    "grossProfitRatio": 0.2980849292,
    "researchAndDevelopmentExpenses": 0,
    "generalAndAdministrativeExpenses": 27800000,
    "sellingAndMarketingExpenses": 0,
    "sellingGeneralAndAdministrativeExpenses": 27800000,
    "otherExpenses": 1100000,
    "operatingExpenses": 28900000,
    "costAndExpenses": 113200000,
    "interestIncome": 0,
    "interestExpense": 0,
    "depreciationAndAmortization": 7800000,
    "ebitda": 14700000,
    "ebitdaratio": 0.1223980017,
    "operatingIncome": 6900000,
    "operatingIncomeRatio": 0.0574521232,
    "totalOtherIncomeExpensesNet": -1300000,
    "incomeBeforeTax": 5600000,
    "incomeBeforeTaxRatio": 0.0466278102,
    "incomeTaxExpense": 1500000,
    "netIncome": 4100000,
    "netIncomeRatio": 0.0341382182,
    "eps": 0.07,
    "epsdiluted": 0.07,
    "weightedAverageShsOut": 58024000,
    "weightedAverageShsOutDil": 58396000,
    "link": "https://www.sec.gov/Archives/edgar/data/105770/000010577003000238/0000105770-03-000238-index.htm",
    "finalLink": "https://www.sec.gov/Archives/edgar/data/105770/000010577003000238/file10q3.htm"
  },
  {
    "date": "2003-06-30",
    "symbol": "WST",
    "reportedCurrency": "USD",
    "cik": "0000105770",
    "fillingDate": "2003-08-13",
    "acceptedDate": "2003-08-13 12:22:58",
    "calendarYear": "2003",
    "period": "Q2",
    "revenue": 126400000,
    "costOfRevenue": 85000000,
    "grossProfit": 41400000,
    "grossProfitRatio": 0.3275316456,
    "researchAndDevelopmentExpenses": 0,
    "generalAndAdministrativeExpenses": 26800000,
    "sellingAndMarketingExpenses": 0,
    "sellingGeneralAndAdministrativeExpenses": 26800000,
    "otherExpenses": 3800000,
    "operatingExpenses": 30600000,
    "costAndExpenses": 115600000,
    "interestIncome": 0,
    "interestExpense": 0,
    "depreciationAndAmortization": 8500000,
    "ebitda": 19300000,
    "ebitdaratio": 0.1526898734,
    "operatingIncome": 10800000,
    "operatingIncomeRatio": 0.085443038,
    "totalOtherIncomeExpensesNet": -1700000,
    "incomeBeforeTax": 9100000,
    "incomeBeforeTaxRatio": 0.0719936709,
    "incomeTaxExpense": 2900000,
    "netIncome": 6900000,
    "netIncomeRatio": 0.0545886076,
    "eps": 0.12,
    "epsdiluted": 0.12,
    "weightedAverageShsOut": 57932000,
    "weightedAverageShsOutDil": 57932000,
    "link": "https://www.sec.gov/Archives/edgar/data/105770/000010577003000094/0000105770-03-000094-index.htm",
    "finalLink": "https://www.sec.gov/Archives/edgar/data/105770/000010577003000094/file10q203.htm"
  },
  {
    "date": "2003-03-31",
    "symbol": "WST",
    "reportedCurrency": "USD",
    "cik": "0000105770",
    "fillingDate": "2003-05-13",
    "acceptedDate": "2003-05-13 16:05:06",
    "calendarYear": "2003",
    "period": "Q1",
    "revenue": 117800000,
    "costOfRevenue": 81400000,
    "grossProfit": 36400000,
    "grossProfitRatio": 0.3089983022,
    "researchAndDevelopmentExpenses": 0,
    "generalAndAdministrativeExpenses": 24400000,
    "sellingAndMarketingExpenses": 0,
    "sellingGeneralAndAdministrativeExpenses": 24400000,
    "otherExpenses": 5500000,
    "operatingExpenses": 29900000,
    "costAndExpenses": 111300000,
    "interestIncome": 0,
    "interestExpense": 0,
    "depreciationAndAmortization": 8100000,
    "ebitda": 14600000,
    "ebitdaratio": 0.1239388795,
    "operatingIncome": 6500000,
    "operatingIncomeRatio": 0.0551782683,
    "totalOtherIncomeExpensesNet": -1900000,
    "incomeBeforeTax": 4600000,
    "incomeBeforeTaxRatio": 0.039049236,
    "incomeTaxExpense": 1300000,
    "netIncome": 3800000,
    "netIncomeRatio": 0.0322580645,
    "eps": 0.065,
    "epsdiluted": 0.065,
    "weightedAverageShsOut": 57920000,
    "weightedAverageShsOutDil": 57920000,
    "link": "https://www.sec.gov/Archives/edgar/data/105770/000010577003000014/0000105770-03-000014-index.htm",
    "finalLink": "https://www.sec.gov/Archives/edgar/data/105770/000010577003000014/file10q12003.htm"
  },
  {
    "date": "2002-12-31",
    "symbol": "WST",
    "reportedCurrency": "USD",
    "cik": "0000105770",
    "fillingDate": "2003-03-26",
    "acceptedDate": "2003-03-26 15:37:52",
    "calendarYear": "2002",
    "period": "Q4",
    "revenue": 103400000,
    "costOfRevenue": 74900000,
    "grossProfit": 28500000,
    "grossProfitRatio": 0.2756286267,
    "researchAndDevelopmentExpenses": 0,
    "generalAndAdministrativeExpenses": 21000000,
    "sellingAndMarketingExpenses": 0,
    "sellingGeneralAndAdministrativeExpenses": 21000000,
    "otherExpenses": 400000,
    "operatingExpenses": 21400000,
    "costAndExpenses": 96300000,
    "interestIncome": 0,
    "interestExpense": 0,
    "depreciationAndAmortization": 8600000,
    "ebitda": 15700000,
    "ebitdaratio": 0.1518375242,
    "operatingIncome": 6900000,
    "operatingIncomeRatio": 0.0667311412,
    "totalOtherIncomeExpensesNet": -2500000,
    "incomeBeforeTax": 4400000,
    "incomeBeforeTaxRatio": 0.0425531915,
    "incomeTaxExpense": 900000,
    "netIncome": 3400000,
    "netIncomeRatio": 0.0328820116,
    "eps": 0.059,
    "epsdiluted": 0.059,
    "weightedAverageShsOut": 57920000,
    "weightedAverageShsOutDil": 57920000,
    "link": "https://www.sec.gov/Archives/edgar/data/105770/000010577003000007/0000105770-03-000007-index.htm",
    "finalLink": "https://www.sec.gov/Archives/edgar/data/105770/000010577003000007/file10k.txt"
  },
  {
    "date": "2002-09-30",
    "symbol": "WST",
    "reportedCurrency": "USD",
    "cik": "0000105770",
    "fillingDate": "2002-11-14",
    "acceptedDate": "2002-11-14 13:55:26",
    "calendarYear": "2002",
    "period": "Q3",
    "revenue": 104900000,
    "costOfRevenue": 78200000,
    "grossProfit": 26700000,
    "grossProfitRatio": 0.254528122,
    "researchAndDevelopmentExpenses": 0,
    "generalAndAdministrativeExpenses": 19300000,
    "sellingAndMarketingExpenses": 0,
    "sellingGeneralAndAdministrativeExpenses": 19300000,
    "otherExpenses": 400000,
    "operatingExpenses": 19700000,
    "costAndExpenses": 106400000,
    "interestIncome": 0,
    "interestExpense": 0,
    "depreciationAndAmortization": 8200000,
    "ebitda": 15000000,
    "ebitdaratio": 0.142993327,
    "operatingIncome": -2700000,
    "operatingIncomeRatio": -0.0257387989,
    "totalOtherIncomeExpensesNet": -2600000,
    "incomeBeforeTax": -4900000,
    "incomeBeforeTaxRatio": -0.0467111535,
    "incomeTaxExpense": -3000000,
    "netIncome": 3600000,
    "netIncomeRatio": 0.0343183985,
    "eps": 0.0625,
    "epsdiluted": 0.0625,
    "weightedAverageShsOut": 57852000,
    "weightedAverageShsOutDil": 57852000,
    "link": "https://www.sec.gov/Archives/edgar/data/105770/000010577002000036/0000105770-02-000036-index.htm",
    "finalLink": "https://www.sec.gov/Archives/edgar/data/105770/000010577002000036/file10q3.txt"
  },
  {
    "date": "2002-06-30",
    "symbol": "WST",
    "reportedCurrency": "USD",
    "cik": "0000105770",
    "fillingDate": "2002-08-07",
    "acceptedDate": "2002-08-07 09:46:04",
    "calendarYear": "2002",
    "period": "Q2",
    "revenue": 107700000,
    "costOfRevenue": 76700000,
    "grossProfit": 31000000,
    "grossProfitRatio": 0.2878365831,
    "researchAndDevelopmentExpenses": 0,
    "generalAndAdministrativeExpenses": 21800000,
    "sellingAndMarketingExpenses": 0,
    "sellingGeneralAndAdministrativeExpenses": 21800000,
    "otherExpenses": -600000,
    "operatingExpenses": 21200000,
    "costAndExpenses": 97900000,
    "interestIncome": 0,
    "interestExpense": 0,
    "depreciationAndAmortization": 8300000,
    "ebitda": 18100000,
    "ebitdaratio": 0.1680594243,
    "operatingIncome": 9800000,
    "operatingIncomeRatio": 0.0909935005,
    "totalOtherIncomeExpensesNet": -2400000,
    "incomeBeforeTax": 7400000,
    "incomeBeforeTaxRatio": 0.0687093779,
    "incomeTaxExpense": 2200000,
    "netIncome": 5300000,
    "netIncomeRatio": 0.0492107707,
    "eps": 0.0925,
    "epsdiluted": 0.0925,
    "weightedAverageShsOut": 57720000,
    "weightedAverageShsOutDil": 58028000,
    "link": "https://www.sec.gov/Archives/edgar/data/105770/000010577002000025/0000105770-02-000025-index.htm",
    "finalLink": "https://www.sec.gov/Archives/edgar/data/105770/000010577002000025/file10q202.txt"
  },
  {
    "date": "2002-03-31",
    "symbol": "WST",
    "reportedCurrency": "USD",
    "cik": "0000105770",
    "fillingDate": "2002-05-08",
    "acceptedDate": "2002-05-08 11:14:32",
    "calendarYear": "2002",
    "period": "Q1",
    "revenue": 103700000,
    "costOfRevenue": 72300000,
    "grossProfit": 31400000,
    "grossProfitRatio": 0.3027965284,
    "researchAndDevelopmentExpenses": 0,
    "generalAndAdministrativeExpenses": 20500000,
    "sellingAndMarketingExpenses": 0,
    "sellingGeneralAndAdministrativeExpenses": 20500000,
    "otherExpenses": -1800000,
    "operatingExpenses": 18700000,
    "costAndExpenses": 91000000,
    "interestIncome": 0,
    "interestExpense": 0,
    "depreciationAndAmortization": 7900000,
    "ebitda": 20600000,
    "ebitdaratio": 0.1986499518,
    "operatingIncome": 12700000,
    "operatingIncomeRatio": 0.1224686596,
    "totalOtherIncomeExpensesNet": -2400000,
    "incomeBeforeTax": 10300000,
    "incomeBeforeTaxRatio": 0.0993249759,
    "incomeTaxExpense": 4000000,
    "netIncome": 6100000,
    "netIncomeRatio": 0.0588235294,
    "eps": 0.11,
    "epsdiluted": 0.11,
    "weightedAverageShsOut": 57464000,
    "weightedAverageShsOutDil": 57588000,
    "link": "https://www.sec.gov/Archives/edgar/data/105770/000010577002000016/0000105770-02-000016-index.htm",
    "finalLink": "https://www.sec.gov/Archives/edgar/data/105770/000010577002000016/file10q102.txt"
  },
  {
    "date": "2001-12-31",
    "symbol": "WST",
    "reportedCurrency": "USD",
    "cik": "0000105770",
    "fillingDate": "2002-03-28",
    "acceptedDate": "2002-03-28 00:00:00",
    "calendarYear": "2001",
    "period": "Q4",
    "revenue": 50600000,
    "costOfRevenue": 24800000,
    "grossProfit": 25800000,
    "grossProfitRatio": 0.5098814229,
    "researchAndDevelopmentExpenses": 0,
    "generalAndAdministrativeExpenses": 15700000,
    "sellingAndMarketingExpenses": 0,
    "sellingGeneralAndAdministrativeExpenses": 15700000,
    "otherExpenses": -600000,
    "operatingExpenses": 15100000,
    "costAndExpenses": 39900000,
    "interestIncome": 0,
    "interestExpense": 0,
    "depreciationAndAmortization": 4200000,
    "ebitda": 14900000,
    "ebitdaratio": 0.2944664032,
    "operatingIncome": 10600000,
    "operatingIncomeRatio": 0.209486166,
    "totalOtherIncomeExpensesNet": -3100000,
    "incomeBeforeTax": 7500000,
    "incomeBeforeTaxRatio": 0.1482213439,
    "incomeTaxExpense": 2300000,
    "netIncome": -19600000,
    "netIncomeRatio": -0.3873517787,
    "eps": -0.34,
    "epsdiluted": -0.34,
    "weightedAverageShsOut": 57464000,
    "weightedAverageShsOutDil": 57588000,
    "link": "https://www.sec.gov/Archives/edgar/data/105770/000010577002000007/0000105770-02-000007-index.htm",
    "finalLink": "https://www.sec.gov/Archives/edgar/data/105770/000010577002000007/file10k2001.txt"
  },
  {
    "date": "2001-09-30",
    "symbol": "WST",
    "reportedCurrency": "USD",
    "cik": "0000105770",
    "fillingDate": "2001-10-19",
    "acceptedDate": "2001-10-19 00:00:00",
    "calendarYear": "2001",
    "period": "Q3",
    "revenue": 112900000,
    "costOfRevenue": 84900000,
    "grossProfit": 28000000,
    "grossProfitRatio": 0.2480070859,
    "researchAndDevelopmentExpenses": 0,
    "generalAndAdministrativeExpenses": 19400000,
    "sellingAndMarketingExpenses": 0,
    "sellingGeneralAndAdministrativeExpenses": 19400000,
    "otherExpenses": -900000,
    "operatingExpenses": 18500000,
    "costAndExpenses": 102000000,
    "interestIncome": 0,
    "interestExpense": 0,
    "depreciationAndAmortization": 9100000,
    "ebitda": 18300000,
    "ebitdaratio": 0.1620903454,
    "operatingIncome": 10900000,
    "operatingIncomeRatio": 0.0965456156,
    "totalOtherIncomeExpensesNet": -3300000,
    "incomeBeforeTax": 7600000,
    "incomeBeforeTaxRatio": 0.067316209,
    "incomeTaxExpense": 1700000,
    "netIncome": 5900000,
    "netIncomeRatio": 0.052258636,
    "eps": 0.1,
    "epsdiluted": 0.1,
    "weightedAverageShsOut": 57372000,
    "weightedAverageShsOutDil": 57412000,
    "link": "https://www.sec.gov/Archives/edgar/data/105770/000010577001500059/0000105770-01-500059-index.htm",
    "finalLink": "https://www.sec.gov/Archives/edgar/data/105770/000010577001500059/file10q32001.txt"
  },
  {
    "date": "2001-06-30",
    "symbol": "WST",
    "reportedCurrency": "USD",
    "cik": "0000105770",
    "fillingDate": "2001-08-10",
    "acceptedDate": "2001-08-10 00:00:00",
    "calendarYear": "2001",
    "period": "Q2",
    "revenue": 117200000,
    "costOfRevenue": 85600000,
    "grossProfit": 31600000,
    "grossProfitRatio": 0.2696245734,
    "researchAndDevelopmentExpenses": 0,
    "generalAndAdministrativeExpenses": 19000000,
    "sellingAndMarketingExpenses": 0,
    "sellingGeneralAndAdministrativeExpenses": 19000000,
    "otherExpenses": 3900000,
    "operatingExpenses": 22900000,
    "costAndExpenses": 93800000,
    "interestIncome": 0,
    "interestExpense": 0,
    "depreciationAndAmortization": 8800000,
    "ebitda": 16900000,
    "ebitdaratio": 0.1441979522,
    "operatingIncome": 8100000,
    "operatingIncomeRatio": 0.069112628,
    "totalOtherIncomeExpensesNet": -4400000,
    "incomeBeforeTax": 4600000,
    "incomeBeforeTaxRatio": 0.0392491468,
    "incomeTaxExpense": 1700000,
    "netIncome": 3100000,
    "netIncomeRatio": 0.0264505119,
    "eps": 0.055,
    "epsdiluted": 0.055,
    "weightedAverageShsOut": 57344000,
    "weightedAverageShsOutDil": 57424000,
    "link": "https://www.sec.gov/Archives/edgar/data/105770/000010577001500052/0000105770-01-500052-index.htm",
    "finalLink": "https://www.sec.gov/Archives/edgar/data/105770/000010577001500052/file10q22001.txt"
  },
  {
    "date": "2001-03-31",
    "symbol": "WST",
    "reportedCurrency": "USD",
    "cik": "0000105770",
    "fillingDate": "2001-04-27",
    "acceptedDate": "2001-04-27 00:00:00",
    "calendarYear": "2001",
    "period": "Q1",
    "revenue": 116200000,
    "costOfRevenue": 85500000,
    "grossProfit": 30700000,
    "grossProfitRatio": 0.2641996558,
    "researchAndDevelopmentExpenses": 0,
    "generalAndAdministrativeExpenses": 19300000,
    "sellingAndMarketingExpenses": 0,
    "sellingGeneralAndAdministrativeExpenses": 19300000,
    "otherExpenses": 0,
    "operatingExpenses": 19300000,
    "costAndExpenses": 104800000,
    "interestIncome": 0,
    "interestExpense": 0,
    "depreciationAndAmortization": -600000,
    "ebitda": 10800000,
    "ebitdaratio": 0.0929432014,
    "operatingIncome": 11400000,
    "operatingIncomeRatio": 0.0981067126,
    "totalOtherIncomeExpensesNet": -2900000,
    "incomeBeforeTax": 8300000,
    "incomeBeforeTaxRatio": 0.0714285714,
    "incomeTaxExpense": 2900000,
    "netIncome": 5400000,
    "netIncomeRatio": 0.0464716007,
    "eps": 0.095,
    "epsdiluted": 0.095,
    "weightedAverageShsOut": 57280000,
    "weightedAverageShsOutDil": 57292000,
    "link": "https://www.sec.gov/Archives/edgar/data/105770/000010577001500011/0000105770-01-500011-index.htm",
    "finalLink": "https://www.sec.gov/Archives/edgar/data/105770/000010577001500011/file003.txt"
  },
  {
    "date": "2000-12-31",
    "symbol": "WST",
    "reportedCurrency": "USD",
    "cik": "0000105770",
    "fillingDate": "2001-03-30",
    "acceptedDate": "2001-03-30 00:00:00",
    "calendarYear": "2000",
    "period": "Q4",
    "revenue": 105200000,
    "costOfRevenue": 45800000,
    "grossProfit": 59400000,
    "grossProfitRatio": 0.5646387833,
    "researchAndDevelopmentExpenses": 0,
    "generalAndAdministrativeExpenses": 16800000,
    "sellingAndMarketingExpenses": 0,
    "sellingGeneralAndAdministrativeExpenses": 16800000,
    "otherExpenses": 37000000,
    "operatingExpenses": 53800000,
    "costAndExpenses": 99600000,
    "interestIncome": 0,
    "interestExpense": 0,
    "depreciationAndAmortization": 19900000,
    "ebitda": 5600000,
    "ebitdaratio": 0.0532319392,
    "operatingIncome": 5600000,
    "operatingIncomeRatio": 0.0532319392,
    "totalOtherIncomeExpensesNet": -23400000,
    "incomeBeforeTax": -17800000,
    "incomeBeforeTaxRatio": -0.1692015209,
    "incomeTaxExpense": -4700000,
    "netIncome": -13100000,
    "netIncomeRatio": -0.1245247148,
    "eps": -0.23,
    "epsdiluted": -0.23,
    "weightedAverageShsOut": 57280000,
    "weightedAverageShsOutDil": 57292000,
    "link": "https://www.sec.gov/Archives/edgar/data/105770/000010577001000008/0000105770-01-000008-index.htm",
    "finalLink": "https://www.sec.gov/Archives/edgar/data/105770/000010577001000008/0000105770-01-000008-0001.txt"
  },
  {
    "date": "2000-09-30",
    "symbol": "WST",
    "reportedCurrency": "USD",
    "cik": "0000105770",
    "fillingDate": "2000-11-13",
    "acceptedDate": "2000-11-13 00:00:00",
    "calendarYear": "2000",
    "period": "Q3",
    "revenue": 104500000,
    "costOfRevenue": 79900000,
    "grossProfit": 24600000,
    "grossProfitRatio": 0.2354066986,
    "researchAndDevelopmentExpenses": 0,
    "generalAndAdministrativeExpenses": 16500000,
    "sellingAndMarketingExpenses": 0,
    "sellingGeneralAndAdministrativeExpenses": 16500000,
    "otherExpenses": 0,
    "operatingExpenses": 16500000,
    "costAndExpenses": 97000000,
    "interestIncome": 0,
    "interestExpense": 0,
    "depreciationAndAmortization": -200000,
    "ebitda": 7900000,
    "ebitdaratio": 0.0755980861,
    "operatingIncome": 8100000,
    "operatingIncomeRatio": 0.0775119617,
    "totalOtherIncomeExpensesNet": -3200000,
    "incomeBeforeTax": 5100000,
    "incomeBeforeTaxRatio": 0.0488038278,
    "incomeTaxExpense": 500000,
    "netIncome": 4600000,
    "netIncomeRatio": 0.0440191388,
    "eps": 0.08,
    "epsdiluted": 0.08,
    "weightedAverageShsOut": 57348000,
    "weightedAverageShsOutDil": 57348000,
    "link": "https://www.sec.gov/Archives/edgar/data/105770/000010577000000029/0000105770-00-000029-index.htm",
    "finalLink": "https://www.sec.gov/Archives/edgar/data/105770/000010577000000029/0000105770-00-000029-0001.txt"
  },
  {
    "date": "2000-06-30",
    "symbol": "WST",
    "reportedCurrency": "USD",
    "cik": "0000105770",
    "fillingDate": "2000-08-14",
    "acceptedDate": "2000-08-14 00:00:00",
    "calendarYear": "2000",
    "period": "Q2",
    "revenue": 112700000,
    "costOfRevenue": 84500000,
    "grossProfit": 28200000,
    "grossProfitRatio": 0.2502218279,
    "researchAndDevelopmentExpenses": 0,
    "generalAndAdministrativeExpenses": 17000000,
    "sellingAndMarketingExpenses": 0,
    "sellingGeneralAndAdministrativeExpenses": 17000000,
    "otherExpenses": 0,
    "operatingExpenses": 17000000,
    "costAndExpenses": 101500000,
    "interestIncome": 0,
    "interestExpense": 0,
    "depreciationAndAmortization": -300000,
    "ebitda": 10900000,
    "ebitdaratio": 0.0967169476,
    "operatingIncome": 11200000,
    "operatingIncomeRatio": 0.099378882,
    "totalOtherIncomeExpensesNet": -3200000,
    "incomeBeforeTax": 8000000,
    "incomeBeforeTaxRatio": 0.0709849157,
    "incomeTaxExpense": 3000000,
    "netIncome": 5000000,
    "netIncomeRatio": 0.0443655723,
    "eps": 0.0875,
    "epsdiluted": 0.0875,
    "weightedAverageShsOut": 57852000,
    "weightedAverageShsOutDil": 57860000,
    "link": "https://www.sec.gov/Archives/edgar/data/105770/000010577000000025/0000105770-00-000025-index.htm",
    "finalLink": "https://www.sec.gov/Archives/edgar/data/105770/000010577000000025/0000105770-00-000025-0001.txt"
  },
  {
    "date": "2000-03-31",
    "symbol": "WST",
    "reportedCurrency": "USD",
    "cik": "0000105770",
    "fillingDate": "2000-05-15",
    "acceptedDate": "2000-05-15 00:00:00",
    "calendarYear": "2000",
    "period": "Q1",
    "revenue": 107700000,
    "costOfRevenue": 79500000,
    "grossProfit": 28200000,
    "grossProfitRatio": 0.2618384401,
    "researchAndDevelopmentExpenses": 0,
    "generalAndAdministrativeExpenses": 17400000,
    "sellingAndMarketingExpenses": 0,
    "sellingGeneralAndAdministrativeExpenses": 17400000,
    "otherExpenses": 0,
    "operatingExpenses": 17400000,
    "costAndExpenses": 96900000,
    "interestIncome": 0,
    "interestExpense": 0,
    "depreciationAndAmortization": -100000,
    "ebitda": 10700000,
    "ebitdaratio": 0.0993500464,
    "operatingIncome": 10800000,
    "operatingIncomeRatio": 0.1002785515,
    "totalOtherIncomeExpensesNet": -3000000,
    "incomeBeforeTax": 7800000,
    "incomeBeforeTaxRatio": 0.0724233983,
    "incomeTaxExpense": 2700000,
    "netIncome": 5100000,
    "netIncomeRatio": 0.0473537604,
    "eps": 0.0875,
    "epsdiluted": 0.0875,
    "weightedAverageShsOut": 58184000,
    "weightedAverageShsOutDil": 58248000,
    "link": "https://www.sec.gov/Archives/edgar/data/105770/000010577000000021/0000105770-00-000021-index.html",
    "finalLink": "https://www.sec.gov/Archives/edgar/data/105770/000010577000000021/"
  },
  {
    "date": "1999-12-31",
    "symbol": "WST",
    "reportedCurrency": "USD",
    "cik": "0000105770",
    "fillingDate": "2000-03-30",
    "acceptedDate": "2000-03-30 00:00:00",
    "calendarYear": "1999",
    "period": "Q4",
    "revenue": 115400000,
    "costOfRevenue": 43900000,
    "grossProfit": 71500000,
    "grossProfitRatio": 0.6195840555,
    "researchAndDevelopmentExpenses": 0,
    "generalAndAdministrativeExpenses": 22000000,
    "sellingAndMarketingExpenses": 0,
    "sellingGeneralAndAdministrativeExpenses": 22000000,
    "otherExpenses": 35700000,
    "operatingExpenses": 57700000,
    "costAndExpenses": 101600000,
    "interestIncome": 0,
    "interestExpense": 0,
    "depreciationAndAmortization": 0,
    "ebitda": 13800000,
    "ebitdaratio": 0.1195840555,
    "operatingIncome": 13800000,
    "operatingIncomeRatio": 0.1195840555,
    "totalOtherIncomeExpensesNet": -1700000,
    "incomeBeforeTax": 12100000,
    "incomeBeforeTaxRatio": 0.1048526863,
    "incomeTaxExpense": 1900000,
    "netIncome": 10200000,
    "netIncomeRatio": 0.0883882149,
    "eps": 0.18,
    "epsdiluted": 0.18,
    "weightedAverageShsOut": 58184000,
    "weightedAverageShsOutDil": 58248000,
    "link": "https://www.sec.gov/Archives/edgar/data/105770/000010577000000008/0000105770-00-000008-index.html",
    "finalLink": "https://www.sec.gov/Archives/edgar/data/105770/000010577000000008/"
  },
  {
    "date": "1999-09-30",
    "symbol": "WST",
    "reportedCurrency": "USD",
    "cik": "0000105770",
    "fillingDate": "1999-11-15",
    "acceptedDate": "1999-11-15 00:00:00",
    "calendarYear": "1999",
    "period": "Q3",
    "revenue": 115100000,
    "costOfRevenue": 80800000,
    "grossProfit": 34300000,
    "grossProfitRatio": 0.2980017376,
    "researchAndDevelopmentExpenses": 0,
    "generalAndAdministrativeExpenses": 19200000,
    "sellingAndMarketingExpenses": 0,
    "sellingGeneralAndAdministrativeExpenses": 19200000,
    "otherExpenses": 0,
    "operatingExpenses": 19200000,
    "costAndExpenses": 100000000,
    "interestIncome": 0,
    "interestExpense": 0,
    "depreciationAndAmortization": -300000,
    "ebitda": 14800000,
    "ebitdaratio": 0.1285838401,
    "operatingIncome": 15100000,
    "operatingIncomeRatio": 0.1311902693,
    "totalOtherIncomeExpensesNet": -2500000,
    "incomeBeforeTax": 12600000,
    "incomeBeforeTaxRatio": 0.1094700261,
    "incomeTaxExpense": 4000000,
    "netIncome": 8600000,
    "netIncomeRatio": 0.0747176368,
    "eps": 0.14,
    "epsdiluted": 0.14,
    "weightedAverageShsOut": 59310345,
    "weightedAverageShsOutDil": 60350877,
    "link": "https://www.sec.gov/Archives/edgar/data/105770/000010577099000036/0000105770-99-000036-index.html",
    "finalLink": "https://www.sec.gov/Archives/edgar/data/105770/000010577099000036/"
  },
  {
    "date": "1999-06-30",
    "symbol": "WST",
    "reportedCurrency": "USD",
    "cik": "0000105770",
    "fillingDate": "1999-08-16",
    "acceptedDate": "1999-08-16 00:00:00",
    "calendarYear": "1999",
    "period": "Q2",
    "revenue": 124400000,
    "costOfRevenue": 84600000,
    "grossProfit": 39800000,
    "grossProfitRatio": 0.3199356913,
    "researchAndDevelopmentExpenses": 0,
    "generalAndAdministrativeExpenses": 19700000,
    "sellingAndMarketingExpenses": 0,
    "sellingGeneralAndAdministrativeExpenses": 19700000,
    "otherExpenses": 0,
    "operatingExpenses": 19700000,
    "costAndExpenses": 104300000,
    "interestIncome": 0,
    "interestExpense": 0,
    "depreciationAndAmortization": 300000,
    "ebitda": 20100000,
    "ebitdaratio": 0.1615755627,
    "operatingIncome": 20100000,
    "operatingIncomeRatio": 0.1615755627,
    "totalOtherIncomeExpensesNet": -3100000,
    "incomeBeforeTax": 17000000,
    "incomeBeforeTaxRatio": 0.1366559486,
    "incomeTaxExpense": 6600000,
    "netIncome": 10400000,
    "netIncomeRatio": 0.0836012862,
    "eps": 0.18,
    "epsdiluted": 0.17,
    "weightedAverageShsOut": 59428571,
    "weightedAverageShsOutDil": 60289855,
    "link": "https://www.sec.gov/Archives/edgar/data/105770/000010577099000031/0000105770-99-000031-index.html",
    "finalLink": "https://www.sec.gov/Archives/edgar/data/105770/000010577099000031/"
  },
  {
    "date": "1999-03-31",
    "symbol": "WST",
    "reportedCurrency": "USD",
    "cik": "0000105770",
    "fillingDate": "1999-05-17",
    "acceptedDate": "1999-05-17 00:00:00",
    "calendarYear": "1999",
    "period": "Q1",
    "revenue": 114200000,
    "costOfRevenue": 79800000,
    "grossProfit": 34400000,
    "grossProfitRatio": 0.3012259194,
    "researchAndDevelopmentExpenses": 0,
    "generalAndAdministrativeExpenses": 17000000,
    "sellingAndMarketingExpenses": 0,
    "sellingGeneralAndAdministrativeExpenses": 17000000,
    "otherExpenses": 0,
    "operatingExpenses": 17000000,
    "costAndExpenses": 96800000,
    "interestIncome": 0,
    "interestExpense": 0,
    "depreciationAndAmortization": -100000,
    "ebitda": 17300000,
    "ebitdaratio": 0.1514886165,
    "operatingIncome": 17400000,
    "operatingIncomeRatio": 0.1523642732,
    "totalOtherIncomeExpensesNet": -2000000,
    "incomeBeforeTax": 15400000,
    "incomeBeforeTaxRatio": 0.1348511384,
    "incomeTaxExpense": 5900000,
    "netIncome": 9500000,
    "netIncomeRatio": 0.0831873905,
    "eps": 0.16,
    "epsdiluted": 0.16,
    "weightedAverageShsOut": 60317460,
    "weightedAverageShsOutDil": 60317460,
    "link": "https://www.sec.gov/Archives/edgar/data/105770/000010577099000023/0000105770-99-000023-index.html",
    "finalLink": "https://www.sec.gov/Archives/edgar/data/105770/"
  },
  {
    "date": "1998-12-31",
    "symbol": "WST",
    "reportedCurrency": "USD",
    "cik": "0000105770",
    "fillingDate": "1999-05-06",
    "acceptedDate": "1999-05-06 00:00:00",
    "calendarYear": "1998",
    "period": "Q4",
    "revenue": 114800000,
    "costOfRevenue": 46800000,
    "grossProfit": 68000000,
    "grossProfitRatio": 0.5923344948,
    "researchAndDevelopmentExpenses": 0,
    "generalAndAdministrativeExpenses": 18000000,
    "sellingAndMarketingExpenses": 0,
    "sellingGeneralAndAdministrativeExpenses": 18000000,
    "otherExpenses": 4100000,
    "operatingExpenses": 22100000,
    "costAndExpenses": 68900000,
    "interestIncome": 0,
    "interestExpense": 0,
    "depreciationAndAmortization": 27700000,
    "ebitda": 45900000,
    "ebitdaratio": 0.399825784,
    "operatingIncome": 45900000,
    "operatingIncomeRatio": 0.399825784,
    "totalOtherIncomeExpensesNet": -30000000,
    "incomeBeforeTax": 15900000,
    "incomeBeforeTaxRatio": 0.1385017422,
    "incomeTaxExpense": 5900000,
    "netIncome": 10000000,
    "netIncomeRatio": 0.0871080139,
    "eps": 0.17,
    "epsdiluted": 0.17,
    "weightedAverageShsOut": 60317460,
    "weightedAverageShsOutDil": 60317460,
    "link": "https://www.sec.gov/Archives/edgar/data/105770/000010577099000016/0000105770-99-000016-index.html",
    "finalLink": "https://www.sec.gov/Archives/edgar/data/105770/"
  },
  {
    "date": "1998-09-30",
    "symbol": "WST",
    "reportedCurrency": "USD",
    "cik": "0000105770",
    "fillingDate": "1998-11-16",
    "acceptedDate": "1998-11-16 00:00:00",
    "calendarYear": "1998",
    "period": "Q3",
    "revenue": 113900000,
    "costOfRevenue": 80500000,
    "grossProfit": 33400000,
    "grossProfitRatio": 0.2932396839,
    "researchAndDevelopmentExpenses": 0,
    "generalAndAdministrativeExpenses": 17300000,
    "sellingAndMarketingExpenses": 0,
    "sellingGeneralAndAdministrativeExpenses": 17300000,
    "otherExpenses": 0,
    "operatingExpenses": 17300000,
    "costAndExpenses": 97800000,
    "interestIncome": 0,
    "interestExpense": 0,
    "depreciationAndAmortization": 3700000,
    "ebitda": 16100000,
    "ebitdaratio": 0.1413520632,
    "operatingIncome": 16100000,
    "operatingIncomeRatio": 0.1413520632,
    "totalOtherIncomeExpensesNet": -5500000,
    "incomeBeforeTax": 10600000,
    "incomeBeforeTaxRatio": 0.0930640913,
    "incomeTaxExpense": 4100000,
    "netIncome": 6500000,
    "netIncomeRatio": 0.0570676032,
    "eps": 0.095,
    "epsdiluted": 0.095,
    "weightedAverageShsOut": 68421053,
    "weightedAverageShsOutDil": 68421053,
    "link": "https://www.sec.gov/Archives/edgar/data/105770/000010577098000033/0000105770-98-000033-index.html",
    "finalLink": "https://www.sec.gov/Archives/edgar/data/105770/"
  },
  {
    "date": "1998-06-30",
    "symbol": "WST",
    "reportedCurrency": "USD",
    "cik": "0000105770",
    "fillingDate": "1998-08-14",
    "acceptedDate": "1998-08-14 00:00:00",
    "calendarYear": "1998",
    "period": "Q2",
    "revenue": 115800000,
    "costOfRevenue": 81000000,
    "grossProfit": 34800000,
    "grossProfitRatio": 0.3005181347,
    "researchAndDevelopmentExpenses": 0,
    "generalAndAdministrativeExpenses": 18400000,
    "sellingAndMarketingExpenses": 0,
    "sellingGeneralAndAdministrativeExpenses": 18400000,
    "otherExpenses": 0,
    "operatingExpenses": 18400000,
    "costAndExpenses": 99400000,
    "interestIncome": 0,
    "interestExpense": 0,
    "depreciationAndAmortization": -1300000,
    "ebitda": 15100000,
    "ebitdaratio": 0.1303972366,
    "operatingIncome": 16400000,
    "operatingIncomeRatio": 0.1416234888,
    "totalOtherIncomeExpensesNet": -700000,
    "incomeBeforeTax": 15700000,
    "incomeBeforeTaxRatio": 0.1355785838,
    "incomeTaxExpense": 5800000,
    "netIncome": 9900000,
    "netIncomeRatio": 0.085492228,
    "eps": 0.14,
    "epsdiluted": 0.14,
    "weightedAverageShsOut": 68275862,
    "weightedAverageShsOutDil": 68275862,
    "link": "https://www.sec.gov/Archives/edgar/data/105770/000010577098000025/0000105770-98-000025-index.html",
    "finalLink": "https://www.sec.gov/Archives/edgar/data/105770/"
  },
  {
    "date": "1998-03-31",
    "symbol": "WST",
    "reportedCurrency": "USD",
    "cik": "0000105770",
    "fillingDate": "1998-05-15",
    "acceptedDate": "1998-05-15 00:00:00",
    "calendarYear": "1998",
    "period": "Q1",
    "revenue": 105200000,
    "costOfRevenue": 73900000,
    "grossProfit": 31300000,
    "grossProfitRatio": 0.2975285171,
    "researchAndDevelopmentExpenses": 28200000,
    "generalAndAdministrativeExpenses": 16800000,
    "sellingAndMarketingExpenses": 0,
    "sellingGeneralAndAdministrativeExpenses": 16800000,
    "otherExpenses": 0,
    "operatingExpenses": 45000000,
    "costAndExpenses": 118900000,
    "interestIncome": 0,
    "interestExpense": 0,
    "depreciationAndAmortization": -600000,
    "ebitda": -14300000,
    "ebitdaratio": -0.1359315589,
    "operatingIncome": -13700000,
    "operatingIncomeRatio": -0.1302281369,
    "totalOtherIncomeExpensesNet": -600000,
    "incomeBeforeTax": -14300000,
    "incomeBeforeTaxRatio": -0.1359315589,
    "incomeTaxExpense": 5400000,
    "netIncome": -19700000,
    "netIncomeRatio": -0.1872623574,
    "eps": -0.3,
    "epsdiluted": -0.3,
    "weightedAverageShsOut": 66218487,
    "weightedAverageShsOutDil": 66218487,
    "link": "https://www.sec.gov/Archives/edgar/data/105770/000010577098000017/0000105770-98-000017-index.html",
    "finalLink": "https://www.sec.gov/Archives/edgar/data/105770/"
  },
  {
    "date": "1997-12-31",
    "symbol": "WST",
    "reportedCurrency": "USD",
    "cik": "0000105770",
    "fillingDate": "1998-04-01",
    "acceptedDate": "1998-04-01 00:00:00",
    "calendarYear": "1997",
    "period": "Q4",
    "revenue": 109500000,
    "costOfRevenue": 43700000,
    "grossProfit": 65800000,
    "grossProfitRatio": 0.600913242,
    "researchAndDevelopmentExpenses": 0,
    "generalAndAdministrativeExpenses": 16800000,
    "sellingAndMarketingExpenses": 0,
    "sellingGeneralAndAdministrativeExpenses": 16800000,
    "otherExpenses": 31900000,
    "operatingExpenses": 48700000,
    "costAndExpenses": 92400000,
    "interestIncome": 0,
    "interestExpense": 0,
    "depreciationAndAmortization": 400000,
    "ebitda": 17100000,
    "ebitdaratio": 0.1561643836,
    "operatingIncome": 17100000,
    "operatingIncomeRatio": 0.1561643836,
    "totalOtherIncomeExpensesNet": -1900000,
    "incomeBeforeTax": 15200000,
    "incomeBeforeTaxRatio": 0.1388127854,
    "incomeTaxExpense": 6600000,
    "netIncome": 8600000,
    "netIncomeRatio": 0.0785388128,
    "eps": 0.13,
    "epsdiluted": 0.13,
    "weightedAverageShsOut": 65627650,
    "weightedAverageShsOutDil": 66218487,
    "link": "https://www.sec.gov/Archives/edgar/data/105770/000095011598000641/0000950115-98-000641-index.html",
    "finalLink": "https://www.sec.gov/Archives/edgar/data/105770/"
  },
  {
    "date": "1997-09-30",
    "symbol": "WST",
    "reportedCurrency": "USD",
    "cik": "0000105770",
    "fillingDate": "1997-11-14",
    "acceptedDate": "1997-11-14 00:00:00",
    "calendarYear": "1997",
    "period": "Q3",
    "revenue": 105200000,
    "costOfRevenue": 76000000,
    "grossProfit": 29200000,
    "grossProfitRatio": 0.2775665399,
    "researchAndDevelopmentExpenses": 0,
    "generalAndAdministrativeExpenses": 16300000,
    "sellingAndMarketingExpenses": 0,
    "sellingGeneralAndAdministrativeExpenses": 16300000,
    "otherExpenses": 0,
    "operatingExpenses": 16300000,
    "costAndExpenses": 92300000,
    "interestIncome": 0,
    "interestExpense": 0,
    "depreciationAndAmortization": -1200000,
    "ebitda": 11700000,
    "ebitdaratio": 0.11121673,
    "operatingIncome": 12900000,
    "operatingIncomeRatio": 0.1226235741,
    "totalOtherIncomeExpensesNet": 0,
    "incomeBeforeTax": 12700000,
    "incomeBeforeTaxRatio": 0.1207224335,
    "incomeTaxExpense": -4600000,
    "netIncome": 17300000,
    "netIncomeRatio": 0.1644486692,
    "eps": 0.26,
    "epsdiluted": 0.26,
    "weightedAverageShsOut": 65904762,
    "weightedAverageShsOutDil": 65904762,
    "link": "https://www.sec.gov/Archives/edgar/data/105770/000010577097000031/0000105770-97-000031-index.html",
    "finalLink": "https://www.sec.gov/Archives/edgar/data/105770/"
  },
  {
    "date": "1997-06-30",
    "symbol": "WST",
    "reportedCurrency": "USD",
    "cik": "0000105770",
    "fillingDate": "1997-08-14",
    "acceptedDate": "1997-08-14 00:00:00",
    "calendarYear": "1997",
    "period": "Q2",
    "revenue": 123100000,
    "costOfRevenue": 86800000,
    "grossProfit": 36300000,
    "grossProfitRatio": 0.2948822096,
    "researchAndDevelopmentExpenses": 0,
    "generalAndAdministrativeExpenses": 19100000,
    "sellingAndMarketingExpenses": 0,
    "sellingGeneralAndAdministrativeExpenses": 19100000,
    "otherExpenses": 0,
    "operatingExpenses": 19100000,
    "costAndExpenses": 105900000,
    "interestIncome": 0,
    "interestExpense": 0,
    "depreciationAndAmortization": -500000,
    "ebitda": 16700000,
    "ebitdaratio": 0.1356620634,
    "operatingIncome": 17200000,
    "operatingIncomeRatio": 0.1397238018,
    "totalOtherIncomeExpensesNet": -900000,
    "incomeBeforeTax": 16300000,
    "incomeBeforeTaxRatio": 0.1324126726,
    "incomeTaxExpense": 6200000,
    "netIncome": 10100000,
    "netIncomeRatio": 0.0820471162,
    "eps": 0.15,
    "epsdiluted": 0.15,
    "weightedAverageShsOut": 66229508,
    "weightedAverageShsOutDil": 66229508,
    "link": "https://www.sec.gov/Archives/edgar/data/105770/000010577097000024/0000105770-97-000024-index.html",
    "finalLink": "https://www.sec.gov/Archives/edgar/data/105770/"
  },
  {
    "date": "1997-03-31",
    "symbol": "WST",
    "reportedCurrency": "USD",
    "cik": "0000105770",
    "fillingDate": "1997-05-15",
    "acceptedDate": "1997-05-15 00:00:00",
    "calendarYear": "1997",
    "period": "Q1",
    "revenue": 114700000,
    "costOfRevenue": 82000000,
    "grossProfit": 32700000,
    "grossProfitRatio": 0.2850915432,
    "researchAndDevelopmentExpenses": 0,
    "generalAndAdministrativeExpenses": 18000000,
    "sellingAndMarketingExpenses": 0,
    "sellingGeneralAndAdministrativeExpenses": 18000000,
    "otherExpenses": 0,
    "operatingExpenses": 18000000,
    "costAndExpenses": 100000000,
    "interestIncome": 0,
    "interestExpense": 0,
    "depreciationAndAmortization": -300000,
    "ebitda": 14400000,
    "ebitdaratio": 0.1255448997,
    "operatingIncome": 14700000,
    "operatingIncomeRatio": 0.1281604185,
    "totalOtherIncomeExpensesNet": -1100000,
    "incomeBeforeTax": 13600000,
    "incomeBeforeTaxRatio": 0.1185701831,
    "incomeTaxExpense": 5200000,
    "netIncome": 8400000,
    "netIncomeRatio": 0.0732345248,
    "eps": 0.13,
    "epsdiluted": 0.13,
    "weightedAverageShsOut": 65882353,
    "weightedAverageShsOutDil": 65882353,
    "link": "https://www.sec.gov/Archives/edgar/data/105770/000010577097000016/0000105770-97-000016-index.html",
    "finalLink": "https://www.sec.gov/Archives/edgar/data/105770/"
  },
  {
    "date": "1996-12-31",
    "symbol": "WST",
    "reportedCurrency": "USD",
    "cik": "0000105770",
    "fillingDate": "1997-03-31",
    "acceptedDate": "1997-03-31 00:00:00",
    "calendarYear": "1996",
    "period": "Q4",
    "revenue": 114600000,
    "costOfRevenue": 50600000,
    "grossProfit": 64000000,
    "grossProfitRatio": 0.5584642234,
    "researchAndDevelopmentExpenses": 0,
    "generalAndAdministrativeExpenses": 17500000,
    "sellingAndMarketingExpenses": 0,
    "sellingGeneralAndAdministrativeExpenses": 17500000,
    "otherExpenses": 30700000,
    "operatingExpenses": 48200000,
    "costAndExpenses": 98800000,
    "interestIncome": 0,
    "interestExpense": 0,
    "depreciationAndAmortization": -500000,
    "ebitda": 15300000,
    "ebitdaratio": 0.1335078534,
    "operatingIncome": 15800000,
    "operatingIncomeRatio": 0.1378708551,
    "totalOtherIncomeExpensesNet": -1000000,
    "incomeBeforeTax": 14800000,
    "incomeBeforeTaxRatio": 0.1291448517,
    "incomeTaxExpense": 4900000,
    "netIncome": 9900000,
    "netIncomeRatio": 0.0863874346,
    "eps": 0.15,
    "epsdiluted": 0.15,
    "weightedAverageShsOut": 65882353,
    "weightedAverageShsOutDil": 65882353,
    "link": "https://www.sec.gov/Archives/edgar/data/105770/000010577097000011/0000105770-97-000011-index.html",
    "finalLink": "https://www.sec.gov/Archives/edgar/data/105770/"
  },
  {
    "date": "1996-09-30",
    "symbol": "WST",
    "reportedCurrency": "USD",
    "cik": "0000105770",
    "fillingDate": "1996-11-14",
    "acceptedDate": "1996-11-14 00:00:00",
    "calendarYear": "1996",
    "period": "Q3",
    "revenue": 111300000,
    "costOfRevenue": 81700000,
    "grossProfit": 29600000,
    "grossProfitRatio": 0.2659478886,
    "researchAndDevelopmentExpenses": 0,
    "generalAndAdministrativeExpenses": 18100000,
    "sellingAndMarketingExpenses": 0,
    "sellingGeneralAndAdministrativeExpenses": 18100000,
    "otherExpenses": 0,
    "operatingExpenses": 18100000,
    "costAndExpenses": 99800000,
    "interestIncome": 0,
    "interestExpense": 0,
    "depreciationAndAmortization": -800000,
    "ebitda": 10700000,
    "ebitdaratio": 0.0961365678,
    "operatingIncome": 11500000,
    "operatingIncomeRatio": 0.1033243486,
    "totalOtherIncomeExpensesNet": -1200000,
    "incomeBeforeTax": 10300000,
    "incomeBeforeTaxRatio": 0.0925426774,
    "incomeTaxExpense": 3700000,
    "netIncome": 6600000,
    "netIncomeRatio": 0.0592991914,
    "eps": 0.1,
    "epsdiluted": 0.1,
    "weightedAverageShsOut": 66000000,
    "weightedAverageShsOutDil": 66000000,
    "link": "https://www.sec.gov/Archives/edgar/data/105770/000010577096000038/0000105770-96-000038-index.html",
    "finalLink": "https://www.sec.gov/Archives/edgar/data/105770/"
  },
  {
    "date": "1996-06-30",
    "symbol": "WST",
    "reportedCurrency": "USD",
    "cik": "0000105770",
    "fillingDate": "1996-08-14",
    "acceptedDate": "1996-08-14 00:00:00",
    "calendarYear": "1996",
    "period": "Q2",
    "revenue": 119000000,
    "costOfRevenue": 87100000,
    "grossProfit": 31900000,
    "grossProfitRatio": 0.2680672269,
    "researchAndDevelopmentExpenses": 0,
    "generalAndAdministrativeExpenses": 18100000,
    "sellingAndMarketingExpenses": 0,
    "sellingGeneralAndAdministrativeExpenses": 18100000,
    "otherExpenses": 0,
    "operatingExpenses": 18100000,
    "costAndExpenses": 105200000,
    "interestIncome": 0,
    "interestExpense": 0,
    "depreciationAndAmortization": -800000,
    "ebitda": 13000000,
    "ebitdaratio": 0.1092436975,
    "operatingIncome": 13800000,
    "operatingIncomeRatio": 0.1159663866,
    "totalOtherIncomeExpensesNet": -1100000,
    "incomeBeforeTax": 12700000,
    "incomeBeforeTaxRatio": 0.1067226891,
    "incomeTaxExpense": 4600000,
    "netIncome": 8100000,
    "netIncomeRatio": 0.0680672269,
    "eps": 0.13,
    "epsdiluted": 0.12,
    "weightedAverageShsOut": 64800000,
    "weightedAverageShsOutDil": 66122449,
    "link": "https://www.sec.gov/Archives/edgar/data/105770/000010577096000024/0000105770-96-000024-index.html",
    "finalLink": "https://www.sec.gov/Archives/edgar/data/105770/"
  },
  {
    "date": "1996-03-31",
    "symbol": "WST",
    "reportedCurrency": "USD",
    "cik": "0000105770",
    "fillingDate": "1996-05-15",
    "acceptedDate": "1996-05-15 00:00:00",
    "calendarYear": "1996",
    "period": "Q1",
    "revenue": 113900000,
    "costOfRevenue": 82600000,
    "grossProfit": 31300000,
    "grossProfitRatio": 0.2748024583,
    "researchAndDevelopmentExpenses": 0,
    "generalAndAdministrativeExpenses": 19100000,
    "sellingAndMarketingExpenses": 0,
    "sellingGeneralAndAdministrativeExpenses": 19100000,
    "otherExpenses": 0,
    "operatingExpenses": 19100000,
    "costAndExpenses": 101700000,
    "interestIncome": 0,
    "interestExpense": 0,
    "depreciationAndAmortization": 21200000,
    "ebitda": 12200000,
    "ebitdaratio": 0.1071115013,
    "operatingIncome": 12200000,
    "operatingIncomeRatio": 0.1071115013,
    "totalOtherIncomeExpensesNet": -22800000,
    "incomeBeforeTax": -10600000,
    "incomeBeforeTaxRatio": -0.0930640913,
    "incomeTaxExpense": -2400000,
    "netIncome": -8200000,
    "netIncomeRatio": -0.0719929763,
    "eps": -0.12,
    "epsdiluted": -0.12,
    "weightedAverageShsOut": 66938776,
    "weightedAverageShsOutDil": 66938776,
    "link": "https://www.sec.gov/Archives/edgar/data/105770/000010577096000018/0000105770-96-000018-index.html",
    "finalLink": "https://www.sec.gov/Archives/edgar/data/105770/"
  },
  {
    "date": "1995-12-31",
    "symbol": "WST",
    "reportedCurrency": "USD",
    "cik": "0000105770",
    "fillingDate": "1996-03-29",
    "acceptedDate": "1996-03-29 00:00:00",
    "calendarYear": "1995",
    "period": "Q4",
    "revenue": 107600000,
    "costOfRevenue": 48900000,
    "grossProfit": 58700000,
    "grossProfitRatio": 0.5455390335,
    "researchAndDevelopmentExpenses": 0,
    "generalAndAdministrativeExpenses": 18000000,
    "sellingAndMarketingExpenses": 0,
    "sellingGeneralAndAdministrativeExpenses": 18000000,
    "otherExpenses": 29600000,
    "operatingExpenses": 47600000,
    "costAndExpenses": 96500000,
    "interestIncome": 0,
    "interestExpense": 0,
    "depreciationAndAmortization": -300000,
    "ebitda": 10800000,
    "ebitdaratio": 0.1003717472,
    "operatingIncome": 11100000,
    "operatingIncomeRatio": 0.1031598513,
    "totalOtherIncomeExpensesNet": -1600000,
    "incomeBeforeTax": 9500000,
    "incomeBeforeTaxRatio": 0.0882899628,
    "incomeTaxExpense": 1600000,
    "netIncome": 7900000,
    "netIncomeRatio": 0.0734200743,
    "eps": 0.12,
    "epsdiluted": 0.12,
    "weightedAverageShsOut": 66816762,
    "weightedAverageShsOutDil": 66938776,
    "link": "https://www.sec.gov/Archives/edgar/data/105770/000010577096000012/0000105770-96-000012-index.html",
    "finalLink": "https://www.sec.gov/Archives/edgar/data/105770/"
  },
  {
    "date": "1995-09-30",
    "symbol": "WST",
    "reportedCurrency": "USD",
    "cik": "0000105770",
    "fillingDate": "1995-11-14",
    "acceptedDate": "1995-11-14 00:00:00",
    "calendarYear": "1995",
    "period": "Q3",
    "revenue": 101100000,
    "costOfRevenue": 76400000,
    "grossProfit": 24700000,
    "grossProfitRatio": 0.2443125618,
    "researchAndDevelopmentExpenses": 0,
    "generalAndAdministrativeExpenses": 16600000,
    "sellingAndMarketingExpenses": 0,
    "sellingGeneralAndAdministrativeExpenses": 16600000,
    "otherExpenses": 0,
    "operatingExpenses": 16600000,
    "costAndExpenses": 93000000,
    "interestIncome": 0,
    "interestExpense": 0,
    "depreciationAndAmortization": -600000,
    "ebitda": 7500000,
    "ebitdaratio": 0.0741839763,
    "operatingIncome": 8100000,
    "operatingIncomeRatio": 0.0801186944,
    "totalOtherIncomeExpensesNet": -1700000,
    "incomeBeforeTax": 6400000,
    "incomeBeforeTaxRatio": 0.0633036597,
    "incomeTaxExpense": 2500000,
    "netIncome": 3900000,
    "netIncomeRatio": 0.0385756677,
    "eps": 0.06,
    "epsdiluted": 0.06,
    "weightedAverageShsOut": 65000000,
    "weightedAverageShsOutDil": 65000000,
    "link": "https://www.sec.gov/Archives/edgar/data/105770/000010577095000031/0000105770-95-000031-index.html",
    "finalLink": "https://www.sec.gov/Archives/edgar/data/105770/"
  }
]