[
  {
    "date": "2024-12-31",
    "symbol": "WST",
    "reportedCurrency": "USD",
    "cik": "0000105770",
    "fillingDate": "2025-02-18",
    "acceptedDate": "2025-02-18 16:44:56",
    "calendarYear": "2024",
    "period": "FY",
    "revenue": 2892700000,
    "costOfRevenue": 1890500000,
    "grossProfit": 1002200000,
    "grossProfitRatio": 0.3464583261,
    "researchAndDevelopmentExpenses": 69100000,
    "generalAndAdministrativeExpenses": 0,
    "sellingAndMarketingExpenses": 0,
    "sellingGeneralAndAdministrativeExpenses": 338500000,
    "otherExpenses": 0,
    "operatingExpenses": 407600000,
    "costAndExpenses": 2298100000,
    "interestIncome": 19600000,
    "interestExpense": 2900000,
    "depreciationAndAmortization": 155400000,
    "ebitda": 743800000,
    "ebitdaratio": 0.2571300169,
    "operatingIncome": 594600000,
    "operatingIncomeRatio": 0.2055519065,
    "totalOtherIncomeExpensesNet": 5600000,
    "incomeBeforeTax": 600200000,
    "incomeBeforeTaxRatio": 0.2074878142,
    "incomeTaxExpense": 107500000,
    "netIncome": 492700000,
    "netIncomeRatio": 0.1703253016,
    "eps": 6.75,
    "epsdiluted": 6.69,
    "weightedAverageShsOut": 73000000,
    "weightedAverageShsOutDil": 73700000,
    "link": "https://www.sec.gov/Archives/edgar/data/105770/000010577025000013/0000105770-25-000013-index.htm",
    "finalLink": "https://www.sec.gov/Archives/edgar/data/105770/000010577025000013/wst-20241231.htm"
  },
  {
    "date": "2023-12-31",
    "symbol": "WST",
    "reportedCurrency": "USD",
    "cik": "0000105770",
    "fillingDate": "2024-02-20",
    "acceptedDate": "2024-02-20 16:44:29",
    "calendarYear": "2023",
    "period": "FY",
    "revenue": 2951100000,
    "costOfRevenue": 1818400000,
    "grossProfit": 1132700000,
    "grossProfitRatio": 0.3838229813,
    "researchAndDevelopmentExpenses": 68400000,
    "generalAndAdministrativeExpenses": 0,
    "sellingAndMarketingExpenses": 0,
    "sellingGeneralAndAdministrativeExpenses": 353400000,
    "otherExpenses": 0,
    "operatingExpenses": 421800000,
    "costAndExpenses": 2240200000,
    "interestIncome": 28000000,
    "interestExpense": 8800000,
    "depreciationAndAmortization": 137300000,
    "ebitda": 844100000,
    "ebitdaratio": 0.2860289384,
    "operatingIncome": 710900000,
    "operatingIncomeRatio": 0.2408932263,
    "totalOtherIncomeExpensesNet": 4800000,
    "incomeBeforeTax": 715700000,
    "incomeBeforeTaxRatio": 0.2425197384,
    "incomeTaxExpense": 122300000,
    "netIncome": 593400000,
    "netIncomeRatio": 0.2010775643,
    "eps": 7.99,
    "epsdiluted": 7.88,
    "weightedAverageShsOut": 74300000,
    "weightedAverageShsOutDil": 75300000,
    "link": "https://www.sec.gov/Archives/edgar/data/105770/000010577024000015/0000105770-24-000015-index.htm",
    "finalLink": "https://www.sec.gov/Archives/edgar/data/105770/000010577024000015/wst-20231231.htm"
  },
  {
    "date": "2022-12-31",
    "symbol": "WST",
    "reportedCurrency": "USD",
    "cik": "0000105770",
    "fillingDate": "2023-02-21",
    "acceptedDate": "2023-02-21 16:18:23",
    "calendarYear": "2022",
    "period": "FY",
    "revenue": 2885500000,
    "costOfRevenue": 1746600000,
    "grossProfit": 1138900000,
    "grossProfitRatio": 0.3946976261,
    "researchAndDevelopmentExpenses": 58500000,
    "generalAndAdministrativeExpenses": 0,
    "sellingAndMarketingExpenses": 0,
    "sellingGeneralAndAdministrativeExpenses": 316900000,
    "otherExpenses": 0,
    "operatingExpenses": 375400000,
    "costAndExpenses": 2122000000,
    "interestIncome": 5100000,
    "interestExpense": 7600000,
    "depreciationAndAmortization": 120600000,
    "ebitda": 808100000,
    "ebitdaratio": 0.2800554497,
    "operatingIncome": 763500000,
    "operatingIncomeRatio": 0.2645988564,
    "totalOtherIncomeExpensesNet": -62900000,
    "incomeBeforeTax": 700600000,
    "incomeBeforeTaxRatio": 0.2428002079,
    "incomeTaxExpense": 114700000,
    "netIncome": 585900000,
    "netIncomeRatio": 0.2030497314,
    "eps": 7.88,
    "epsdiluted": 7.73,
    "weightedAverageShsOut": 74400000,
    "weightedAverageShsOutDil": 75800000,
    "link": "https://www.sec.gov/Archives/edgar/data/105770/000010577023000012/0000105770-23-000012-index.htm",
    "finalLink": "https://www.sec.gov/Archives/edgar/data/105770/000010577023000012/wst-20221231.htm"
  },
  {
    "date": "2021-12-31",
    "symbol": "WST",
    "reportedCurrency": "USD",
    "cik": "0000105770",
    "fillingDate": "2022-02-22",
    "acceptedDate": "2022-02-22 16:22:31",
    "calendarYear": "2021",
    "period": "FY",
    "revenue": 2830700000,
    "costOfRevenue": 1657300000,
    "grossProfit": 1173400000,
    "grossProfitRatio": 0.4145264422,
    "researchAndDevelopmentExpenses": 52800000,
    "generalAndAdministrativeExpenses": 0,
    "sellingAndMarketingExpenses": 0,
    "sellingGeneralAndAdministrativeExpenses": 361900000,
    "otherExpenses": 0,
    "operatingExpenses": 414700000,
    "costAndExpenses": 2072000000,
    "interestIncome": 1000000,
    "interestExpense": 8500000,
    "depreciationAndAmortization": 122300000,
    "ebitda": 879700000,
    "ebitdaratio": 0.3107711873,
    "operatingIncome": 758700000,
    "operatingIncomeRatio": 0.2680255767,
    "totalOtherIncomeExpensesNet": 10300000,
    "incomeBeforeTax": 769000000,
    "incomeBeforeTaxRatio": 0.2716642527,
    "incomeTaxExpense": 107200000,
    "netIncome": 661800000,
    "netIncomeRatio": 0.2337937613,
    "eps": 8.9,
    "epsdiluted": 8.67,
    "weightedAverageShsOut": 74400000,
    "weightedAverageShsOutDil": 76300000,
    "link": "https://www.sec.gov/Archives/edgar/data/105770/000162828022003342/0001628280-22-003342-index.htm",
    "finalLink": "https://www.sec.gov/Archives/edgar/data/105770/000162828022003342/wst-20211231.htm"
  },
  {
    "date": "2020-12-31",
    "symbol": "WST",
    "reportedCurrency": "USD",
    "cik": "0000105770",
    "fillingDate": "2021-02-23",
    "acceptedDate": "2021-02-23 16:49:23",
    "calendarYear": "2020",
    "period": "FY",
    "revenue": 2146699999,
    "costOfRevenue": 1378800000,
    "grossProfit": 767900000,
    "grossProfitRatio": 0.3577118369,
    "researchAndDevelopmentExpenses": 46900000,
    "generalAndAdministrativeExpenses": 0,
    "sellingAndMarketingExpenses": 0,
    "sellingGeneralAndAdministrativeExpenses": 302000000,
    "otherExpenses": 0,
    "operatingExpenses": 348900000,
    "costAndExpenses": 1727700000,
    "interestIncome": 1400000,
    "interestExpense": 8500000,
    "depreciationAndAmortization": 109100000,
    "ebitda": 518900000,
    "ebitdaratio": 0.2417198492,
    "operatingIncome": 419000000,
    "operatingIncomeRatio": 0.1951833047,
    "totalOtherIncomeExpensesNet": -300000,
    "incomeBeforeTax": 418700000,
    "incomeBeforeTaxRatio": 0.1950435553,
    "incomeTaxExpense": 72500000,
    "netIncome": 346200000,
    "netIncomeRatio": 0.1612707878,
    "eps": 4.68,
    "epsdiluted": 4.57,
    "weightedAverageShsOut": 73900000,
    "weightedAverageShsOutDil": 75800000,
    "link": "https://www.sec.gov/Archives/edgar/data/105770/000010577021000008/0000105770-21-000008-index.htm",
    "finalLink": "https://www.sec.gov/Archives/edgar/data/105770/000010577021000008/wst-20201231.htm"
  },
  {
    "date": "2019-12-31",
    "symbol": "WST",
    "reportedCurrency": "USD",
    "cik": "0000105770",
    "fillingDate": "2020-02-24",
    "acceptedDate": "2020-02-21 18:56:52",
    "calendarYear": "2019",
    "period": "FY",
    "revenue": 1843600000,
    "costOfRevenue": 1234800000,
    "grossProfit": 608800000,
    "grossProfitRatio": 0.3302234758,
    "researchAndDevelopmentExpenses": 38900000,
    "generalAndAdministrativeExpenses": 0,
    "sellingAndMarketingExpenses": 0,
    "sellingGeneralAndAdministrativeExpenses": 272700000,
    "otherExpenses": 0,
    "operatingExpenses": 311600000,
    "costAndExpenses": 1546400000,
    "interestIncome": 3800000,
    "interestExpense": 8000000,
    "depreciationAndAmortization": 103400000,
    "ebitda": 403200000,
    "ebitdaratio": 0.2187025385,
    "operatingIncome": 297200000,
    "operatingIncomeRatio": 0.1612063354,
    "totalOtherIncomeExpensesNet": 3500000,
    "incomeBeforeTax": 300700000,
    "incomeBeforeTaxRatio": 0.163104795,
    "incomeTaxExpense": 59000000,
    "netIncome": 241700000,
    "netIncomeRatio": 0.1311021914,
    "eps": 3.27,
    "epsdiluted": 3.21,
    "weightedAverageShsOut": 74000000,
    "weightedAverageShsOutDil": 75400000,
    "link": "https://www.sec.gov/Archives/edgar/data/105770/000010577020000015/0000105770-20-000015-index.htm",
    "finalLink": "https://www.sec.gov/Archives/edgar/data/105770/000010577020000015/wst-20191231.htm"
  },
  {
    "date": "2018-12-31",
    "symbol": "WST",
    "reportedCurrency": "USD",
    "cik": "0000105770",
    "fillingDate": "2019-02-28",
    "acceptedDate": "2019-02-27 17:33:18",
    "calendarYear": "2018",
    "period": "FY",
    "revenue": 1718000000,
    "costOfRevenue": 1171700000,
    "grossProfit": 546300000,
    "grossProfitRatio": 0.3179860303,
    "researchAndDevelopmentExpenses": 40300000,
    "generalAndAdministrativeExpenses": 0,
    "sellingAndMarketingExpenses": 0,
    "sellingGeneralAndAdministrativeExpenses": 262899999,
    "otherExpenses": 11699999,
    "operatingExpenses": 291500000,
    "costAndExpenses": 1463200000,
    "interestIncome": 2100000,
    "interestExpense": 8100000,
    "depreciationAndAmortization": 104400000,
    "ebitda": 353200000,
    "ebitdaratio": 0.2055878929,
    "operatingIncome": 254800000,
    "operatingIncomeRatio": 0.1483119907,
    "totalOtherIncomeExpensesNet": -6500000,
    "incomeBeforeTax": 248300000,
    "incomeBeforeTaxRatio": 0.1445285215,
    "incomeTaxExpense": 41400000,
    "netIncome": 206900000,
    "netIncomeRatio": 0.1204307334,
    "eps": 2.8,
    "epsdiluted": 2.74,
    "weightedAverageShsOut": 73900000,
    "weightedAverageShsOutDil": 75400000,
    "link": "https://www.sec.gov/Archives/edgar/data/105770/000010577019000012/0000105770-19-000012-index.htm",
    "finalLink": "https://www.sec.gov/Archives/edgar/data/105770/000010577019000012/wst10k12312018.htm"
  },
  {
    "date": "2017-12-31",
    "symbol": "WST",
    "reportedCurrency": "USD",
    "cik": "0000105770",
    "fillingDate": "2018-02-26",
    "acceptedDate": "2018-02-26 17:13:48",
    "calendarYear": "2017",
    "period": "FY",
    "revenue": 1600200000,
    "costOfRevenue": 1085400000,
    "grossProfit": 514799999,
    "grossProfitRatio": 0.3217097857,
    "researchAndDevelopmentExpenses": 39100000,
    "generalAndAdministrativeExpenses": 0,
    "sellingAndMarketingExpenses": 0,
    "sellingGeneralAndAdministrativeExpenses": 246000000,
    "otherExpenses": 0,
    "operatingExpenses": 285100000,
    "costAndExpenses": 1370500000,
    "interestIncome": 1300000,
    "interestExpense": 7100000,
    "depreciationAndAmortization": 96700000,
    "ebitda": 326200000,
    "ebitdaratio": 0.2038495188,
    "operatingIncome": 229700000,
    "operatingIncomeRatio": 0.1435445569,
    "totalOtherIncomeExpensesNet": 1900000,
    "incomeBeforeTax": 231600000,
    "incomeBeforeTaxRatio": 0.1447319085,
    "incomeTaxExpense": 80900000,
    "netIncome": 150700000,
    "netIncomeRatio": 0.094175728,
    "eps": 2.04,
    "epsdiluted": 1.99,
    "weightedAverageShsOut": 73900000,
    "weightedAverageShsOutDil": 75800000,
    "link": "https://www.sec.gov/Archives/edgar/data/105770/000010577018000006/0000105770-18-000006-index.htm",
    "finalLink": "https://www.sec.gov/Archives/edgar/data/105770/000010577018000006/wst10k12312017.htm"
  },
  {
    "date": "2016-12-31",
    "symbol": "WST",
    "reportedCurrency": "USD",
    "cik": "0000105770",
    "fillingDate": "2017-02-28",
    "acceptedDate": "2017-02-28 12:15:34",
    "calendarYear": "2016",
    "period": "FY",
    "revenue": 1509100000,
    "costOfRevenue": 1008100000,
    "grossProfit": 501000000,
    "grossProfitRatio": 0.3319859519,
    "researchAndDevelopmentExpenses": 36800000,
    "generalAndAdministrativeExpenses": 0,
    "sellingAndMarketingExpenses": 0,
    "sellingGeneralAndAdministrativeExpenses": 239800000,
    "otherExpenses": -8900000,
    "operatingExpenses": 285500000,
    "costAndExpenses": 1293600000,
    "interestIncome": 1100000,
    "interestExpense": 6400000,
    "depreciationAndAmortization": 90700000,
    "ebitda": 286900000,
    "ebitdaratio": 0.1901133126,
    "operatingIncome": 215500000,
    "operatingIncomeRatio": 0.1428003446,
    "totalOtherIncomeExpensesNet": -17500000,
    "incomeBeforeTax": 197999999,
    "incomeBeforeTaxRatio": 0.1312040282,
    "incomeTaxExpense": 54400000,
    "netIncome": 143600000,
    "netIncomeRatio": 0.0951560533,
    "eps": 1.96,
    "epsdiluted": 1.91,
    "weightedAverageShsOut": 73300000,
    "weightedAverageShsOutDil": 75000000,
    "link": "https://www.sec.gov/Archives/edgar/data/105770/000010577017000011/0000105770-17-000011-index.htm",
    "finalLink": "https://www.sec.gov/Archives/edgar/data/105770/000010577017000011/wst10k123116.htm"
  },
  {
    "date": "2015-12-31",
    "symbol": "WST",
    "reportedCurrency": "USD",
    "cik": "0000105770",
    "fillingDate": "2016-02-26",
    "acceptedDate": "2016-02-26 17:40:44",
    "calendarYear": "2015",
    "period": "FY",
    "revenue": 1398000000,
    "costOfRevenue": 943900000,
    "grossProfit": 454100000,
    "grossProfitRatio": 0.3248211731,
    "researchAndDevelopmentExpenses": 34100000,
    "generalAndAdministrativeExpenses": 0,
    "sellingAndMarketingExpenses": 0,
    "sellingGeneralAndAdministrativeExpenses": 233000000,
    "otherExpenses": -61300000,
    "operatingExpenses": 328400000,
    "costAndExpenses": 1272300000,
    "interestIncome": 1600000,
    "interestExpense": 11700000,
    "depreciationAndAmortization": 89900000,
    "ebitda": 217700000,
    "ebitdaratio": 0.1557224607,
    "operatingIncome": 125700000,
    "operatingIncomeRatio": 0.0899141631,
    "totalOtherIncomeExpensesNet": -3800000,
    "incomeBeforeTax": 121900000,
    "incomeBeforeTaxRatio": 0.0871959943,
    "incomeTaxExpense": 26300000,
    "netIncome": 95600000,
    "netIncomeRatio": 0.0683834049,
    "eps": 1.33,
    "epsdiluted": 1.3,
    "weightedAverageShsOut": 72000000,
    "weightedAverageShsOutDil": 73800000,
    "link": "https://www.sec.gov/Archives/edgar/data/105770/000010577016000060/0000105770-16-000060-index.htm",
    "finalLink": "https://www.sec.gov/Archives/edgar/data/105770/000010577016000060/wst10k123115.htm"
  },
  {
    "date": "2014-12-31",
    "symbol": "WST",
    "reportedCurrency": "USD",
    "cik": "0000105770",
    "fillingDate": "2015-02-25",
    "acceptedDate": "2015-02-25 17:30:02",
    "calendarYear": "2014",
    "period": "FY",
    "revenue": 1421700000,
    "costOfRevenue": 973800000,
    "grossProfit": 447900000,
    "grossProfitRatio": 0.3150453682,
    "researchAndDevelopmentExpenses": 37300000,
    "generalAndAdministrativeExpenses": 0,
    "sellingAndMarketingExpenses": 0,
    "sellingGeneralAndAdministrativeExpenses": 228700000,
    "otherExpenses": 0,
    "operatingExpenses": 266000000,
    "costAndExpenses": 1239800000,
    "interestIncome": 3500000,
    "interestExpense": 19500000,
    "depreciationAndAmortization": 90000000,
    "ebitda": 278500000,
    "ebitdaratio": 0.1958922417,
    "operatingIncome": 181900000,
    "operatingIncomeRatio": 0.1279454175,
    "totalOtherIncomeExpensesNet": -7600000,
    "incomeBeforeTax": 174300000,
    "incomeBeforeTaxRatio": 0.1225997046,
    "incomeTaxExpense": 47200000,
    "netIncome": 127100000,
    "netIncomeRatio": 0.0894000141,
    "eps": 1.79,
    "epsdiluted": 1.75,
    "weightedAverageShsOut": 70900000,
    "weightedAverageShsOutDil": 72800000,
    "link": "https://www.sec.gov/Archives/edgar/data/105770/000010577015000007/0000105770-15-000007-index.htm",
    "finalLink": "https://www.sec.gov/Archives/edgar/data/105770/000010577015000007/wst10k123114.htm"
  },
  {
    "date": "2013-12-31",
    "symbol": "WST",
    "reportedCurrency": "USD",
    "cik": "0000105770",
    "fillingDate": "2014-02-27",
    "acceptedDate": "2014-02-27 15:10:33",
    "calendarYear": "2013",
    "period": "FY",
    "revenue": 1368200000,
    "costOfRevenue": 938700000,
    "grossProfit": 429500000,
    "grossProfitRatio": 0.3139160941,
    "researchAndDevelopmentExpenses": 37900000,
    "generalAndAdministrativeExpenses": 0,
    "sellingAndMarketingExpenses": 0,
    "sellingGeneralAndAdministrativeExpenses": 234900000,
    "otherExpenses": 0,
    "operatingExpenses": 272800000,
    "costAndExpenses": 1211500000,
    "interestIncome": 1900000,
    "interestExpense": 19900000,
    "depreciationAndAmortization": 85200000,
    "ebitda": 252200000,
    "ebitdaratio": 0.1843297763,
    "operatingIncome": 156700000,
    "operatingIncomeRatio": 0.1145300395,
    "totalOtherIncomeExpensesNet": -4200000,
    "incomeBeforeTax": 152500000,
    "incomeBeforeTaxRatio": 0.1114603128,
    "incomeTaxExpense": 40200000,
    "netIncome": 112300000,
    "netIncomeRatio": 0.0820786435,
    "eps": 1.61,
    "epsdiluted": 1.57,
    "weightedAverageShsOut": 69600000,
    "weightedAverageShsOutDil": 71400000,
    "link": "https://www.sec.gov/Archives/edgar/data/105770/000010577014000005/0000105770-14-000005-index.htm",
    "finalLink": "https://www.sec.gov/Archives/edgar/data/105770/000010577014000005/wst10k123113.htm"
  },
  {
    "date": "2012-12-31",
    "symbol": "WST",
    "reportedCurrency": "USD",
    "cik": "0000105770",
    "fillingDate": "2013-02-27",
    "acceptedDate": "2013-02-27 16:58:21",
    "calendarYear": "2012",
    "period": "FY",
    "revenue": 1266400000,
    "costOfRevenue": 878600000,
    "grossProfit": 387800000,
    "grossProfitRatio": 0.3062223626,
    "researchAndDevelopmentExpenses": 33200000,
    "generalAndAdministrativeExpenses": 0,
    "sellingAndMarketingExpenses": 0,
    "sellingGeneralAndAdministrativeExpenses": 218100000,
    "otherExpenses": 0,
    "operatingExpenses": 251300000,
    "costAndExpenses": 1129900000,
    "interestIncome": 1800000,
    "interestExpense": 14500000,
    "depreciationAndAmortization": 76900000,
    "ebitda": 200000000,
    "ebitdaratio": 0.1579279848,
    "operatingIncome": 136500000,
    "operatingIncomeRatio": 0.1077858497,
    "totalOtherIncomeExpensesNet": -23100000,
    "incomeBeforeTax": 113400000,
    "incomeBeforeTaxRatio": 0.0895451674,
    "incomeTaxExpense": 32700000,
    "netIncome": 80700000,
    "netIncomeRatio": 0.0637239419,
    "eps": 1.19,
    "epsdiluted": 1.15,
    "weightedAverageShsOut": 68000000,
    "weightedAverageShsOutDil": 71800000,
    "link": "https://www.sec.gov/Archives/edgar/data/105770/000010577013000007/0000105770-13-000007-index.htm",
    "finalLink": "https://www.sec.gov/Archives/edgar/data/105770/000010577013000007/wst10k123112.htm"
  },
  {
    "date": "2011-12-31",
    "symbol": "WST",
    "reportedCurrency": "USD",
    "cik": "0000105770",
    "fillingDate": "2012-02-29",
    "acceptedDate": "2012-02-29 16:40:54",
    "calendarYear": "2011",
    "period": "FY",
    "revenue": 1192600000,
    "costOfRevenue": 853600000,
    "grossProfit": 339000000,
    "grossProfitRatio": 0.2842528928,
    "researchAndDevelopmentExpenses": 29100000,
    "generalAndAdministrativeExpenses": 0,
    "sellingAndMarketingExpenses": 0,
    "sellingGeneralAndAdministrativeExpenses": 191100000,
    "otherExpenses": -2900000,
    "operatingExpenses": 223100000,
    "costAndExpenses": 1076700000,
    "interestIncome": 1300000,
    "interestExpense": 15000000,
    "depreciationAndAmortization": 75700000,
    "ebitda": 183400000,
    "ebitdaratio": 0.1537816535,
    "operatingIncome": 115900000,
    "operatingIncomeRatio": 0.0971826262,
    "totalOtherIncomeExpensesNet": -16900000,
    "incomeBeforeTax": 99000000,
    "incomeBeforeTaxRatio": 0.0830119068,
    "incomeTaxExpense": 23500000,
    "netIncome": 75500000,
    "netIncomeRatio": 0.0633070602,
    "eps": 1.12,
    "epsdiluted": 1.08,
    "weightedAverageShsOut": 67400000,
    "weightedAverageShsOutDil": 74000000,
    "link": "https://www.sec.gov/Archives/edgar/data/105770/000010577012000011/0000105770-12-000011-index.htm",
    "finalLink": "https://www.sec.gov/Archives/edgar/data/105770/000010577012000011/form10k.htm"
  },
  {
    "date": "2010-12-31",
    "symbol": "WST",
    "reportedCurrency": "USD",
    "cik": "0000105770",
    "fillingDate": "2011-02-28",
    "acceptedDate": "2011-02-28 17:27:31",
    "calendarYear": "2010",
    "period": "FY",
    "revenue": 1104700000,
    "costOfRevenue": 787100000,
    "grossProfit": 317600000,
    "grossProfitRatio": 0.2874988685,
    "researchAndDevelopmentExpenses": 23900000,
    "generalAndAdministrativeExpenses": 0,
    "sellingAndMarketingExpenses": 0,
    "sellingGeneralAndAdministrativeExpenses": 187700000,
    "otherExpenses": 0,
    "operatingExpenses": 211600000,
    "costAndExpenses": 998700000,
    "interestIncome": 600000,
    "interestExpense": 13600000,
    "depreciationAndAmortization": 73200000,
    "ebitda": 161300000,
    "ebitdaratio": 0.1460124921,
    "operatingIncome": 106000000,
    "operatingIncomeRatio": 0.0959536526,
    "totalOtherIncomeExpensesNet": -27100000,
    "incomeBeforeTax": 78900000,
    "incomeBeforeTaxRatio": 0.0714221055,
    "incomeTaxExpense": 13600000,
    "netIncome": 65300000,
    "netIncomeRatio": 0.0591110709,
    "eps": 0.98,
    "epsdiluted": 0.95,
    "weightedAverageShsOut": 66600000,
    "weightedAverageShsOutDil": 73400000,
    "link": "https://www.sec.gov/Archives/edgar/data/105770/000010577011000016/0000105770-11-000016-index.htm",
    "finalLink": "https://www.sec.gov/Archives/edgar/data/105770/000010577011000016/form10k.htm"
  },
  {
    "date": "2009-12-31",
    "symbol": "WST",
    "reportedCurrency": "USD",
    "cik": "0000105770",
    "fillingDate": "2010-02-25",
    "acceptedDate": "2010-02-25 15:26:28",
    "calendarYear": "2009",
    "period": "FY",
    "revenue": 1055700000,
    "costOfRevenue": 752100000,
    "grossProfit": 303600000,
    "grossProfitRatio": 0.2875816993,
    "researchAndDevelopmentExpenses": 19900000,
    "generalAndAdministrativeExpenses": 0,
    "sellingAndMarketingExpenses": 0,
    "sellingGeneralAndAdministrativeExpenses": 177700000,
    "otherExpenses": 0,
    "operatingExpenses": 197600000,
    "costAndExpenses": 949700000,
    "interestIncome": 800000,
    "interestExpense": 15200000,
    "depreciationAndAmortization": 68100000,
    "ebitda": 166400000,
    "ebitdaratio": 0.1576205361,
    "operatingIncome": 106000000,
    "operatingIncomeRatio": 0.1004073127,
    "totalOtherIncomeExpensesNet": -19900000,
    "incomeBeforeTax": 86100000,
    "incomeBeforeTaxRatio": 0.0815572606,
    "incomeTaxExpense": 13500000,
    "netIncome": 72600000,
    "netIncomeRatio": 0.0687695368,
    "eps": 1.11,
    "epsdiluted": 1.06,
    "weightedAverageShsOut": 65600000,
    "weightedAverageShsOutDil": 72600000,
    "link": "https://www.sec.gov/Archives/edgar/data/105770/000010577010000011/0000105770-10-000011-index.htm",
    "finalLink": "https://www.sec.gov/Archives/edgar/data/105770/000010577010000011/form10k.htm"
  },
  {
    "date": "2008-12-31",
    "symbol": "WST",
    "reportedCurrency": "USD",
    "cik": "0000105770",
    "fillingDate": "2009-02-27",
    "acceptedDate": "2009-02-26 18:07:12",
    "calendarYear": "2008",
    "period": "FY",
    "revenue": 1051099999,
    "costOfRevenue": 748500000,
    "grossProfit": 302600000,
    "grossProfitRatio": 0.2878888786,
    "researchAndDevelopmentExpenses": 18700000,
    "generalAndAdministrativeExpenses": 0,
    "sellingAndMarketingExpenses": 0,
    "sellingGeneralAndAdministrativeExpenses": 159300000,
    "otherExpenses": 0,
    "operatingExpenses": 178000000,
    "costAndExpenses": 926500000,
    "interestIncome": 1400000,
    "interestExpense": 16000000,
    "depreciationAndAmortization": 60600000,
    "ebitda": 186100000,
    "ebitdaratio": 0.1770526117,
    "operatingIncome": 124600000,
    "operatingIncomeRatio": 0.1185424794,
    "totalOtherIncomeExpensesNet": -14300000,
    "incomeBeforeTax": 110300000,
    "incomeBeforeTaxRatio": 0.1049376844,
    "incomeTaxExpense": 23700000,
    "netIncome": 86000000,
    "netIncomeRatio": 0.0818190468,
    "eps": 1.33,
    "epsdiluted": 1.25,
    "weightedAverageShsOut": 64800000,
    "weightedAverageShsOutDil": 72200000,
    "link": "https://www.sec.gov/Archives/edgar/data/105770/000010577009000016/0000105770-09-000016-index.htm",
    "finalLink": "https://www.sec.gov/Archives/edgar/data/105770/000010577009000016/form10k.htm"
  },
  {
    "date": "2007-12-31",
    "symbol": "WST",
    "reportedCurrency": "USD",
    "cik": "0000105770",
    "fillingDate": "2008-02-29",
    "acceptedDate": "2008-02-29 13:13:54",
    "calendarYear": "2007",
    "period": "FY",
    "revenue": 1020100000,
    "costOfRevenue": 728300000,
    "grossProfit": 291800000,
    "grossProfitRatio": 0.2860503872,
    "researchAndDevelopmentExpenses": 16100000,
    "generalAndAdministrativeExpenses": 0,
    "sellingAndMarketingExpenses": 0,
    "sellingGeneralAndAdministrativeExpenses": 152500000,
    "otherExpenses": -10199999,
    "operatingExpenses": 178800000,
    "costAndExpenses": 907100000,
    "interestIncome": 6000000,
    "interestExpense": 14500000,
    "depreciationAndAmortization": 56600000,
    "ebitda": 157500000,
    "ebitdaratio": 0.1543966278,
    "operatingIncome": 113000000,
    "operatingIncomeRatio": 0.1107734536,
    "totalOtherIncomeExpensesNet": -24100000,
    "incomeBeforeTax": 88900000,
    "incomeBeforeTaxRatio": 0.0871483188,
    "incomeTaxExpense": 17200000,
    "netIncome": 70700000,
    "netIncomeRatio": 0.0693069307,
    "eps": 1.08,
    "epsdiluted": 1.02,
    "weightedAverageShsOut": 65400000,
    "weightedAverageShsOutDil": 72400000,
    "link": "https://www.sec.gov/Archives/edgar/data/105770/000104746908002017/0001047469-08-002017-index.htm",
    "finalLink": "https://www.sec.gov/Archives/edgar/data/105770/000104746908002017/a2183198z10-k.htm"
  },
  {
    "date": "2006-12-31",
    "symbol": "WST",
    "reportedCurrency": "USD",
    "cik": "0000105770",
    "fillingDate": "2007-03-01",
    "acceptedDate": "2007-02-28 18:52:01",
    "calendarYear": "2006",
    "period": "FY",
    "revenue": 913300000,
    "costOfRevenue": 651500000,
    "grossProfit": 261800000,
    "grossProfitRatio": 0.2866527975,
    "researchAndDevelopmentExpenses": 11100000,
    "generalAndAdministrativeExpenses": 0,
    "sellingAndMarketingExpenses": 0,
    "sellingGeneralAndAdministrativeExpenses": 144800000,
    "otherExpenses": -200000,
    "operatingExpenses": 156100000,
    "costAndExpenses": 807600000,
    "interestIncome": 0,
    "interestExpense": 12700000,
    "depreciationAndAmortization": 52700000,
    "ebitda": 149900000,
    "ebitdaratio": 0.1641300777,
    "operatingIncome": 105700000,
    "operatingIncomeRatio": 0.1157341509,
    "totalOtherIncomeExpensesNet": -19300000,
    "incomeBeforeTax": 86400000,
    "incomeBeforeTaxRatio": 0.0946019928,
    "incomeTaxExpense": 24600000,
    "netIncome": 67100000,
    "netIncomeRatio": 0.0734698347,
    "eps": 1.05,
    "epsdiluted": 1,
    "weightedAverageShsOut": 64400000,
    "weightedAverageShsOutDil": 67200000,
    "link": "https://www.sec.gov/Archives/edgar/data/105770/000110465907015074/0001104659-07-015074-index.htm",
    "finalLink": "https://www.sec.gov/Archives/edgar/data/105770/000110465907015074/a07-5873_110k.htm"
  },
  {
    "date": "2005-12-31",
    "symbol": "WST",
    "reportedCurrency": "USD",
    "cik": "0000105770",
    "fillingDate": "2006-03-06",
    "acceptedDate": "2006-03-06 10:50:14",
    "calendarYear": "2005",
    "period": "FY",
    "revenue": 699700000,
    "costOfRevenue": 505900000,
    "grossProfit": 193800000,
    "grossProfitRatio": 0.2769758468,
    "researchAndDevelopmentExpenses": 7900000,
    "generalAndAdministrativeExpenses": 0,
    "sellingAndMarketingExpenses": 0,
    "sellingGeneralAndAdministrativeExpenses": 112400000,
    "otherExpenses": -300000,
    "operatingExpenses": 120600000,
    "costAndExpenses": 626500000,
    "interestIncome": 0,
    "interestExpense": 14100000,
    "depreciationAndAmortization": 47400000,
    "ebitda": 122900000,
    "ebitdaratio": 0.1756467057,
    "operatingIncome": 73200000,
    "operatingIncomeRatio": 0.1046162641,
    "totalOtherIncomeExpensesNet": -9400000,
    "incomeBeforeTax": 63800000,
    "incomeBeforeTaxRatio": 0.0911819351,
    "incomeTaxExpense": -400000,
    "netIncome": 45600000,
    "netIncomeRatio": 0.0651707875,
    "eps": 0.75,
    "epsdiluted": 0.71,
    "weightedAverageShsOut": 62200000,
    "weightedAverageShsOutDil": 65000000,
    "link": "https://www.sec.gov/Archives/edgar/data/105770/000110465906014167/0001104659-06-014167-index.htm",
    "finalLink": "https://www.sec.gov/Archives/edgar/data/105770/000110465906014167/a06-3954_310k.htm"
  },
  {
    "date": "2004-12-31",
    "symbol": "WST",
    "reportedCurrency": "USD",
    "cik": "0000105770",
    "fillingDate": "2005-03-09",
    "acceptedDate": "2005-03-09 17:10:48",
    "calendarYear": "2004",
    "period": "FY",
    "revenue": 541600000,
    "costOfRevenue": 374100000,
    "grossProfit": 167500000,
    "grossProfitRatio": 0.3092688331,
    "researchAndDevelopmentExpenses": 6300000,
    "generalAndAdministrativeExpenses": 0,
    "sellingAndMarketingExpenses": 0,
    "sellingGeneralAndAdministrativeExpenses": 97200000,
    "otherExpenses": -100000,
    "operatingExpenses": 103600000,
    "costAndExpenses": 477700000,
    "interestIncome": 0,
    "interestExpense": 8500000,
    "depreciationAndAmortization": 33200000,
    "ebitda": 94500000,
    "ebitdaratio": 0.1744830133,
    "operatingIncome": 63900000,
    "operatingIncomeRatio": 0.1179837518,
    "totalOtherIncomeExpensesNet": -22700000,
    "incomeBeforeTax": 41200000,
    "incomeBeforeTaxRatio": 0.076070901,
    "incomeTaxExpense": 11100000,
    "netIncome": 19400000,
    "netIncomeRatio": 0.0358197932,
    "eps": 0.57,
    "epsdiluted": 0.56,
    "weightedAverageShsOut": 60000000,
    "weightedAverageShsOutDil": 61600000,
    "link": "https://www.sec.gov/Archives/edgar/data/105770/000010577005000135/0000105770-05-000135-index.htm",
    "finalLink": "https://www.sec.gov/Archives/edgar/data/105770/000010577005000135/file10k04.htm"
  },
  {
    "date": "2003-12-31",
    "symbol": "WST",
    "reportedCurrency": "USD",
    "cik": "0000105770",
    "fillingDate": "2004-03-12",
    "acceptedDate": "2004-03-12 12:16:04",
    "calendarYear": "2003",
    "period": "FY",
    "revenue": 490700000,
    "costOfRevenue": 334900000,
    "grossProfit": 155800000,
    "grossProfitRatio": 0.3175056042,
    "researchAndDevelopmentExpenses": 0,
    "generalAndAdministrativeExpenses": 0,
    "sellingAndMarketingExpenses": 0,
    "sellingGeneralAndAdministrativeExpenses": 111000000,
    "otherExpenses": -29600000,
    "operatingExpenses": 81400000,
    "costAndExpenses": 411400000,
    "interestIncome": 0,
    "interestExpense": 0,
    "depreciationAndAmortization": 33000000,
    "ebitda": 84800000,
    "ebitdaratio": 0.1728143469,
    "operatingIncome": 54500000,
    "operatingIncomeRatio": 0.1110658243,
    "totalOtherIncomeExpensesNet": -7500000,
    "incomeBeforeTax": 47000000,
    "incomeBeforeTaxRatio": 0.0957815366,
    "incomeTaxExpense": 16700000,
    "netIncome": 31900000,
    "netIncomeRatio": 0.0650091706,
    "eps": 0.75,
    "epsdiluted": 0.75,
    "weightedAverageShsOut": 58000000,
    "weightedAverageShsOutDil": 58200000,
    "link": "https://www.sec.gov/Archives/edgar/data/105770/000095015404000022/0000950154-04-000022-index.htm",
    "finalLink": "https://www.sec.gov/Archives/edgar/data/105770/000095015404000022/westpharm-10k_55917.txt"
  },
  {
    "date": "2002-12-31",
    "symbol": "WST",
    "reportedCurrency": "USD",
    "cik": "0000105770",
    "fillingDate": "2003-03-26",
    "acceptedDate": "2003-03-26 15:37:52",
    "calendarYear": "2002",
    "period": "FY",
    "revenue": 419700000,
    "costOfRevenue": 302100000,
    "grossProfit": 117600000,
    "grossProfitRatio": 0.280200143,
    "researchAndDevelopmentExpenses": 0,
    "generalAndAdministrativeExpenses": 0,
    "sellingAndMarketingExpenses": 0,
    "sellingGeneralAndAdministrativeExpenses": 82600000,
    "otherExpenses": -1600000,
    "operatingExpenses": 81000000,
    "costAndExpenses": 371100000,
    "interestIncome": 0,
    "interestExpense": 0,
    "depreciationAndAmortization": 33000000,
    "ebitda": 82800000,
    "ebitdaratio": 0.1972837741,
    "operatingIncome": 26700000,
    "operatingIncomeRatio": 0.0636168692,
    "totalOtherIncomeExpensesNet": -9500000,
    "incomeBeforeTax": 17200000,
    "incomeBeforeTaxRatio": 0.0409816536,
    "incomeTaxExpense": 4100000,
    "netIncome": 18400000,
    "netIncomeRatio": 0.0438408387,
    "eps": 0.33,
    "epsdiluted": 0.33,
    "weightedAverageShsOut": 57800000,
    "weightedAverageShsOutDil": 57800000,
    "link": "https://www.sec.gov/Archives/edgar/data/105770/000010577003000007/0000105770-03-000007-index.htm",
    "finalLink": "https://www.sec.gov/Archives/edgar/data/105770/000010577003000007/file10k.txt"
  },
  {
    "date": "2001-12-31",
    "symbol": "WST",
    "reportedCurrency": "USD",
    "cik": "0000105770",
    "fillingDate": "2002-03-28",
    "acceptedDate": "2002-03-28 00:00:00",
    "calendarYear": "2001",
    "period": "FY",
    "revenue": 396900000,
    "costOfRevenue": 280800000,
    "grossProfit": 116100000,
    "grossProfitRatio": 0.2925170068,
    "researchAndDevelopmentExpenses": 0,
    "generalAndAdministrativeExpenses": 0,
    "sellingAndMarketingExpenses": 0,
    "sellingGeneralAndAdministrativeExpenses": 73400000,
    "otherExpenses": 1500000,
    "operatingExpenses": 74900000,
    "costAndExpenses": 352700000,
    "interestIncome": 0,
    "interestExpense": 0,
    "depreciationAndAmortization": 32000000,
    "ebitda": 74700000,
    "ebitdaratio": 0.1882086168,
    "operatingIncome": 41300000,
    "operatingIncomeRatio": 0.1040564374,
    "totalOtherIncomeExpensesNet": -13400000,
    "incomeBeforeTax": 27800000,
    "incomeBeforeTaxRatio": 0.0700428319,
    "incomeTaxExpense": 8600000,
    "netIncome": -5200000,
    "netIncomeRatio": -0.0131015369,
    "eps": -0.0907,
    "epsdiluted": -0.0906,
    "weightedAverageShsOut": 57344000,
    "weightedAverageShsOutDil": 57392000,
    "link": "https://www.sec.gov/Archives/edgar/data/105770/000010577002000007/0000105770-02-000007-index.htm",
    "finalLink": "https://www.sec.gov/Archives/edgar/data/105770/000010577002000007/file10k2001.txt"
  },
  {
    "date": "2000-12-31",
    "symbol": "WST",
    "reportedCurrency": "USD",
    "cik": "0000105770",
    "fillingDate": "2001-03-30",
    "acceptedDate": "2001-03-30 00:00:00",
    "calendarYear": "2000",
    "period": "FY",
    "revenue": 430100000,
    "costOfRevenue": 289700000,
    "grossProfit": 140400000,
    "grossProfitRatio": 0.3264357126,
    "researchAndDevelopmentExpenses": 0,
    "generalAndAdministrativeExpenses": 0,
    "sellingAndMarketingExpenses": 0,
    "sellingGeneralAndAdministrativeExpenses": 67700000,
    "otherExpenses": 37000000,
    "operatingExpenses": 104700000,
    "costAndExpenses": 394400000,
    "interestIncome": 0,
    "interestExpense": 0,
    "depreciationAndAmortization": 37000000,
    "ebitda": 75900000,
    "ebitdaratio": 0.1764705882,
    "operatingIncome": 35700000,
    "operatingIncomeRatio": 0.0830039526,
    "totalOtherIncomeExpensesNet": -11100000,
    "incomeBeforeTax": 3100000,
    "incomeBeforeTaxRatio": 0.0072076261,
    "incomeTaxExpense": 1500000,
    "netIncome": 1600000,
    "netIncomeRatio": 0.0037200651,
    "eps": 0.025,
    "epsdiluted": 0.025,
    "weightedAverageShsOut": 57628000,
    "weightedAverageShsOutDil": 57636000,
    "link": "https://www.sec.gov/Archives/edgar/data/105770/000010577001000008/0000105770-01-000008-index.htm",
    "finalLink": "https://www.sec.gov/Archives/edgar/data/105770/000010577001000008/0000105770-01-000008-0001.txt"
  },
  {
    "date": "1999-12-31",
    "symbol": "WST",
    "reportedCurrency": "USD",
    "cik": "0000105770",
    "fillingDate": "2000-03-30",
    "acceptedDate": "2000-03-30 00:00:00",
    "calendarYear": "1999",
    "period": "FY",
    "revenue": 469100000,
    "costOfRevenue": 289100000,
    "grossProfit": 180000000,
    "grossProfitRatio": 0.3837134939,
    "researchAndDevelopmentExpenses": 0,
    "generalAndAdministrativeExpenses": 0,
    "sellingAndMarketingExpenses": 0,
    "sellingGeneralAndAdministrativeExpenses": 77900000,
    "otherExpenses": 35700000,
    "operatingExpenses": 113600000,
    "costAndExpenses": 402700000,
    "interestIncome": 0,
    "interestExpense": 0,
    "depreciationAndAmortization": 35700000,
    "ebitda": 102100000,
    "ebitdaratio": 0.2176508207,
    "operatingIncome": 66400000,
    "operatingIncomeRatio": 0.1415476444,
    "totalOtherIncomeExpensesNet": -9300000,
    "incomeBeforeTax": 57100000,
    "incomeBeforeTaxRatio": 0.1217224472,
    "incomeTaxExpense": 18400000,
    "netIncome": 38700000,
    "netIncomeRatio": 0.0824984012,
    "eps": 0.65,
    "epsdiluted": 0.64,
    "weightedAverageShsOut": 59656000,
    "weightedAverageShsOutDil": 60192000,
    "link": "https://www.sec.gov/Archives/edgar/data/105770/000010577000000008/0000105770-00-000008-index.html",
    "finalLink": "https://www.sec.gov/Archives/edgar/data/105770/000010577000000008/"
  },
  {
    "date": "1998-12-31",
    "symbol": "WST",
    "reportedCurrency": "USD",
    "cik": "0000105770",
    "fillingDate": "1999-05-06",
    "acceptedDate": "1999-05-06 00:00:00",
    "calendarYear": "1998",
    "period": "FY",
    "revenue": 449700000,
    "costOfRevenue": 282200000,
    "grossProfit": 167500000,
    "grossProfitRatio": 0.3724705359,
    "researchAndDevelopmentExpenses": 0,
    "generalAndAdministrativeExpenses": 0,
    "sellingAndMarketingExpenses": 0,
    "sellingGeneralAndAdministrativeExpenses": 70500000,
    "otherExpenses": 32300000,
    "operatingExpenses": 102800000,
    "costAndExpenses": 385000000,
    "interestIncome": 0,
    "interestExpense": 0,
    "depreciationAndAmortization": 32300000,
    "ebitda": 97000000,
    "ebitdaratio": 0.2156993551,
    "operatingIncome": 64700000,
    "operatingIncomeRatio": 0.1438736936,
    "totalOtherIncomeExpensesNet": -36800000,
    "incomeBeforeTax": 27900000,
    "incomeBeforeTaxRatio": 0.0620413609,
    "incomeTaxExpense": 21200000,
    "netIncome": 6700000,
    "netIncomeRatio": 0.0148988214,
    "eps": 0.1,
    "epsdiluted": 0.1,
    "weightedAverageShsOut": 65740000,
    "weightedAverageShsOutDil": 66016000,
    "link": "https://www.sec.gov/Archives/edgar/data/105770/000010577099000016/0000105770-99-000016-index.html",
    "finalLink": "https://www.sec.gov/Archives/edgar/data/105770/"
  },
  {
    "date": "1997-12-31",
    "symbol": "WST",
    "reportedCurrency": "USD",
    "cik": "0000105770",
    "fillingDate": "1998-04-01",
    "acceptedDate": "1998-04-01 00:00:00",
    "calendarYear": "1997",
    "period": "FY",
    "revenue": 452500000,
    "costOfRevenue": 288500000,
    "grossProfit": 164000000,
    "grossProfitRatio": 0.3624309392,
    "researchAndDevelopmentExpenses": 0,
    "generalAndAdministrativeExpenses": 0,
    "sellingAndMarketingExpenses": 0,
    "sellingGeneralAndAdministrativeExpenses": 70200000,
    "otherExpenses": 31900000,
    "operatingExpenses": 102100000,
    "costAndExpenses": 390600000,
    "interestIncome": 0,
    "interestExpense": 0,
    "depreciationAndAmortization": 31900000,
    "ebitda": 93800000,
    "ebitdaratio": 0.2072928177,
    "operatingIncome": 61900000,
    "operatingIncomeRatio": 0.1367955801,
    "totalOtherIncomeExpensesNet": -4200000,
    "incomeBeforeTax": 57700000,
    "incomeBeforeTaxRatio": 0.1275138122,
    "incomeTaxExpense": 13300000,
    "netIncome": 44400000,
    "netIncomeRatio": 0.098121547,
    "eps": 0.67,
    "epsdiluted": 0.67,
    "weightedAverageShsOut": 65900000,
    "weightedAverageShsOutDil": 66288000,
    "link": "https://www.sec.gov/Archives/edgar/data/105770/000095011598000641/0000950115-98-000641-index.html",
    "finalLink": "https://www.sec.gov/Archives/edgar/data/105770/"
  },
  {
    "date": "1996-12-31",
    "symbol": "WST",
    "reportedCurrency": "USD",
    "cik": "0000105770",
    "fillingDate": "1997-03-31",
    "acceptedDate": "1997-03-31 00:00:00",
    "calendarYear": "1996",
    "period": "FY",
    "revenue": 458800000,
    "costOfRevenue": 302000000,
    "grossProfit": 156800000,
    "grossProfitRatio": 0.341761116,
    "researchAndDevelopmentExpenses": 0,
    "generalAndAdministrativeExpenses": 0,
    "sellingAndMarketingExpenses": 0,
    "sellingGeneralAndAdministrativeExpenses": 72800000,
    "otherExpenses": 30700000,
    "operatingExpenses": 103500000,
    "costAndExpenses": 405500000,
    "interestIncome": 0,
    "interestExpense": 0,
    "depreciationAndAmortization": 30700000,
    "ebitda": 84000000,
    "ebitdaratio": 0.1830863121,
    "operatingIncome": 53300000,
    "operatingIncomeRatio": 0.1161726242,
    "totalOtherIncomeExpensesNet": -26100000,
    "incomeBeforeTax": 27200000,
    "incomeBeforeTaxRatio": 0.0592850915,
    "incomeTaxExpense": 10800000,
    "netIncome": 16400000,
    "netIncomeRatio": 0.0357454228,
    "eps": 0.25,
    "epsdiluted": 0.25,
    "weightedAverageShsOut": 65672000,
    "weightedAverageShsOutDil": 65672000,
    "link": "https://www.sec.gov/Archives/edgar/data/105770/000010577097000011/0000105770-97-000011-index.html",
    "finalLink": "https://www.sec.gov/Archives/edgar/data/105770/"
  },
  {
    "date": "1995-12-31",
    "symbol": "WST",
    "reportedCurrency": "USD",
    "cik": "0000105770",
    "fillingDate": "1996-03-29",
    "acceptedDate": "1996-03-29 00:00:00",
    "calendarYear": "1995",
    "period": "FY",
    "revenue": 412900000,
    "costOfRevenue": 265100000,
    "grossProfit": 147800000,
    "grossProfitRatio": 0.3579559215,
    "researchAndDevelopmentExpenses": 0,
    "generalAndAdministrativeExpenses": 0,
    "sellingAndMarketingExpenses": 0,
    "sellingGeneralAndAdministrativeExpenses": 69900000,
    "otherExpenses": 29600000,
    "operatingExpenses": 99500000,
    "costAndExpenses": 364600000,
    "interestIncome": 0,
    "interestExpense": 0,
    "depreciationAndAmortization": 29600000,
    "ebitda": 77900000,
    "ebitdaratio": 0.1886655364,
    "operatingIncome": 48300000,
    "operatingIncomeRatio": 0.1169774764,
    "totalOtherIncomeExpensesNet": -5700000,
    "incomeBeforeTax": 42600000,
    "incomeBeforeTaxRatio": 0.103172681,
    "incomeTaxExpense": 13900000,
    "netIncome": 28700000,
    "netIncomeRatio": 0.0695083555,
    "eps": 0.43,
    "epsdiluted": 0.43,
    "weightedAverageShsOut": 66228000,
    "weightedAverageShsOutDil": 66228000,
    "link": "https://www.sec.gov/Archives/edgar/data/105770/000010577096000012/0000105770-96-000012-index.html",
    "finalLink": "https://www.sec.gov/Archives/edgar/data/105770/"
  },
  {
    "date": "1994-12-31",
    "symbol": "WST",
    "reportedCurrency": "USD",
    "cik": "0000105770",
    "fillingDate": "1995-03-30",
    "acceptedDate": "1995-03-30 00:00:00",
    "calendarYear": "1994",
    "period": "FY",
    "revenue": 365100000,
    "costOfRevenue": 225900000,
    "grossProfit": 139200000,
    "grossProfitRatio": 0.3812654067,
    "researchAndDevelopmentExpenses": 0,
    "generalAndAdministrativeExpenses": 0,
    "sellingAndMarketingExpenses": 0,
    "sellingGeneralAndAdministrativeExpenses": 69000000,
    "otherExpenses": 23100000,
    "operatingExpenses": 92100000,
    "costAndExpenses": 318000000,
    "interestIncome": 0,
    "interestExpense": 0,
    "depreciationAndAmortization": 23100000,
    "ebitda": 70200000,
    "ebitdaratio": 0.1922760887,
    "operatingIncome": 47100000,
    "operatingIncomeRatio": 0.1290057518,
    "totalOtherIncomeExpensesNet": -6400000,
    "incomeBeforeTax": 40700000,
    "incomeBeforeTaxRatio": 0.1114763079,
    "incomeTaxExpense": 13400000,
    "netIncome": 27300000,
    "netIncomeRatio": 0.0747740345,
    "eps": 0.43,
    "epsdiluted": 0.43,
    "weightedAverageShsOut": 64216000,
    "weightedAverageShsOutDil": 64216000,
    "link": "https://www.sec.gov/Archives/edgar/data/105770/000095011595000063/0000950115-95-000063-index.html",
    "finalLink": "https://www.sec.gov/Archives/edgar/data/105770/"
  },
  {
    "date": "1993-12-31",
    "symbol": "WST",
    "reportedCurrency": "USD",
    "cik": "0000105770",
    "fillingDate": "1993-12-31",
    "acceptedDate": "1993-12-31 00:00:00",
    "calendarYear": "1993",
    "period": "FY",
    "revenue": 348700000,
    "costOfRevenue": 222100000,
    "grossProfit": 126600000,
    "grossProfitRatio": 0.3630628047,
    "researchAndDevelopmentExpenses": 0,
    "generalAndAdministrativeExpenses": 0,
    "sellingAndMarketingExpenses": 0,
    "sellingGeneralAndAdministrativeExpenses": 63500000,
    "otherExpenses": 22000000,
    "operatingExpenses": 85500000,
    "costAndExpenses": 307600000,
    "interestIncome": 0,
    "interestExpense": 0,
    "depreciationAndAmortization": 22000000,
    "ebitda": 63100000,
    "ebitdaratio": 0.1809578434,
    "operatingIncome": 41100000,
    "operatingIncomeRatio": 0.1178663608,
    "totalOtherIncomeExpensesNet": -4300000,
    "incomeBeforeTax": 36800000,
    "incomeBeforeTaxRatio": 0.1055348437,
    "incomeTaxExpense": 14300000,
    "netIncome": 23500000,
    "netIncomeRatio": 0.0673931746,
    "eps": 0.37,
    "epsdiluted": 0.37,
    "weightedAverageShsOut": 63513514,
    "weightedAverageShsOutDil": 63945578,
    "link": null,
    "finalLink": null
  },
  {
    "date": "1992-12-31",
    "symbol": "WST",
    "reportedCurrency": "USD",
    "cik": "0000105770",
    "fillingDate": "1992-12-31",
    "acceptedDate": "1992-12-31 00:00:00",
    "calendarYear": "1992",
    "period": "FY",
    "revenue": 338200000,
    "costOfRevenue": 217800000,
    "grossProfit": 120400000,
    "grossProfitRatio": 0.3560023655,
    "researchAndDevelopmentExpenses": 0,
    "generalAndAdministrativeExpenses": 0,
    "sellingAndMarketingExpenses": 0,
    "sellingGeneralAndAdministrativeExpenses": 57100000,
    "otherExpenses": 23600000,
    "operatingExpenses": 80700000,
    "costAndExpenses": 298500000,
    "interestIncome": 0,
    "interestExpense": 0,
    "depreciationAndAmortization": 23600000,
    "ebitda": 63300000,
    "ebitdaratio": 0.1871673566,
    "operatingIncome": 39700000,
    "operatingIncomeRatio": 0.117386162,
    "totalOtherIncomeExpensesNet": -5700000,
    "incomeBeforeTax": 34000000,
    "incomeBeforeTaxRatio": 0.1005322295,
    "incomeTaxExpense": 14300000,
    "netIncome": 19700000,
    "netIncomeRatio": 0.0582495565,
    "eps": 0.32,
    "epsdiluted": 0.31,
    "weightedAverageShsOut": 62539683,
    "weightedAverageShsOutDil": 63040000,
    "link": null,
    "finalLink": null
  },
  {
    "date": "1991-12-31",
    "symbol": "WST",
    "reportedCurrency": "USD",
    "cik": "0000105770",
    "fillingDate": "1991-12-31",
    "acceptedDate": "1991-12-31 00:00:00",
    "calendarYear": "1991",
    "period": "FY",
    "revenue": 329600000,
    "costOfRevenue": 221400000,
    "grossProfit": 108200000,
    "grossProfitRatio": 0.328276699,
    "researchAndDevelopmentExpenses": 0,
    "generalAndAdministrativeExpenses": 0,
    "sellingAndMarketingExpenses": 0,
    "sellingGeneralAndAdministrativeExpenses": 85000000,
    "otherExpenses": 24500000,
    "operatingExpenses": 109500000,
    "costAndExpenses": 330900000,
    "interestIncome": 0,
    "interestExpense": 0,
    "depreciationAndAmortization": 24500000,
    "ebitda": 23200000,
    "ebitdaratio": 0.0703883495,
    "operatingIncome": -1300000,
    "operatingIncomeRatio": -0.0039441748,
    "totalOtherIncomeExpensesNet": -2500000,
    "incomeBeforeTax": -3800000,
    "incomeBeforeTaxRatio": -0.0115291262,
    "incomeTaxExpense": 4700000,
    "netIncome": -8500000,
    "netIncomeRatio": -0.025788835,
    "eps": -0.14,
    "epsdiluted": -0.14,
    "weightedAverageShsOut": 61818182,
    "weightedAverageShsOutDil": 61818182,
    "link": null,
    "finalLink": null
  },
  {
    "date": "1990-12-31",
    "symbol": "WST",
    "reportedCurrency": "USD",
    "cik": "0000105770",
    "fillingDate": "1990-12-31",
    "acceptedDate": "1990-12-31 00:00:00",
    "calendarYear": "1990",
    "period": "FY",
    "revenue": 323200000,
    "costOfRevenue": 221500000,
    "grossProfit": 101700000,
    "grossProfitRatio": 0.3146658416,
    "researchAndDevelopmentExpenses": 0,
    "generalAndAdministrativeExpenses": 0,
    "sellingAndMarketingExpenses": 0,
    "sellingGeneralAndAdministrativeExpenses": 57800000,
    "otherExpenses": 22700000,
    "operatingExpenses": 80500000,
    "costAndExpenses": 302000000,
    "interestIncome": 0,
    "interestExpense": 0,
    "depreciationAndAmortization": 22700000,
    "ebitda": 43900000,
    "ebitdaratio": 0.1358292079,
    "operatingIncome": 21200000,
    "operatingIncomeRatio": 0.0655940594,
    "totalOtherIncomeExpensesNet": -10500000,
    "incomeBeforeTax": 10700000,
    "incomeBeforeTaxRatio": 0.0331064356,
    "incomeTaxExpense": 6400000,
    "netIncome": 4300000,
    "netIncomeRatio": 0.0133044554,
    "eps": 0.0675,
    "epsdiluted": 0.0675,
    "weightedAverageShsOut": 63703704,
    "weightedAverageShsOutDil": 63703704,
    "link": null,
    "finalLink": null
  },
  {
    "date": "1989-12-31",
    "symbol": "WST",
    "reportedCurrency": "USD",
    "cik": "0000105770",
    "fillingDate": "1989-12-31",
    "acceptedDate": "1989-12-31 00:00:00",
    "calendarYear": "1989",
    "period": "FY",
    "revenue": 308700000,
    "costOfRevenue": 206700000,
    "grossProfit": 102000000,
    "grossProfitRatio": 0.3304178814,
    "researchAndDevelopmentExpenses": 0,
    "generalAndAdministrativeExpenses": 0,
    "sellingAndMarketingExpenses": 0,
    "sellingGeneralAndAdministrativeExpenses": 45600000,
    "otherExpenses": 20300000,
    "operatingExpenses": 65900000,
    "costAndExpenses": 272600000,
    "interestIncome": 0,
    "interestExpense": 0,
    "depreciationAndAmortization": 20300000,
    "ebitda": 56400000,
    "ebitdaratio": 0.1827016521,
    "operatingIncome": 36100000,
    "operatingIncomeRatio": 0.1169420149,
    "totalOtherIncomeExpensesNet": -2200000,
    "incomeBeforeTax": 33900000,
    "incomeBeforeTaxRatio": 0.1098153547,
    "incomeTaxExpense": 13200000,
    "netIncome": 20700000,
    "netIncomeRatio": 0.0670553936,
    "eps": 0.32,
    "epsdiluted": 0.32,
    "weightedAverageShsOut": 64687500,
    "weightedAverageShsOutDil": 65196850,
    "link": null,
    "finalLink": null
  },
  {
    "date": "1988-12-31",
    "symbol": "WST",
    "reportedCurrency": "USD",
    "cik": "0000105770",
    "fillingDate": "1988-12-31",
    "acceptedDate": "1988-12-31 00:00:00",
    "calendarYear": "1988",
    "period": "FY",
    "revenue": 288200000,
    "costOfRevenue": 197400000,
    "grossProfit": 90800000,
    "grossProfitRatio": 0.3150589868,
    "researchAndDevelopmentExpenses": 0,
    "generalAndAdministrativeExpenses": 0,
    "sellingAndMarketingExpenses": 0,
    "sellingGeneralAndAdministrativeExpenses": 41500000,
    "otherExpenses": 18900000,
    "operatingExpenses": 60400000,
    "costAndExpenses": 257800000,
    "interestIncome": 0,
    "interestExpense": 0,
    "depreciationAndAmortization": 18900000,
    "ebitda": 49300000,
    "ebitdaratio": 0.1710617627,
    "operatingIncome": 30400000,
    "operatingIncomeRatio": 0.105482304,
    "totalOtherIncomeExpensesNet": -2900000,
    "incomeBeforeTax": 27500000,
    "incomeBeforeTaxRatio": 0.0954198473,
    "incomeTaxExpense": 10100000,
    "netIncome": 17400000,
    "netIncomeRatio": 0.0603747398,
    "eps": 0.27,
    "epsdiluted": 0.27,
    "weightedAverageShsOut": 65046729,
    "weightedAverageShsOutDil": 65046729,
    "link": null,
    "finalLink": null
  },
  {
    "date": "1987-12-31",
    "symbol": "WST",
    "reportedCurrency": "USD",
    "cik": "0000105770",
    "fillingDate": "1987-12-31",
    "acceptedDate": "1987-12-31 00:00:00",
    "calendarYear": "1987",
    "period": "FY",
    "revenue": 253300000,
    "costOfRevenue": 174400000,
    "grossProfit": 78900000,
    "grossProfitRatio": 0.3114883537,
    "researchAndDevelopmentExpenses": 0,
    "generalAndAdministrativeExpenses": 0,
    "sellingAndMarketingExpenses": 0,
    "sellingGeneralAndAdministrativeExpenses": 32200000,
    "otherExpenses": 16800000,
    "operatingExpenses": 49000000,
    "costAndExpenses": 223400000,
    "interestIncome": 0,
    "interestExpense": 0,
    "depreciationAndAmortization": 16800000,
    "ebitda": 46700000,
    "ebitdaratio": 0.184366364,
    "operatingIncome": 29900000,
    "operatingIncomeRatio": 0.1180418476,
    "totalOtherIncomeExpensesNet": -6700000,
    "incomeBeforeTax": 23200000,
    "incomeBeforeTaxRatio": 0.0915909988,
    "incomeTaxExpense": 9500000,
    "netIncome": 13700000,
    "netIncomeRatio": 0.054086064,
    "eps": 0.21,
    "epsdiluted": 0.21,
    "weightedAverageShsOut": 64470588,
    "weightedAverageShsOutDil": 64470588,
    "link": null,
    "finalLink": null
  },
  {
    "date": "1986-12-31",
    "symbol": "WST",
    "reportedCurrency": "USD",
    "cik": "0000105770",
    "fillingDate": "1986-12-31",
    "acceptedDate": "1986-12-31 00:00:00",
    "calendarYear": "1986",
    "period": "FY",
    "revenue": 235600000,
    "costOfRevenue": 160200000,
    "grossProfit": 75400000,
    "grossProfitRatio": 0.3200339559,
    "researchAndDevelopmentExpenses": 0,
    "generalAndAdministrativeExpenses": 0,
    "sellingAndMarketingExpenses": 0,
    "sellingGeneralAndAdministrativeExpenses": 29900000,
    "otherExpenses": 14700000,
    "operatingExpenses": 44600000,
    "costAndExpenses": 204800000,
    "interestIncome": 0,
    "interestExpense": 0,
    "depreciationAndAmortization": 14700000,
    "ebitda": 45500000,
    "ebitdaratio": 0.1931239389,
    "operatingIncome": 30800000,
    "operatingIncomeRatio": 0.1307300509,
    "totalOtherIncomeExpensesNet": -600000,
    "incomeBeforeTax": 30200000,
    "incomeBeforeTaxRatio": 0.1281833616,
    "incomeTaxExpense": 13200000,
    "netIncome": 17000000,
    "netIncomeRatio": 0.0721561969,
    "eps": 0.27,
    "epsdiluted": 0.27,
    "weightedAverageShsOut": 64150943,
    "weightedAverageShsOutDil": 64150943,
    "link": null,
    "finalLink": null
  },
  {
    "date": "1985-12-31",
    "symbol": "WST",
    "reportedCurrency": "USD",
    "cik": "0000105770",
    "fillingDate": "1985-12-31",
    "acceptedDate": "1985-12-31 00:00:00",
    "calendarYear": "1985",
    "period": "FY",
    "revenue": 190100000,
    "costOfRevenue": 128000000,
    "grossProfit": 62100000,
    "grossProfitRatio": 0.3266701736,
    "researchAndDevelopmentExpenses": 0,
    "generalAndAdministrativeExpenses": 0,
    "sellingAndMarketingExpenses": 0,
    "sellingGeneralAndAdministrativeExpenses": 26600000,
    "otherExpenses": 12000000,
    "operatingExpenses": 38600000,
    "costAndExpenses": 166600000,
    "interestIncome": 0,
    "interestExpense": 0,
    "depreciationAndAmortization": 12000000,
    "ebitda": 35500000,
    "ebitdaratio": 0.186743819,
    "operatingIncome": 23500000,
    "operatingIncomeRatio": 0.1236191478,
    "totalOtherIncomeExpensesNet": 1900000,
    "incomeBeforeTax": 25400000,
    "incomeBeforeTaxRatio": 0.1336138874,
    "incomeTaxExpense": 10400000,
    "netIncome": 15000000,
    "netIncomeRatio": 0.078905839,
    "eps": 0.24,
    "epsdiluted": 0.24,
    "weightedAverageShsOut": 63157895,
    "weightedAverageShsOutDil": 63157895,
    "link": null,
    "finalLink": null
  }
]