[
  {
    "date": "2025-06-30",
    "symbol": "WTW",
    "reportedCurrency": "USD",
    "cik": "0001140536",
    "fillingDate": "2025-08-01",
    "acceptedDate": "2025-08-01 15:18:15",
    "calendarYear": "2025",
    "period": "Q2",
    "revenue": 2261000000,
    "costOfRevenue": 1449000000,
    "grossProfit": 812000000,
    "grossProfitRatio": 0.3591331269,
    "researchAndDevelopmentExpenses": 0,
    "generalAndAdministrativeExpenses": 0,
    "sellingAndMarketingExpenses": 0,
    "sellingGeneralAndAdministrativeExpenses": 0,
    "otherExpenses": 444000000,
    "operatingExpenses": 444000000,
    "costAndExpenses": 1893000000,
    "interestIncome": 0,
    "interestExpense": 64000000,
    "depreciationAndAmortization": 106000000,
    "ebitda": 486000000,
    "ebitdaratio": 0.2149491375,
    "operatingIncome": 368000000,
    "operatingIncomeRatio": 0.1627598408,
    "totalOtherIncomeExpensesNet": -16000000,
    "incomeBeforeTax": 352000000,
    "incomeBeforeTaxRatio": 0.155683326,
    "incomeTaxExpense": 21000000,
    "netIncome": 331000000,
    "netIncomeRatio": 0.1463954003,
    "eps": 3.34,
    "epsdiluted": 3.31,
    "weightedAverageShsOut": 100000000,
    "weightedAverageShsOutDil": 100000000,
    "link": "https://www.sec.gov/Archives/edgar/data/1140536/000095017025101355/0000950170-25-101355-index.htm",
    "finalLink": "https://www.sec.gov/Archives/edgar/data/1140536/000095017025101355/wtw-20250630.htm"
  },
  {
    "date": "2025-03-31",
    "symbol": "WTW",
    "reportedCurrency": "USD",
    "cik": "0001140536",
    "fillingDate": "2025-04-24",
    "acceptedDate": "2025-04-24 11:02:21",
    "calendarYear": "2025",
    "period": "Q1",
    "revenue": 2223000000,
    "costOfRevenue": 1324000000,
    "grossProfit": 899000000,
    "grossProfitRatio": 0.404408457,
    "researchAndDevelopmentExpenses": 0,
    "generalAndAdministrativeExpenses": 0,
    "sellingAndMarketingExpenses": 0,
    "sellingGeneralAndAdministrativeExpenses": 0,
    "otherExpenses": 467000000,
    "operatingExpenses": 467000000,
    "costAndExpenses": 1791000000,
    "interestIncome": 0,
    "interestExpense": 65000000,
    "depreciationAndAmortization": 102000000,
    "ebitda": 470000000,
    "ebitdaratio": 0.2114260009,
    "operatingIncome": 432000000,
    "operatingIncomeRatio": 0.1943319838,
    "totalOtherIncomeExpensesNet": -129000000,
    "incomeBeforeTax": 303000000,
    "incomeBeforeTaxRatio": 0.1363022942,
    "incomeTaxExpense": 65000000,
    "netIncome": 235000000,
    "netIncomeRatio": 0.1057130004,
    "eps": 2.35,
    "epsdiluted": 2.33,
    "weightedAverageShsOut": 100000000,
    "weightedAverageShsOutDil": 101000000,
    "link": "https://www.sec.gov/Archives/edgar/data/1140536/000095017025057769/0000950170-25-057769-index.htm",
    "finalLink": "https://www.sec.gov/Archives/edgar/data/1140536/000095017025057769/wtw-20250331.htm"
  },
  {
    "date": "2024-12-31",
    "symbol": "WTW",
    "reportedCurrency": "USD",
    "cik": "0001140536",
    "fillingDate": "2025-02-25",
    "acceptedDate": "2025-02-25 12:58:58",
    "calendarYear": "2024",
    "period": "Q4",
    "revenue": 3035000000,
    "costOfRevenue": 1367000000,
    "grossProfit": 1668000000,
    "grossProfitRatio": 0.5495881384,
    "researchAndDevelopmentExpenses": 0,
    "generalAndAdministrativeExpenses": 8000000,
    "sellingAndMarketingExpenses": 0,
    "sellingGeneralAndAdministrativeExpenses": 16000000,
    "otherExpenses": 751000000,
    "operatingExpenses": 767000000,
    "costAndExpenses": 2134000000,
    "interestIncome": 0,
    "interestExpense": 66000000,
    "depreciationAndAmortization": 104000000,
    "ebitda": 1858000000,
    "ebitdaratio": 0.6121911038,
    "operatingIncome": 901000000,
    "operatingIncomeRatio": 0.2968698517,
    "totalOtherIncomeExpensesNet": 787000000,
    "incomeBeforeTax": 1688000000,
    "incomeBeforeTaxRatio": 0.5561779242,
    "incomeTaxExpense": 440000000,
    "netIncome": 1246000000,
    "netIncomeRatio": 0.4105436573,
    "eps": 12.34,
    "epsdiluted": 12.22,
    "weightedAverageShsOut": 101000000,
    "weightedAverageShsOutDil": 102000000,
    "link": "https://www.sec.gov/Archives/edgar/data/1140536/000095017025026278/0000950170-25-026278-index.htm",
    "finalLink": "https://www.sec.gov/Archives/edgar/data/1140536/000095017025026278/wtw-20241231.htm"
  },
  {
    "date": "2024-09-30",
    "symbol": "WTW",
    "reportedCurrency": "USD",
    "cik": "0001140536",
    "fillingDate": "2024-10-31",
    "acceptedDate": "2024-10-31 13:13:46",
    "calendarYear": "2024",
    "period": "Q3",
    "revenue": 2289000000,
    "costOfRevenue": 1396000000,
    "grossProfit": 893000000,
    "grossProfitRatio": 0.3901266929,
    "researchAndDevelopmentExpenses": 0,
    "generalAndAdministrativeExpenses": 29000000,
    "sellingAndMarketingExpenses": 0,
    "sellingGeneralAndAdministrativeExpenses": 29000000,
    "otherExpenses": 1630000000,
    "operatingExpenses": 1659000000,
    "costAndExpenses": 3055000000,
    "interestIncome": 0,
    "interestExpense": 65000000,
    "depreciationAndAmortization": 116000000,
    "ebitda": 470000000,
    "ebitdaratio": 0.2053298384,
    "operatingIncome": -766000000,
    "operatingIncomeRatio": -0.3346439493,
    "totalOtherIncomeExpensesNet": -1228000000,
    "incomeBeforeTax": -1994000000,
    "incomeBeforeTaxRatio": -0.871122761,
    "incomeTaxExpense": -322000000,
    "netIncome": -1675000000,
    "netIncomeRatio": -0.7317605941,
    "eps": -16.42,
    "epsdiluted": -16.42,
    "weightedAverageShsOut": 102000000,
    "weightedAverageShsOutDil": 102000000,
    "link": "https://www.sec.gov/Archives/edgar/data/1140536/000095017024119420/0000950170-24-119420-index.htm",
    "finalLink": "https://www.sec.gov/Archives/edgar/data/1140536/000095017024119420/wtw-20240930.htm"
  },
  {
    "date": "2024-06-30",
    "symbol": "WTW",
    "reportedCurrency": "USD",
    "cik": "0001140536",
    "fillingDate": "2024-07-25",
    "acceptedDate": "2024-07-25 13:32:23",
    "calendarYear": "2024",
    "period": "Q2",
    "revenue": 2266000000,
    "costOfRevenue": 556000000,
    "grossProfit": 889000000,
    "grossProfitRatio": 0.392321271,
    "researchAndDevelopmentExpenses": 0,
    "generalAndAdministrativeExpenses": -21000000,
    "sellingAndMarketingExpenses": 0,
    "sellingGeneralAndAdministrativeExpenses": -21000000,
    "otherExpenses": 698000000,
    "operatingExpenses": 677000000,
    "costAndExpenses": 2053000000,
    "interestIncome": 0,
    "interestExpense": 68000000,
    "depreciationAndAmortization": 117000000,
    "ebitda": 420000000,
    "ebitdaratio": 0.185348632,
    "operatingIncome": 212000000,
    "operatingIncomeRatio": 0.0935569285,
    "totalOtherIncomeExpensesNet": -44000000,
    "incomeBeforeTax": 168000000,
    "incomeBeforeTaxRatio": 0.0741394528,
    "incomeTaxExpense": 26000000,
    "netIncome": 141000000,
    "netIncomeRatio": 0.0622241836,
    "eps": 1.37,
    "epsdiluted": 1.36,
    "weightedAverageShsOut": 103000000,
    "weightedAverageShsOutDil": 103000000,
    "link": "https://www.sec.gov/Archives/edgar/data/1140536/000095017024086379/0000950170-24-086379-index.htm",
    "finalLink": "https://www.sec.gov/Archives/edgar/data/1140536/000095017024086379/wtw-20240630.htm"
  },
  {
    "date": "2024-03-31",
    "symbol": "WTW",
    "reportedCurrency": "USD",
    "cik": "0001140536",
    "fillingDate": "2024-04-25",
    "acceptedDate": "2024-04-25 14:54:35",
    "calendarYear": "2024",
    "period": "Q1",
    "revenue": 2341000000,
    "costOfRevenue": 576000000,
    "grossProfit": 1765000000,
    "grossProfitRatio": 0.7539513029,
    "researchAndDevelopmentExpenses": 0,
    "generalAndAdministrativeExpenses": 0,
    "sellingAndMarketingExpenses": 0,
    "sellingGeneralAndAdministrativeExpenses": 56000000,
    "otherExpenses": 663000000,
    "operatingExpenses": 719000000,
    "costAndExpenses": 2061000000,
    "interestIncome": 0,
    "interestExpense": 64000000,
    "depreciationAndAmortization": 119000000,
    "ebitda": 542000000,
    "ebitdaratio": 0.2315249893,
    "operatingIncome": 280000000,
    "operatingIncomeRatio": 0.1196070056,
    "totalOtherIncomeExpensesNet": -38000000,
    "incomeBeforeTax": 242000000,
    "incomeBeforeTaxRatio": 0.1033746262,
    "incomeTaxExpense": 48000000,
    "netIncome": 190000000,
    "netIncomeRatio": 0.0811618966,
    "eps": 1.84,
    "epsdiluted": 1.83,
    "weightedAverageShsOut": 103000000,
    "weightedAverageShsOutDil": 104000000,
    "link": "https://www.sec.gov/Archives/edgar/data/1140536/000095017024048159/0000950170-24-048159-index.htm",
    "finalLink": "https://www.sec.gov/Archives/edgar/data/1140536/000095017024048159/wtw-20240331.htm"
  },
  {
    "date": "2023-12-31",
    "symbol": "WTW",
    "reportedCurrency": "USD",
    "cik": "0001140536",
    "fillingDate": "2024-02-22",
    "acceptedDate": "2024-02-22 12:52:57",
    "calendarYear": "2023",
    "period": "Q4",
    "revenue": 2914000000,
    "costOfRevenue": 533000000,
    "grossProfit": 2381000000,
    "grossProfitRatio": 0.8170899108,
    "researchAndDevelopmentExpenses": 0,
    "generalAndAdministrativeExpenses": 54000000,
    "sellingAndMarketingExpenses": -12000000,
    "sellingGeneralAndAdministrativeExpenses": 42000000,
    "otherExpenses": 1560000000,
    "operatingExpenses": 1602000000,
    "costAndExpenses": 2135000000,
    "interestIncome": 0,
    "interestExpense": 63000000,
    "depreciationAndAmortization": 118000000,
    "ebitda": 1065000000,
    "ebitdaratio": 0.3654770075,
    "operatingIncome": 779000000,
    "operatingIncomeRatio": 0.2673301304,
    "totalOtherIncomeExpensesNet": -40000000,
    "incomeBeforeTax": 739000000,
    "incomeBeforeTaxRatio": 0.2536032944,
    "incomeTaxExpense": -116000000,
    "netIncome": 622000000,
    "netIncomeRatio": 0.2134522992,
    "eps": 6.02,
    "epsdiluted": 5.98,
    "weightedAverageShsOut": 103000000,
    "weightedAverageShsOutDil": 104000000,
    "link": "https://www.sec.gov/Archives/edgar/data/1140536/000095017024018575/0000950170-24-018575-index.htm",
    "finalLink": "https://www.sec.gov/Archives/edgar/data/1140536/000095017024018575/wtw-20231231.htm"
  },
  {
    "date": "2023-09-30",
    "symbol": "WTW",
    "reportedCurrency": "USD",
    "cik": "0001140536",
    "fillingDate": "2023-10-26",
    "acceptedDate": "2023-10-26 12:42:18",
    "calendarYear": "2023",
    "period": "Q3",
    "revenue": 2166000000,
    "costOfRevenue": 396000000,
    "grossProfit": 1770000000,
    "grossProfitRatio": 0.8171745152,
    "researchAndDevelopmentExpenses": 0,
    "generalAndAdministrativeExpenses": -29000000,
    "sellingAndMarketingExpenses": 0,
    "sellingGeneralAndAdministrativeExpenses": -29000000,
    "otherExpenses": 1640000000,
    "operatingExpenses": 1611000000,
    "costAndExpenses": 2007000000,
    "interestIncome": 0,
    "interestExpense": 61000000,
    "depreciationAndAmortization": 122000000,
    "ebitda": 398000000,
    "ebitdaratio": 0.1837488458,
    "operatingIncome": 159000000,
    "operatingIncomeRatio": 0.0734072022,
    "totalOtherIncomeExpensesNet": 5000000,
    "incomeBeforeTax": 164000000,
    "incomeBeforeTaxRatio": 0.0757156048,
    "incomeTaxExpense": -25000000,
    "netIncome": 136000000,
    "netIncomeRatio": 0.0627885503,
    "eps": 1.3,
    "epsdiluted": 1.29,
    "weightedAverageShsOut": 105000000,
    "weightedAverageShsOutDil": 105000000,
    "link": "https://www.sec.gov/Archives/edgar/data/1140536/000095017023055453/0000950170-23-055453-index.htm",
    "finalLink": "https://www.sec.gov/Archives/edgar/data/1140536/000095017023055453/wtw-20230930.htm"
  },
  {
    "date": "2023-06-30",
    "symbol": "WTW",
    "reportedCurrency": "USD",
    "cik": "0001140536",
    "fillingDate": "2023-07-27",
    "acceptedDate": "2023-07-27 14:01:31",
    "calendarYear": "2023",
    "period": "Q2",
    "revenue": 2159000000,
    "costOfRevenue": 1440000000,
    "grossProfit": 719000000,
    "grossProfitRatio": 0.3330245484,
    "researchAndDevelopmentExpenses": 0,
    "generalAndAdministrativeExpenses": -25000000,
    "sellingAndMarketingExpenses": 0,
    "sellingGeneralAndAdministrativeExpenses": -25000000,
    "otherExpenses": 35000000,
    "operatingExpenses": 567000000,
    "costAndExpenses": 2007000000,
    "interestIncome": 0,
    "interestExpense": 57000000,
    "depreciationAndAmortization": 134000000,
    "ebitda": 404000000,
    "ebitdaratio": 0.1871236684,
    "operatingIncome": 142000000,
    "operatingIncomeRatio": 0.0657711904,
    "totalOtherIncomeExpensesNet": -22000000,
    "incomeBeforeTax": 120000000,
    "incomeBeforeTaxRatio": 0.0555812876,
    "incomeTaxExpense": 24000000,
    "netIncome": 94000000,
    "netIncomeRatio": 0.0435386753,
    "eps": 0.88,
    "epsdiluted": 0.88,
    "weightedAverageShsOut": 107000000,
    "weightedAverageShsOutDil": 107000000,
    "link": "https://www.sec.gov/Archives/edgar/data/1140536/000095017023035063/0000950170-23-035063-index.htm",
    "finalLink": "https://www.sec.gov/Archives/edgar/data/1140536/000095017023035063/wtw-20230630.htm"
  },
  {
    "date": "2023-03-31",
    "symbol": "WTW",
    "reportedCurrency": "USD",
    "cik": "0001140536",
    "fillingDate": "2023-04-27",
    "acceptedDate": "2023-04-27 16:27:22",
    "calendarYear": "2023",
    "period": "Q1",
    "revenue": 2244000000,
    "costOfRevenue": 1313000000,
    "grossProfit": 931000000,
    "grossProfitRatio": 0.4148841355,
    "researchAndDevelopmentExpenses": 0,
    "generalAndAdministrativeExpenses": 0,
    "sellingAndMarketingExpenses": 0,
    "sellingGeneralAndAdministrativeExpenses": 0,
    "otherExpenses": 646000000,
    "operatingExpenses": 646000000,
    "costAndExpenses": 1959000000,
    "interestIncome": 0,
    "interestExpense": 54000000,
    "depreciationAndAmortization": 131000000,
    "ebitda": 441000000,
    "ebitdaratio": 0.1965240642,
    "operatingIncome": 285000000,
    "operatingIncomeRatio": 0.1270053476,
    "totalOtherIncomeExpensesNet": -29000000,
    "incomeBeforeTax": 256000000,
    "incomeBeforeTaxRatio": 0.1140819964,
    "incomeTaxExpense": 50000000,
    "netIncome": 203000000,
    "netIncomeRatio": 0.0904634581,
    "eps": 1.9,
    "epsdiluted": 1.88,
    "weightedAverageShsOut": 107000000,
    "weightedAverageShsOutDil": 108000000,
    "link": "https://www.sec.gov/Archives/edgar/data/1140536/000095017023015309/0000950170-23-015309-index.htm",
    "finalLink": "https://www.sec.gov/Archives/edgar/data/1140536/000095017023015309/wtw-20230331.htm"
  },
  {
    "date": "2022-12-31",
    "symbol": "WTW",
    "reportedCurrency": "USD",
    "cik": "0001140536",
    "fillingDate": "2023-02-24",
    "acceptedDate": "2023-02-24 12:14:32",
    "calendarYear": "2022",
    "period": "Q4",
    "revenue": 2722000000,
    "costOfRevenue": 1336000000,
    "grossProfit": 1386000000,
    "grossProfitRatio": 0.5091844232,
    "researchAndDevelopmentExpenses": 0,
    "generalAndAdministrativeExpenses": 0,
    "sellingAndMarketingExpenses": 0,
    "sellingGeneralAndAdministrativeExpenses": 45000000,
    "otherExpenses": 650000000,
    "operatingExpenses": 650000000,
    "costAndExpenses": 1986000000,
    "interestIncome": 0,
    "interestExpense": 54000000,
    "depreciationAndAmortization": 137000000,
    "ebitda": 1007000000,
    "ebitdaratio": 0.3699485672,
    "operatingIncome": 708000000,
    "operatingIncomeRatio": 0.2601028655,
    "totalOtherIncomeExpensesNet": 29000000,
    "incomeBeforeTax": 737000000,
    "incomeBeforeTaxRatio": 0.2707567965,
    "incomeTaxExpense": 131000000,
    "netIncome": 588000000,
    "netIncomeRatio": 0.2160176341,
    "eps": 5.42,
    "epsdiluted": 5.4,
    "weightedAverageShsOut": 108000000,
    "weightedAverageShsOutDil": 109000000,
    "link": "https://www.sec.gov/Archives/edgar/data/1140536/000095017023004303/0000950170-23-004303-index.htm",
    "finalLink": "https://www.sec.gov/Archives/edgar/data/1140536/000095017023004303/wtw-20221231.htm"
  },
  {
    "date": "2022-09-30",
    "symbol": "WTW",
    "reportedCurrency": "USD",
    "cik": "0001140536",
    "fillingDate": "2022-10-27",
    "acceptedDate": "2022-10-27 17:07:02",
    "calendarYear": "2022",
    "period": "Q3",
    "revenue": 1953000000,
    "costOfRevenue": 1799000000,
    "grossProfit": 154000000,
    "grossProfitRatio": 0.0788530466,
    "researchAndDevelopmentExpenses": 0,
    "generalAndAdministrativeExpenses": -64000000,
    "sellingAndMarketingExpenses": 110000000,
    "sellingGeneralAndAdministrativeExpenses": 46000000,
    "otherExpenses": 515000000,
    "operatingExpenses": 515000000,
    "costAndExpenses": 1799000000,
    "interestIncome": 0,
    "interestExpense": 54000000,
    "depreciationAndAmortization": 131000000,
    "ebitda": 408000000,
    "ebitdaratio": 0.2089093702,
    "operatingIncome": 219000000,
    "operatingIncomeRatio": 0.1121351767,
    "totalOtherIncomeExpensesNet": 31000000,
    "incomeBeforeTax": 185000000,
    "incomeBeforeTaxRatio": 0.0947260625,
    "incomeTaxExpense": 1000000,
    "netIncome": 190000000,
    "netIncomeRatio": 0.0972862263,
    "eps": 1.73,
    "epsdiluted": 1.71,
    "weightedAverageShsOut": 110000000,
    "weightedAverageShsOutDil": 111000000,
    "link": "https://www.sec.gov/Archives/edgar/data/1140536/000095017022020347/0000950170-22-020347-index.htm",
    "finalLink": "https://www.sec.gov/Archives/edgar/data/1140536/000095017022020347/wtw-20220930.htm"
  },
  {
    "date": "2022-06-30",
    "symbol": "WTW",
    "reportedCurrency": "USD",
    "cik": "0001140536",
    "fillingDate": "2022-07-28",
    "acceptedDate": "2022-07-28 13:46:25",
    "calendarYear": "2022",
    "period": "Q2",
    "revenue": 2031000000,
    "costOfRevenue": 1894000000,
    "grossProfit": 137000000,
    "grossProfitRatio": 0.0674544559,
    "researchAndDevelopmentExpenses": 0,
    "generalAndAdministrativeExpenses": 0,
    "sellingAndMarketingExpenses": 0,
    "sellingGeneralAndAdministrativeExpenses": 72000000,
    "otherExpenses": 541000000,
    "operatingExpenses": 541000000,
    "costAndExpenses": 1894000000,
    "interestIncome": 0,
    "interestExpense": 51000000,
    "depreciationAndAmortization": 148000000,
    "ebitda": 448000000,
    "ebitdaratio": 0.2205809946,
    "operatingIncome": 209000000,
    "operatingIncomeRatio": 0.1029049729,
    "totalOtherIncomeExpensesNet": 42000000,
    "incomeBeforeTax": 179000000,
    "incomeBeforeTaxRatio": 0.0881339242,
    "incomeTaxExpense": 19000000,
    "netIncome": 160000000,
    "netIncomeRatio": 0.0787789266,
    "eps": 1.43,
    "epsdiluted": 1.43,
    "weightedAverageShsOut": 112000000,
    "weightedAverageShsOutDil": 112000000,
    "link": "https://www.sec.gov/Archives/edgar/data/1140536/000095017022013342/0000950170-22-013342-index.htm",
    "finalLink": "https://www.sec.gov/Archives/edgar/data/1140536/000095017022013342/wtw-20220630.htm"
  },
  {
    "date": "2022-03-31",
    "symbol": "WTW",
    "reportedCurrency": "USD",
    "cik": "0001140536",
    "fillingDate": "2022-04-28",
    "acceptedDate": "2022-04-28 16:17:26",
    "calendarYear": "2022",
    "period": "Q1",
    "revenue": 2160000000,
    "costOfRevenue": 1981000000,
    "grossProfit": 179000000,
    "grossProfitRatio": 0.0828703704,
    "researchAndDevelopmentExpenses": 0,
    "generalAndAdministrativeExpenses": 0,
    "sellingAndMarketingExpenses": 0,
    "sellingGeneralAndAdministrativeExpenses": 57000000,
    "otherExpenses": 637000000,
    "operatingExpenses": 637000000,
    "costAndExpenses": 1981000000,
    "interestIncome": 0,
    "interestExpense": 49000000,
    "depreciationAndAmortization": 151000000,
    "ebitda": 427000000,
    "ebitdaratio": 0.1976851852,
    "operatingIncome": 254000000,
    "operatingIncomeRatio": 0.1175925926,
    "totalOtherIncomeExpensesNet": -22000000,
    "incomeBeforeTax": 157000000,
    "incomeBeforeTaxRatio": 0.0726851852,
    "incomeTaxExpense": 43000000,
    "netIncome": 122000000,
    "netIncomeRatio": 0.0564814815,
    "eps": 1.03,
    "epsdiluted": 1.03,
    "weightedAverageShsOut": 118000000,
    "weightedAverageShsOutDil": 118000000,
    "link": "https://www.sec.gov/Archives/edgar/data/1140536/000095017022006544/0000950170-22-006544-index.htm",
    "finalLink": "https://www.sec.gov/Archives/edgar/data/1140536/000095017022006544/wtw-20220331.htm"
  },
  {
    "date": "2021-12-31",
    "symbol": "WTW",
    "reportedCurrency": "USD",
    "cik": "0001140536",
    "fillingDate": "2022-02-24",
    "acceptedDate": "2022-02-24 14:54:37",
    "calendarYear": "2021",
    "period": "Q4",
    "revenue": 2706000000,
    "costOfRevenue": 1333000000,
    "grossProfit": 1373000000,
    "grossProfitRatio": 0.507390983,
    "researchAndDevelopmentExpenses": 0,
    "generalAndAdministrativeExpenses": 0,
    "sellingAndMarketingExpenses": 0,
    "sellingGeneralAndAdministrativeExpenses": 52000000,
    "otherExpenses": 84000000,
    "operatingExpenses": 657000000,
    "costAndExpenses": 1990000000,
    "interestIncome": 0,
    "interestExpense": 50000000,
    "depreciationAndAmortization": 153000000,
    "ebitda": 976000000,
    "ebitdaratio": 0.3606799704,
    "operatingIncome": 690000000,
    "operatingIncomeRatio": 0.2549889135,
    "totalOtherIncomeExpensesNet": 34000000,
    "incomeBeforeTax": 724000000,
    "incomeBeforeTaxRatio": 0.2675535846,
    "incomeTaxExpense": 150000000,
    "netIncome": 2402000000,
    "netIncomeRatio": 0.8876570584,
    "eps": 19.23,
    "epsdiluted": 19.19,
    "weightedAverageShsOut": 125000000,
    "weightedAverageShsOutDil": 125000000,
    "link": "https://www.sec.gov/Archives/edgar/data/1140536/000095017022001932/0000950170-22-001932-index.htm",
    "finalLink": "https://www.sec.gov/Archives/edgar/data/1140536/000095017022001932/wtw-20211231.htm"
  },
  {
    "date": "2021-09-30",
    "symbol": "WTW",
    "reportedCurrency": "USD",
    "cik": "0001140536",
    "fillingDate": "2021-10-28",
    "acceptedDate": "2021-10-28 16:01:23",
    "calendarYear": "2021",
    "period": "Q3",
    "revenue": 1973000000,
    "costOfRevenue": 842000000,
    "grossProfit": 1131000000,
    "grossProfitRatio": 0.5732387228,
    "researchAndDevelopmentExpenses": 0,
    "generalAndAdministrativeExpenses": 0,
    "sellingAndMarketingExpenses": 0,
    "sellingGeneralAndAdministrativeExpenses": 56000000,
    "otherExpenses": 80000000,
    "operatingExpenses": 539000000,
    "costAndExpenses": 842000000,
    "interestIncome": 0,
    "interestExpense": 50000000,
    "depreciationAndAmortization": 154000000,
    "ebitda": 412000000,
    "ebitdaratio": 0.2088190573,
    "operatingIncome": 1131000000,
    "operatingIncomeRatio": 0.5732387228,
    "totalOtherIncomeExpensesNet": 55000000,
    "incomeBeforeTax": 1186000000,
    "incomeBeforeTaxRatio": 0.6011150532,
    "incomeTaxExpense": 267000000,
    "netIncome": 903000000,
    "netIncomeRatio": 0.4576786619,
    "eps": 7.01,
    "epsdiluted": 6.99,
    "weightedAverageShsOut": 129000000,
    "weightedAverageShsOutDil": 129000000,
    "link": "https://www.sec.gov/Archives/edgar/data/1140536/000156459021052630/0001564590-21-052630-index.htm",
    "finalLink": "https://www.sec.gov/Archives/edgar/data/1140536/000156459021052630/wltw-10q_20210930.htm"
  },
  {
    "date": "2021-06-30",
    "symbol": "WTW",
    "reportedCurrency": "USD",
    "cik": "0001140536",
    "fillingDate": "2021-08-04",
    "acceptedDate": "2021-08-04 14:05:03",
    "calendarYear": "2021",
    "period": "Q2",
    "revenue": 2286000000,
    "costOfRevenue": 1458000000,
    "grossProfit": 828000000,
    "grossProfitRatio": 0.3622047244,
    "researchAndDevelopmentExpenses": 0,
    "generalAndAdministrativeExpenses": 0,
    "sellingAndMarketingExpenses": 0,
    "sellingGeneralAndAdministrativeExpenses": 59000000,
    "otherExpenses": 74000000,
    "operatingExpenses": 568000000,
    "costAndExpenses": 2026000000,
    "interestIncome": 0,
    "interestExpense": 52000000,
    "depreciationAndAmortization": 170000000,
    "ebitda": 463000000,
    "ebitdaratio": 0.2025371829,
    "operatingIncome": 260000000,
    "operatingIncomeRatio": 0.113735783,
    "totalOtherIncomeExpensesNet": 22000000,
    "incomeBeforeTax": 282000000,
    "incomeBeforeTaxRatio": 0.1233595801,
    "incomeTaxExpense": 96000000,
    "netIncome": 184000000,
    "netIncomeRatio": 0.0804899388,
    "eps": 1.42,
    "epsdiluted": 1.41,
    "weightedAverageShsOut": 130000000,
    "weightedAverageShsOutDil": 130000000,
    "link": "https://www.sec.gov/Archives/edgar/data/1140536/000156459021040668/0001564590-21-040668-index.htm",
    "finalLink": "https://www.sec.gov/Archives/edgar/data/1140536/000156459021040668/wltw-10q_20210630.htm"
  },
  {
    "date": "2021-03-31",
    "symbol": "WTW",
    "reportedCurrency": "USD",
    "cik": "0001140536",
    "fillingDate": "2021-04-29",
    "acceptedDate": "2021-04-29 14:05:52",
    "calendarYear": "2021",
    "period": "Q1",
    "revenue": 2590000000,
    "costOfRevenue": 2138000000,
    "grossProfit": 452000000,
    "grossProfitRatio": 0.1745173745,
    "researchAndDevelopmentExpenses": 0,
    "generalAndAdministrativeExpenses": 0,
    "sellingAndMarketingExpenses": 0,
    "sellingGeneralAndAdministrativeExpenses": 59000000,
    "otherExpenses": 76000000,
    "operatingExpenses": 591000000,
    "costAndExpenses": 2138000000,
    "interestIncome": 0,
    "interestExpense": 59000000,
    "depreciationAndAmortization": 174000000,
    "ebitda": 485000000,
    "ebitdaratio": 0.1872586873,
    "operatingIncome": 452000000,
    "operatingIncomeRatio": 0.1745173745,
    "totalOtherIncomeExpensesNet": 380000000,
    "incomeBeforeTax": 832000000,
    "incomeBeforeTaxRatio": 0.3212355212,
    "incomeTaxExpense": 96000000,
    "netIncome": 733000000,
    "netIncomeRatio": 0.283011583,
    "eps": 5.64,
    "epsdiluted": 5.63,
    "weightedAverageShsOut": 130000000,
    "weightedAverageShsOutDil": 130000000,
    "link": "https://www.sec.gov/Archives/edgar/data/1140536/000156459021021810/0001564590-21-021810-index.htm",
    "finalLink": "https://www.sec.gov/Archives/edgar/data/1140536/000156459021021810/wltw-10q_20210331.htm"
  },
  {
    "date": "2020-12-31",
    "symbol": "WTW",
    "reportedCurrency": "USD",
    "cik": "0001140536",
    "fillingDate": "2021-02-23",
    "acceptedDate": "2021-02-23 16:22:36",
    "calendarYear": "2020",
    "period": "Q4",
    "revenue": 2764000000,
    "costOfRevenue": 1464000000,
    "grossProfit": 1300000000,
    "grossProfitRatio": 0.4703328509,
    "researchAndDevelopmentExpenses": 0,
    "generalAndAdministrativeExpenses": 0,
    "sellingAndMarketingExpenses": 0,
    "sellingGeneralAndAdministrativeExpenses": 59000000,
    "otherExpenses": 75000000,
    "operatingExpenses": 689000000,
    "costAndExpenses": 2153000000,
    "interestIncome": 0,
    "interestExpense": 60000000,
    "depreciationAndAmortization": 184000000,
    "ebitda": 852000000,
    "ebitdaratio": 0.3082489146,
    "operatingIncome": 587000000,
    "operatingIncomeRatio": 0.2123733719,
    "totalOtherIncomeExpensesNet": 15000000,
    "incomeBeforeTax": 602000000,
    "incomeBeforeTaxRatio": 0.2178002894,
    "incomeTaxExpense": 119000000,
    "netIncome": 476000000,
    "netIncomeRatio": 0.1722141823,
    "eps": 3.67,
    "epsdiluted": 3.66,
    "weightedAverageShsOut": 130000000,
    "weightedAverageShsOutDil": 130000000,
    "link": "https://www.sec.gov/Archives/edgar/data/1140536/000156459021007578/0001564590-21-007578-index.htm",
    "finalLink": "https://www.sec.gov/Archives/edgar/data/1140536/000156459021007578/wltw-10k_20201231.htm"
  },
  {
    "date": "2020-09-30",
    "symbol": "WTW",
    "reportedCurrency": "USD",
    "cik": "0001140536",
    "fillingDate": "2020-10-29",
    "acceptedDate": "2020-10-29 15:03:05",
    "calendarYear": "2020",
    "period": "Q3",
    "revenue": 2009000000,
    "costOfRevenue": 1936000000,
    "grossProfit": 73000000,
    "grossProfitRatio": 0.0363364858,
    "researchAndDevelopmentExpenses": 0,
    "generalAndAdministrativeExpenses": 0,
    "sellingAndMarketingExpenses": 0,
    "sellingGeneralAndAdministrativeExpenses": 60000000,
    "otherExpenses": 74000000,
    "operatingExpenses": 563000000,
    "costAndExpenses": 1936000000,
    "interestIncome": 0,
    "interestExpense": 61000000,
    "depreciationAndAmortization": 181000000,
    "ebitda": 365000000,
    "ebitdaratio": 0.1816824291,
    "operatingIncome": 73000000,
    "operatingIncomeRatio": 0.0363364858,
    "totalOtherIncomeExpensesNet": 95000000,
    "incomeBeforeTax": 168000000,
    "incomeBeforeTaxRatio": 0.0836236934,
    "incomeTaxExpense": 46000000,
    "netIncome": 121000000,
    "netIncomeRatio": 0.0602289696,
    "eps": 0.93,
    "epsdiluted": 0.93,
    "weightedAverageShsOut": 130000000,
    "weightedAverageShsOutDil": 130000000,
    "link": "https://www.sec.gov/Archives/edgar/data/1140536/000156459020048782/0001564590-20-048782-index.htm",
    "finalLink": "https://www.sec.gov/Archives/edgar/data/1140536/000156459020048782/wltw-10q_20200930.htm"
  },
  {
    "date": "2020-06-30",
    "symbol": "WTW",
    "reportedCurrency": "USD",
    "cik": "0001140536",
    "fillingDate": "2020-07-30",
    "acceptedDate": "2020-07-30 18:33:29",
    "calendarYear": "2020",
    "period": "Q2",
    "revenue": 2113000000,
    "costOfRevenue": 1950000000,
    "grossProfit": 163000000,
    "grossProfitRatio": 0.077141505,
    "researchAndDevelopmentExpenses": 0,
    "generalAndAdministrativeExpenses": 0,
    "sellingAndMarketingExpenses": 0,
    "sellingGeneralAndAdministrativeExpenses": 59000000,
    "otherExpenses": 76000000,
    "operatingExpenses": 573000000,
    "costAndExpenses": 1950000000,
    "interestIncome": 0,
    "interestExpense": 62000000,
    "depreciationAndAmortization": 186000000,
    "ebitda": 129000000,
    "ebitdaratio": 0.0610506389,
    "operatingIncome": 163000000,
    "operatingIncomeRatio": 0.077141505,
    "totalOtherIncomeExpensesNet": 14000000,
    "incomeBeforeTax": 177000000,
    "incomeBeforeTaxRatio": 0.0837671557,
    "incomeTaxExpense": 75000000,
    "netIncome": 94000000,
    "netIncomeRatio": 0.0444865121,
    "eps": 0.73,
    "epsdiluted": 0.72,
    "weightedAverageShsOut": 129000000,
    "weightedAverageShsOutDil": 130000000,
    "link": "https://www.sec.gov/Archives/edgar/data/1140536/000156459020034751/0001564590-20-034751-index.htm",
    "finalLink": "https://www.sec.gov/Archives/edgar/data/1140536/000156459020034751/wltw-10q_20200630.htm"
  },
  {
    "date": "2020-03-31",
    "symbol": "WTW",
    "reportedCurrency": "USD",
    "cik": "0001140536",
    "fillingDate": "2020-04-30",
    "acceptedDate": "2020-04-30 13:53:32",
    "calendarYear": "2020",
    "period": "Q1",
    "revenue": 2466000000,
    "costOfRevenue": 2106000000,
    "grossProfit": 360000000,
    "grossProfitRatio": 0.1459854015,
    "researchAndDevelopmentExpenses": 0,
    "generalAndAdministrativeExpenses": 0,
    "sellingAndMarketingExpenses": 0,
    "sellingGeneralAndAdministrativeExpenses": 57000000,
    "otherExpenses": 92000000,
    "operatingExpenses": 703000000,
    "costAndExpenses": 2106000000,
    "interestIncome": 0,
    "interestExpense": 61000000,
    "depreciationAndAmortization": 219000000,
    "ebitda": 576000000,
    "ebitdaratio": 0.2335766423,
    "operatingIncome": 360000000,
    "operatingIncomeRatio": 0.1459854015,
    "totalOtherIncomeExpensesNet": 31000000,
    "incomeBeforeTax": 391000000,
    "incomeBeforeTaxRatio": 0.1585563666,
    "incomeTaxExpense": 78000000,
    "netIncome": 305000000,
    "netIncomeRatio": 0.1236820762,
    "eps": 2.36,
    "epsdiluted": 2.34,
    "weightedAverageShsOut": 130000000,
    "weightedAverageShsOutDil": 130000000,
    "link": "https://www.sec.gov/Archives/edgar/data/1140536/000156459020020090/0001564590-20-020090-index.htm",
    "finalLink": "https://www.sec.gov/Archives/edgar/data/1140536/000156459020020090/wltw-10q_20200331.htm"
  },
  {
    "date": "2019-12-31",
    "symbol": "WTW",
    "reportedCurrency": "USD",
    "cik": "0001140536",
    "fillingDate": "2020-02-26",
    "acceptedDate": "2020-02-26 15:29:51",
    "calendarYear": "2019",
    "period": "Q4",
    "revenue": 2690000000,
    "costOfRevenue": 1341000000,
    "grossProfit": 1349000000,
    "grossProfitRatio": 0.5014869888,
    "researchAndDevelopmentExpenses": 0,
    "generalAndAdministrativeExpenses": 0,
    "sellingAndMarketingExpenses": 0,
    "sellingGeneralAndAdministrativeExpenses": 61000000,
    "otherExpenses": 50000000,
    "operatingExpenses": 662000000,
    "costAndExpenses": 2003000000,
    "interestIncome": 0,
    "interestExpense": 62000000,
    "depreciationAndAmortization": 190000000,
    "ebitda": 894000000,
    "ebitdaratio": 0.3323420074,
    "operatingIncome": 687000000,
    "operatingIncomeRatio": 0.2553903346,
    "totalOtherIncomeExpensesNet": -12000000,
    "incomeBeforeTax": 675000000,
    "incomeBeforeTaxRatio": 0.250929368,
    "incomeTaxExpense": 124000000,
    "netIncome": 544000000,
    "netIncomeRatio": 0.2022304833,
    "eps": 4.2,
    "epsdiluted": 4.18,
    "weightedAverageShsOut": 129000000,
    "weightedAverageShsOutDil": 130000000,
    "link": "https://www.sec.gov/Archives/edgar/data/1140536/000156459020006736/0001564590-20-006736-index.htm",
    "finalLink": "https://www.sec.gov/Archives/edgar/data/1140536/000156459020006736/wltw-10k_20191231.htm"
  },
  {
    "date": "2019-09-30",
    "symbol": "WTW",
    "reportedCurrency": "USD",
    "cik": "0001140536",
    "fillingDate": "2019-11-01",
    "acceptedDate": "2019-11-01 12:18:06",
    "calendarYear": "2019",
    "period": "Q3",
    "revenue": 1989000000,
    "costOfRevenue": 1289000000,
    "grossProfit": 700000000,
    "grossProfitRatio": 0.3519356461,
    "researchAndDevelopmentExpenses": 0,
    "generalAndAdministrativeExpenses": 0,
    "sellingAndMarketingExpenses": 0,
    "sellingGeneralAndAdministrativeExpenses": 59000000,
    "otherExpenses": 55000000,
    "operatingExpenses": 593000000,
    "costAndExpenses": 1882000000,
    "interestIncome": 0,
    "interestExpense": 62000000,
    "depreciationAndAmortization": 176000000,
    "ebitda": 346000000,
    "ebitdaratio": 0.1739567622,
    "operatingIncome": 107000000,
    "operatingIncomeRatio": 0.0537958773,
    "totalOtherIncomeExpensesNet": -7000000,
    "incomeBeforeTax": 100000000,
    "incomeBeforeTaxRatio": 0.0502765209,
    "incomeTaxExpense": 20000000,
    "netIncome": 75000000,
    "netIncomeRatio": 0.0377073906,
    "eps": 0.58,
    "epsdiluted": 0.58,
    "weightedAverageShsOut": 130000000,
    "weightedAverageShsOutDil": 130000000,
    "link": "https://www.sec.gov/Archives/edgar/data/1140536/000156459019039341/0001564590-19-039341-index.htm",
    "finalLink": "https://www.sec.gov/Archives/edgar/data/1140536/000156459019039341/wltw-10q_20190930.htm"
  },
  {
    "date": "2019-06-30",
    "symbol": "WTW",
    "reportedCurrency": "USD",
    "cik": "0001140536",
    "fillingDate": "2019-08-01",
    "acceptedDate": "2019-08-01 17:13:50",
    "calendarYear": "2019",
    "period": "Q2",
    "revenue": 2048000000,
    "costOfRevenue": 1278000000,
    "grossProfit": 770000000,
    "grossProfitRatio": 0.3759765625,
    "researchAndDevelopmentExpenses": 0,
    "generalAndAdministrativeExpenses": 0,
    "sellingAndMarketingExpenses": 0,
    "sellingGeneralAndAdministrativeExpenses": 63000000,
    "otherExpenses": 67000000,
    "operatingExpenses": 594000000,
    "costAndExpenses": 1872000000,
    "interestIncome": 0,
    "interestExpense": 56000000,
    "depreciationAndAmortization": 182000000,
    "ebitda": 418000000,
    "ebitdaratio": 0.2041015625,
    "operatingIncome": 176000000,
    "operatingIncomeRatio": 0.0859375,
    "totalOtherIncomeExpensesNet": 11000000,
    "incomeBeforeTax": 187000000,
    "incomeBeforeTaxRatio": 0.0913085938,
    "incomeTaxExpense": 38000000,
    "netIncome": 138000000,
    "netIncomeRatio": 0.0673828125,
    "eps": 1.06,
    "epsdiluted": 1.06,
    "weightedAverageShsOut": 130000000,
    "weightedAverageShsOutDil": 130000000,
    "link": "https://www.sec.gov/Archives/edgar/data/1140536/000156459019028038/0001564590-19-028038-index.htm",
    "finalLink": "https://www.sec.gov/Archives/edgar/data/1140536/000156459019028038/wltw-10q_20190630.htm"
  },
  {
    "date": "2019-03-31",
    "symbol": "WTW",
    "reportedCurrency": "USD",
    "cik": "0001140536",
    "fillingDate": "2019-05-03",
    "acceptedDate": "2019-05-03 16:02:36",
    "calendarYear": "2019",
    "period": "Q1",
    "revenue": 2312000000,
    "costOfRevenue": 1354000000,
    "grossProfit": 958000000,
    "grossProfitRatio": 0.4143598616,
    "researchAndDevelopmentExpenses": 0,
    "generalAndAdministrativeExpenses": 0,
    "sellingAndMarketingExpenses": 0,
    "sellingGeneralAndAdministrativeExpenses": 61000000,
    "otherExpenses": 55000000,
    "operatingExpenses": 599000000,
    "costAndExpenses": 1953000000,
    "interestIncome": 0,
    "interestExpense": 54000000,
    "depreciationAndAmortization": 181000000,
    "ebitda": 605000000,
    "ebitdaratio": 0.2616782007,
    "operatingIncome": 359000000,
    "operatingIncomeRatio": 0.1552768166,
    "totalOtherIncomeExpensesNet": 1000000,
    "incomeBeforeTax": 360000000,
    "incomeBeforeTaxRatio": 0.1557093426,
    "incomeTaxExpense": 67000000,
    "netIncome": 287000000,
    "netIncomeRatio": 0.1241349481,
    "eps": 2.21,
    "epsdiluted": 2.2,
    "weightedAverageShsOut": 130000000,
    "weightedAverageShsOutDil": 130000000,
    "link": "https://www.sec.gov/Archives/edgar/data/1140536/000156459019015683/0001564590-19-015683-index.htm",
    "finalLink": "https://www.sec.gov/Archives/edgar/data/1140536/000156459019015683/wltw-10q_20190331.htm"
  },
  {
    "date": "2018-12-31",
    "symbol": "WTW",
    "reportedCurrency": "USD",
    "cik": "0001140536",
    "fillingDate": "2019-02-27",
    "acceptedDate": "2019-02-27 16:20:19",
    "calendarYear": "2018",
    "period": "Q4",
    "revenue": 2372000000,
    "costOfRevenue": 1287000000,
    "grossProfit": 1085000000,
    "grossProfitRatio": 0.4574198988,
    "researchAndDevelopmentExpenses": 0,
    "generalAndAdministrativeExpenses": 0,
    "sellingAndMarketingExpenses": 0,
    "sellingGeneralAndAdministrativeExpenses": 57000000,
    "otherExpenses": 61000000,
    "operatingExpenses": 615000000,
    "costAndExpenses": 1902000000,
    "interestIncome": 0,
    "interestExpense": 54000000,
    "depreciationAndAmortization": 181000000,
    "ebitda": 704000000,
    "ebitdaratio": 0.2967959528,
    "operatingIncome": 470000000,
    "operatingIncomeRatio": 0.1981450253,
    "totalOtherIncomeExpensesNet": 7000000,
    "incomeBeforeTax": 477000000,
    "incomeBeforeTaxRatio": 0.2010961214,
    "incomeTaxExpense": 94000000,
    "netIncome": 378000000,
    "netIncomeRatio": 0.1593591906,
    "eps": 2.91,
    "epsdiluted": 2.89,
    "weightedAverageShsOut": 130000000,
    "weightedAverageShsOutDil": 131000000,
    "link": "https://www.sec.gov/Archives/edgar/data/1140536/000156459019004912/0001564590-19-004912-index.htm",
    "finalLink": "https://www.sec.gov/Archives/edgar/data/1140536/000156459019004912/wltw-10k_20181231.htm"
  },
  {
    "date": "2018-09-30",
    "symbol": "WTW",
    "reportedCurrency": "USD",
    "cik": "0001140536",
    "fillingDate": "2018-11-02",
    "acceptedDate": "2018-11-02 17:23:58",
    "calendarYear": "2018",
    "period": "Q3",
    "revenue": 1859000000,
    "costOfRevenue": 1842000000,
    "grossProfit": 17000000,
    "grossProfitRatio": 0.0091447015,
    "researchAndDevelopmentExpenses": 0,
    "generalAndAdministrativeExpenses": 0,
    "sellingAndMarketingExpenses": 0,
    "sellingGeneralAndAdministrativeExpenses": 58000000,
    "otherExpenses": 70000000,
    "operatingExpenses": 554000000,
    "costAndExpenses": 1842000000,
    "interestIncome": 0,
    "interestExpense": 51000000,
    "depreciationAndAmortization": 181000000,
    "ebitda": 324000000,
    "ebitdaratio": 0.1742872512,
    "operatingIncome": 17000000,
    "operatingIncomeRatio": 0.0091447015,
    "totalOtherIncomeExpensesNet": 19000000,
    "incomeBeforeTax": 36000000,
    "incomeBeforeTaxRatio": 0.0193652501,
    "incomeTaxExpense": -10000000,
    "netIncome": 44000000,
    "netIncomeRatio": 0.0236686391,
    "eps": 0.34,
    "epsdiluted": 0.33,
    "weightedAverageShsOut": 131000000,
    "weightedAverageShsOutDil": 132000000,
    "link": "https://www.sec.gov/Archives/edgar/data/1140536/000156459018026537/0001564590-18-026537-index.htm",
    "finalLink": "https://www.sec.gov/Archives/edgar/data/1140536/000156459018026537/wltw-10q_20180930.htm"
  },
  {
    "date": "2018-06-30",
    "symbol": "WTW",
    "reportedCurrency": "USD",
    "cik": "0001140536",
    "fillingDate": "2018-08-06",
    "acceptedDate": "2018-08-06 16:03:23",
    "calendarYear": "2018",
    "period": "Q2",
    "revenue": 1990000000,
    "costOfRevenue": 1330000000,
    "grossProfit": 660000000,
    "grossProfitRatio": 0.3316582915,
    "researchAndDevelopmentExpenses": 0,
    "generalAndAdministrativeExpenses": 0,
    "sellingAndMarketingExpenses": 0,
    "sellingGeneralAndAdministrativeExpenses": 64000000,
    "otherExpenses": 63000000,
    "operatingExpenses": 597000000,
    "costAndExpenses": 1927000000,
    "interestIncome": 0,
    "interestExpense": 52000000,
    "depreciationAndAmortization": 193000000,
    "ebitda": 369000000,
    "ebitdaratio": 0.1854271357,
    "operatingIncome": 63000000,
    "operatingIncomeRatio": 0.0316582915,
    "totalOtherIncomeExpensesNet": 11000000,
    "incomeBeforeTax": 74000000,
    "incomeBeforeTaxRatio": 0.0371859296,
    "incomeTaxExpense": 9000000,
    "netIncome": 58000000,
    "netIncomeRatio": 0.0291457286,
    "eps": 0.44,
    "epsdiluted": 0.44,
    "weightedAverageShsOut": 132000000,
    "weightedAverageShsOutDil": 133000000,
    "link": "https://www.sec.gov/Archives/edgar/data/1140536/000114053618000019/0001140536-18-000019-index.htm",
    "finalLink": "https://www.sec.gov/Archives/edgar/data/1140536/000114053618000019/wltw-20180630_10q.htm"
  },
  {
    "date": "2018-03-31",
    "symbol": "WTW",
    "reportedCurrency": "USD",
    "cik": "0001140536",
    "fillingDate": "2018-05-08",
    "acceptedDate": "2018-05-08 16:43:04",
    "calendarYear": "2018",
    "period": "Q1",
    "revenue": 2292000000,
    "costOfRevenue": 1420000000,
    "grossProfit": 872000000,
    "grossProfitRatio": 0.3804537522,
    "researchAndDevelopmentExpenses": 0,
    "generalAndAdministrativeExpenses": 0,
    "sellingAndMarketingExpenses": 0,
    "sellingGeneralAndAdministrativeExpenses": 64000000,
    "otherExpenses": 56000000,
    "operatingExpenses": 613000000,
    "costAndExpenses": 2033000000,
    "interestIncome": 0,
    "interestExpense": 51000000,
    "depreciationAndAmortization": 192000000,
    "ebitda": 573000000,
    "ebitdaratio": 0.25,
    "operatingIncome": 259000000,
    "operatingIncomeRatio": 0.1130017452,
    "totalOtherIncomeExpensesNet": 5000000,
    "incomeBeforeTax": 264000000,
    "incomeBeforeTaxRatio": 0.1151832461,
    "incomeTaxExpense": 43000000,
    "netIncome": 215000000,
    "netIncomeRatio": 0.0938045375,
    "eps": 1.62,
    "epsdiluted": 1.61,
    "weightedAverageShsOut": 133000000,
    "weightedAverageShsOutDil": 133000000,
    "link": "https://www.sec.gov/Archives/edgar/data/1140536/000114053618000012/0001140536-18-000012-index.htm",
    "finalLink": "https://www.sec.gov/Archives/edgar/data/1140536/000114053618000012/wltw-20180331_10q.htm"
  },
  {
    "date": "2017-12-31",
    "symbol": "WTW",
    "reportedCurrency": "USD",
    "cik": "0001140536",
    "fillingDate": "2018-02-28",
    "acceptedDate": "2018-02-28 14:54:19",
    "calendarYear": "2017",
    "period": "Q4",
    "revenue": 2078000000,
    "costOfRevenue": 1353000000,
    "grossProfit": 725000000,
    "grossProfitRatio": 0.3488931665,
    "researchAndDevelopmentExpenses": 0,
    "generalAndAdministrativeExpenses": 0,
    "sellingAndMarketingExpenses": 0,
    "sellingGeneralAndAdministrativeExpenses": 302000000,
    "otherExpenses": 18000000,
    "operatingExpenses": 568000000,
    "costAndExpenses": 1921000000,
    "interestIncome": 0,
    "interestExpense": 49000000,
    "depreciationAndAmortization": 223000000,
    "ebitda": 351000000,
    "ebitdaratio": 0.1689124158,
    "operatingIncome": 110000000,
    "operatingIncomeRatio": 0.0529355149,
    "totalOtherIncomeExpensesNet": -31000000,
    "incomeBeforeTax": 79000000,
    "incomeBeforeTaxRatio": 0.0380173244,
    "incomeTaxExpense": -173000000,
    "netIncome": 245000000,
    "netIncomeRatio": 0.1179018287,
    "eps": 1.85,
    "epsdiluted": 1.84,
    "weightedAverageShsOut": 133000000,
    "weightedAverageShsOutDil": 133000000,
    "link": "https://www.sec.gov/Archives/edgar/data/1140536/000114053618000008/0001140536-18-000008-index.htm",
    "finalLink": "https://www.sec.gov/Archives/edgar/data/1140536/000114053618000008/wtw-10k_2017.htm"
  },
  {
    "date": "2017-09-30",
    "symbol": "WTW",
    "reportedCurrency": "USD",
    "cik": "0001140536",
    "fillingDate": "2017-11-06",
    "acceptedDate": "2017-11-06 14:30:21",
    "calendarYear": "2017",
    "period": "Q3",
    "revenue": 1852000000,
    "costOfRevenue": 1219000000,
    "grossProfit": 633000000,
    "grossProfitRatio": 0.3417926566,
    "researchAndDevelopmentExpenses": 0,
    "generalAndAdministrativeExpenses": 0,
    "sellingAndMarketingExpenses": 0,
    "sellingGeneralAndAdministrativeExpenses": 0,
    "otherExpenses": -29000000,
    "operatingExpenses": 561000000,
    "costAndExpenses": 1780000000,
    "interestIncome": 0,
    "interestExpense": 47000000,
    "depreciationAndAmortization": 198000000,
    "ebitda": 344000000,
    "ebitdaratio": 0.1857451404,
    "operatingIncome": 41000000,
    "operatingIncomeRatio": 0.0221382289,
    "totalOtherIncomeExpensesNet": -76000000,
    "incomeBeforeTax": -35000000,
    "incomeBeforeTaxRatio": -0.0188984881,
    "incomeTaxExpense": 19000000,
    "netIncome": -54000000,
    "netIncomeRatio": -0.0291576674,
    "eps": -0.4,
    "epsdiluted": -0.4,
    "weightedAverageShsOut": 134000000,
    "weightedAverageShsOutDil": 134000000,
    "link": "https://www.sec.gov/Archives/edgar/data/1140536/000114053617000034/0001140536-17-000034-index.htm",
    "finalLink": "https://www.sec.gov/Archives/edgar/data/1140536/000114053617000034/wltw-20170930_10q.htm"
  },
  {
    "date": "2017-06-30",
    "symbol": "WTW",
    "reportedCurrency": "USD",
    "cik": "0001140536",
    "fillingDate": "2017-08-07",
    "acceptedDate": "2017-08-07 17:14:49",
    "calendarYear": "2017",
    "period": "Q2",
    "revenue": 1953000000,
    "costOfRevenue": 1211000000,
    "grossProfit": 742000000,
    "grossProfitRatio": 0.3799283154,
    "researchAndDevelopmentExpenses": 0,
    "generalAndAdministrativeExpenses": 0,
    "sellingAndMarketingExpenses": 0,
    "sellingGeneralAndAdministrativeExpenses": 0,
    "otherExpenses": -30000000,
    "operatingExpenses": 591000000,
    "costAndExpenses": 1802000000,
    "interestIncome": 0,
    "interestExpense": 46000000,
    "depreciationAndAmortization": 209000000,
    "ebitda": 423000000,
    "ebitdaratio": 0.2165898618,
    "operatingIncome": 124000000,
    "operatingIncomeRatio": 0.0634920635,
    "totalOtherIncomeExpensesNet": -12000000,
    "incomeBeforeTax": 48000000,
    "incomeBeforeTaxRatio": 0.024577573,
    "incomeTaxExpense": 8000000,
    "netIncome": 33000000,
    "netIncomeRatio": 0.0168970814,
    "eps": 0.24,
    "epsdiluted": 0.24,
    "weightedAverageShsOut": 136000000,
    "weightedAverageShsOutDil": 137000000,
    "link": "https://www.sec.gov/Archives/edgar/data/1140536/000114053617000028/0001140536-17-000028-index.htm",
    "finalLink": "https://www.sec.gov/Archives/edgar/data/1140536/000114053617000028/wltw-20170630_10q.htm"
  },
  {
    "date": "2017-03-31",
    "symbol": "WTW",
    "reportedCurrency": "USD",
    "cik": "0001140536",
    "fillingDate": "2017-05-09",
    "acceptedDate": "2017-05-09 16:41:17",
    "calendarYear": "2017",
    "period": "Q1",
    "revenue": 2319000000,
    "costOfRevenue": 1231000000,
    "grossProfit": 1088000000,
    "grossProfitRatio": 0.4691677447,
    "researchAndDevelopmentExpenses": 0,
    "generalAndAdministrativeExpenses": 0,
    "sellingAndMarketingExpenses": 0,
    "sellingGeneralAndAdministrativeExpenses": 0,
    "otherExpenses": -20000000,
    "operatingExpenses": 598000000,
    "costAndExpenses": 1829000000,
    "interestIncome": 0,
    "interestExpense": 46000000,
    "depreciationAndAmortization": 203000000,
    "ebitda": 671000000,
    "ebitdaratio": 0.2893488573,
    "operatingIncome": 463000000,
    "operatingIncomeRatio": 0.1996550237,
    "totalOtherIncomeExpensesNet": -3000000,
    "incomeBeforeTax": 397000000,
    "incomeBeforeTaxRatio": 0.1711944804,
    "incomeTaxExpense": 46000000,
    "netIncome": 344000000,
    "netIncomeRatio": 0.1483398016,
    "eps": 2.51,
    "epsdiluted": 2.5,
    "weightedAverageShsOut": 137000000,
    "weightedAverageShsOutDil": 138000000,
    "link": "https://www.sec.gov/Archives/edgar/data/1140536/000114053617000020/0001140536-17-000020-index.htm",
    "finalLink": "https://www.sec.gov/Archives/edgar/data/1140536/000114053617000020/wltw-20170331_10q.htm"
  },
  {
    "date": "2016-12-31",
    "symbol": "WTW",
    "reportedCurrency": "USD",
    "cik": "0001140536",
    "fillingDate": "2017-03-01",
    "acceptedDate": "2017-03-01 16:20:38",
    "calendarYear": "2016",
    "period": "Q4",
    "revenue": 1927000000,
    "costOfRevenue": 1187000000,
    "grossProfit": 740000000,
    "grossProfitRatio": 0.3840166061,
    "researchAndDevelopmentExpenses": 0,
    "generalAndAdministrativeExpenses": 0,
    "sellingAndMarketingExpenses": 0,
    "sellingGeneralAndAdministrativeExpenses": 302000000,
    "otherExpenses": -1000000,
    "operatingExpenses": 574000000,
    "costAndExpenses": 1761000000,
    "interestIncome": 0,
    "interestExpense": 46000000,
    "depreciationAndAmortization": 194000000,
    "ebitda": 406000000,
    "ebitdaratio": 0.210690192,
    "operatingIncome": 88000000,
    "operatingIncomeRatio": 0.0456668396,
    "totalOtherIncomeExpensesNet": -47000000,
    "incomeBeforeTax": 41000000,
    "incomeBeforeTaxRatio": 0.0212765957,
    "incomeTaxExpense": 1000000,
    "netIncome": 34000000,
    "netIncomeRatio": 0.0176440062,
    "eps": 0.25,
    "epsdiluted": 0.25,
    "weightedAverageShsOut": 137000000,
    "weightedAverageShsOutDil": 138000000,
    "link": "https://www.sec.gov/Archives/edgar/data/1140536/000114053617000008/0001140536-17-000008-index.htm",
    "finalLink": "https://www.sec.gov/Archives/edgar/data/1140536/000114053617000008/wtw-20161231x10k.htm"
  },
  {
    "date": "2016-09-30",
    "symbol": "WTW",
    "reportedCurrency": "USD",
    "cik": "0001140536",
    "fillingDate": "2016-11-07",
    "acceptedDate": "2016-11-07 16:59:56",
    "calendarYear": "2016",
    "period": "Q3",
    "revenue": 1777000000,
    "costOfRevenue": 1155000000,
    "grossProfit": 622000000,
    "grossProfitRatio": 0.3500281373,
    "researchAndDevelopmentExpenses": 0,
    "generalAndAdministrativeExpenses": 0,
    "sellingAndMarketingExpenses": 0,
    "sellingGeneralAndAdministrativeExpenses": 0,
    "otherExpenses": -14000000,
    "operatingExpenses": 572000000,
    "costAndExpenses": 1727000000,
    "interestIncome": 0,
    "interestExpense": 45000000,
    "depreciationAndAmortization": 202000000,
    "ebitda": 272000000,
    "ebitdaratio": 0.1530669668,
    "operatingIncome": 1000000,
    "operatingIncomeRatio": 0.0005627462,
    "totalOtherIncomeExpensesNet": -59000000,
    "incomeBeforeTax": -58000000,
    "incomeBeforeTaxRatio": -0.0326392797,
    "incomeTaxExpense": -26000000,
    "netIncome": -32000000,
    "netIncomeRatio": -0.0180078784,
    "eps": -0.23,
    "epsdiluted": -0.23,
    "weightedAverageShsOut": 138000000,
    "weightedAverageShsOutDil": 138000000,
    "link": "https://www.sec.gov/Archives/edgar/data/1140536/000114053616000074/0001140536-16-000074-index.htm",
    "finalLink": "https://www.sec.gov/Archives/edgar/data/1140536/000114053616000074/wtw-20160930x10q.htm"
  },
  {
    "date": "2016-06-30",
    "symbol": "WTW",
    "reportedCurrency": "USD",
    "cik": "0001140536",
    "fillingDate": "2016-08-09",
    "acceptedDate": "2016-08-09 16:28:48",
    "calendarYear": "2016",
    "period": "Q2",
    "revenue": 1949000000,
    "costOfRevenue": 1230000000,
    "grossProfit": 719000000,
    "grossProfitRatio": 0.3689071319,
    "researchAndDevelopmentExpenses": 0,
    "generalAndAdministrativeExpenses": 0,
    "sellingAndMarketingExpenses": 0,
    "sellingGeneralAndAdministrativeExpenses": 0,
    "otherExpenses": 6000000,
    "operatingExpenses": 542000000,
    "costAndExpenses": 1772000000,
    "interestIncome": 0,
    "interestExpense": 47000000,
    "depreciationAndAmortization": 169000000,
    "ebitda": 320000000,
    "ebitdaratio": 0.1641867624,
    "operatingIncome": 136000000,
    "operatingIncomeRatio": 0.069779374,
    "totalOtherIncomeExpensesNet": -41000000,
    "incomeBeforeTax": 95000000,
    "incomeBeforeTaxRatio": 0.0487429451,
    "incomeTaxExpense": 19000000,
    "netIncome": 72000000,
    "netIncomeRatio": 0.0369420215,
    "eps": 0.52,
    "epsdiluted": 0.51,
    "weightedAverageShsOut": 139000000,
    "weightedAverageShsOutDil": 140000000,
    "link": "https://www.sec.gov/Archives/edgar/data/1140536/000114053616000069/0001140536-16-000069-index.htm",
    "finalLink": "https://www.sec.gov/Archives/edgar/data/1140536/000114053616000069/wtw-20160630x10q.htm"
  },
  {
    "date": "2016-03-31",
    "symbol": "WTW",
    "reportedCurrency": "USD",
    "cik": "0001140536",
    "fillingDate": "2016-05-10",
    "acceptedDate": "2016-05-10 15:37:34",
    "calendarYear": "2016",
    "period": "Q1",
    "revenue": 2234000000,
    "costOfRevenue": 1248000000,
    "grossProfit": 986000000,
    "grossProfitRatio": 0.4413607878,
    "researchAndDevelopmentExpenses": 0,
    "generalAndAdministrativeExpenses": 0,
    "sellingAndMarketingExpenses": 0,
    "sellingGeneralAndAdministrativeExpenses": 0,
    "otherExpenses": -18000000,
    "operatingExpenses": 635000000,
    "costAndExpenses": 1883000000,
    "interestIncome": 0,
    "interestExpense": 46000000,
    "depreciationAndAmortization": 204000000,
    "ebitda": 642000000,
    "ebitdaratio": 0.2873769024,
    "operatingIncome": 326000000,
    "operatingIncomeRatio": 0.1459265891,
    "totalOtherIncomeExpensesNet": -63000000,
    "incomeBeforeTax": 262000000,
    "incomeBeforeTaxRatio": 0.1172784244,
    "incomeTaxExpense": 18000000,
    "netIncome": 238000000,
    "netIncomeRatio": 0.1065353626,
    "eps": 1.76,
    "epsdiluted": 1.75,
    "weightedAverageShsOut": 135000000,
    "weightedAverageShsOutDil": 136000000,
    "link": "https://www.sec.gov/Archives/edgar/data/1140536/000114053616000058/0001140536-16-000058-index.htm",
    "finalLink": "https://www.sec.gov/Archives/edgar/data/1140536/000114053616000058/wtw-20160331x10q.htm"
  },
  {
    "date": "2015-12-31",
    "symbol": "WTW",
    "reportedCurrency": "USD",
    "cik": "0001140536",
    "fillingDate": "2016-02-29",
    "acceptedDate": "2016-02-29 15:47:48",
    "calendarYear": "2015",
    "period": "Q4",
    "revenue": 974000000,
    "costOfRevenue": 608000000,
    "grossProfit": 366000000,
    "grossProfitRatio": 0.3757700205,
    "researchAndDevelopmentExpenses": 0,
    "generalAndAdministrativeExpenses": 0,
    "sellingAndMarketingExpenses": 0,
    "sellingGeneralAndAdministrativeExpenses": 0,
    "otherExpenses": 29000000,
    "operatingExpenses": 331000000,
    "costAndExpenses": 939000000,
    "interestIncome": 0,
    "interestExpense": 39000000,
    "depreciationAndAmortization": 48000000,
    "ebitda": 233000000,
    "ebitdaratio": 0.2392197125,
    "operatingIncome": 2000000,
    "operatingIncomeRatio": 0.0020533881,
    "totalOtherIncomeExpensesNet": -16000000,
    "incomeBeforeTax": -8000000,
    "incomeBeforeTaxRatio": -0.0082135524,
    "incomeTaxExpense": 4000000,
    "netIncome": -24000000,
    "netIncomeRatio": -0.0246406571,
    "eps": -0.35,
    "epsdiluted": -0.35,
    "weightedAverageShsOut": 68000018,
    "weightedAverageShsOutDil": 68000018,
    "link": "https://www.sec.gov/Archives/edgar/data/1140536/000114053616000035/0001140536-16-000035-index.htm",
    "finalLink": "https://www.sec.gov/Archives/edgar/data/1140536/000114053616000035/wtw10-k2015.htm"
  },
  {
    "date": "2015-09-30",
    "symbol": "WTW",
    "reportedCurrency": "USD",
    "cik": "0001140536",
    "fillingDate": "2015-11-05",
    "acceptedDate": "2015-11-05 14:43:56",
    "calendarYear": "2015",
    "period": "Q3",
    "revenue": 846000000,
    "costOfRevenue": 570000000,
    "grossProfit": 276000000,
    "grossProfitRatio": 0.3262411348,
    "researchAndDevelopmentExpenses": 0,
    "generalAndAdministrativeExpenses": 0,
    "sellingAndMarketingExpenses": 0,
    "sellingGeneralAndAdministrativeExpenses": 0,
    "otherExpenses": 9000000,
    "operatingExpenses": 225000000,
    "costAndExpenses": 795000000,
    "interestIncome": 0,
    "interestExpense": 35000000,
    "depreciationAndAmortization": 48000000,
    "ebitda": 94000000,
    "ebitdaratio": 0.1111111111,
    "operatingIncome": 27000000,
    "operatingIncomeRatio": 0.0319148936,
    "totalOtherIncomeExpensesNet": -23000000,
    "incomeBeforeTax": 1000000,
    "incomeBeforeTaxRatio": 0.0011820331,
    "incomeTaxExpense": -112000000,
    "netIncome": 117000000,
    "netIncomeRatio": 0.1382978723,
    "eps": 1.72,
    "epsdiluted": 1.7,
    "weightedAverageShsOut": 67950180,
    "weightedAverageShsOutDil": 68705182,
    "link": "https://www.sec.gov/Archives/edgar/data/1140536/000114053615000028/0001140536-15-000028-index.htm",
    "finalLink": "https://www.sec.gov/Archives/edgar/data/1140536/000114053615000028/willisgroupholdings10qq320.htm"
  },
  {
    "date": "2015-06-30",
    "symbol": "WTW",
    "reportedCurrency": "USD",
    "cik": "0001140536",
    "fillingDate": "2015-08-06",
    "acceptedDate": "2015-08-06 14:21:46",
    "calendarYear": "2015",
    "period": "Q2",
    "revenue": 922000000,
    "costOfRevenue": 561000000,
    "grossProfit": 361000000,
    "grossProfitRatio": 0.3915401302,
    "researchAndDevelopmentExpenses": 0,
    "generalAndAdministrativeExpenses": 0,
    "sellingAndMarketingExpenses": 0,
    "sellingGeneralAndAdministrativeExpenses": 0,
    "otherExpenses": 23000000,
    "operatingExpenses": 218000000,
    "costAndExpenses": 779000000,
    "interestIncome": 0,
    "interestExpense": 35000000,
    "depreciationAndAmortization": 39000000,
    "ebitda": 177000000,
    "ebitdaratio": 0.1919739696,
    "operatingIncome": 105000000,
    "operatingIncomeRatio": 0.1138828633,
    "totalOtherIncomeExpensesNet": -14000000,
    "incomeBeforeTax": 93000000,
    "incomeBeforeTaxRatio": 0.100867679,
    "incomeTaxExpense": 19000000,
    "netIncome": 70000000,
    "netIncomeRatio": 0.0759219089,
    "eps": 1.03,
    "epsdiluted": 1.01,
    "weightedAverageShsOut": 67950180,
    "weightedAverageShsOutDil": 68705182,
    "link": "https://www.sec.gov/Archives/edgar/data/1140536/000114053615000015/0001140536-15-000015-index.htm",
    "finalLink": "https://www.sec.gov/Archives/edgar/data/1140536/000114053615000015/willisgroupholdings10qq220.htm"
  },
  {
    "date": "2015-03-31",
    "symbol": "WTW",
    "reportedCurrency": "USD",
    "cik": "0001140536",
    "fillingDate": "2015-05-06",
    "acceptedDate": "2015-05-06 14:37:37",
    "calendarYear": "2015",
    "period": "Q1",
    "revenue": 1087000000,
    "costOfRevenue": 567000000,
    "grossProfit": 520000000,
    "grossProfitRatio": 0.4783808648,
    "researchAndDevelopmentExpenses": 0,
    "generalAndAdministrativeExpenses": 0,
    "sellingAndMarketingExpenses": 0,
    "sellingGeneralAndAdministrativeExpenses": 0,
    "otherExpenses": -6000000,
    "operatingExpenses": 196000000,
    "costAndExpenses": 763000000,
    "interestIncome": 0,
    "interestExpense": 33000000,
    "depreciationAndAmortization": 36000000,
    "ebitda": 354000000,
    "ebitdaratio": 0.3256669733,
    "operatingIncome": 293000000,
    "operatingIncomeRatio": 0.269549218,
    "totalOtherIncomeExpensesNet": -39000000,
    "incomeBeforeTax": 254000000,
    "incomeBeforeTaxRatio": 0.2336706532,
    "incomeTaxExpense": 56000000,
    "netIncome": 210000000,
    "netIncomeRatio": 0.1931922723,
    "eps": 3.1,
    "epsdiluted": 3.05,
    "weightedAverageShsOut": 67572679,
    "weightedAverageShsOutDil": 68705182,
    "link": "https://www.sec.gov/Archives/edgar/data/1140536/000114053615000009/0001140536-15-000009-index.htm",
    "finalLink": "https://www.sec.gov/Archives/edgar/data/1140536/000114053615000009/willisgroupholdings10qq120.htm"
  },
  {
    "date": "2014-12-31",
    "symbol": "WTW",
    "reportedCurrency": "USD",
    "cik": "0001140536",
    "fillingDate": "2015-02-24",
    "acceptedDate": "2015-02-24 16:57:00",
    "calendarYear": "2014",
    "period": "Q4",
    "revenue": 958000000,
    "costOfRevenue": 600000000,
    "grossProfit": 358000000,
    "grossProfitRatio": 0.3736951983,
    "researchAndDevelopmentExpenses": 0,
    "generalAndAdministrativeExpenses": 0,
    "sellingAndMarketingExpenses": 0,
    "sellingGeneralAndAdministrativeExpenses": 0,
    "otherExpenses": 18000000,
    "operatingExpenses": 203000000,
    "costAndExpenses": 803000000,
    "interestIncome": 0,
    "interestExpense": 34000000,
    "depreciationAndAmortization": 38000000,
    "ebitda": 186000000,
    "ebitdaratio": 0.1941544885,
    "operatingIncome": 139000000,
    "operatingIncomeRatio": 0.1450939457,
    "totalOtherIncomeExpensesNet": -16000000,
    "incomeBeforeTax": 123000000,
    "incomeBeforeTaxRatio": 0.1283924843,
    "incomeTaxExpense": 35000000,
    "netIncome": 76000000,
    "netIncomeRatio": 0.0793319415,
    "eps": 1.14,
    "epsdiluted": 1.11,
    "weightedAverageShsOut": 66817677,
    "weightedAverageShsOutDil": 67950180,
    "link": "https://www.sec.gov/Archives/edgar/data/1140536/000114053615000003/0001140536-15-000003-index.htm",
    "finalLink": "https://www.sec.gov/Archives/edgar/data/1140536/000114053615000003/willisgroup10-k2014.htm"
  },
  {
    "date": "2014-09-30",
    "symbol": "WTW",
    "reportedCurrency": "USD",
    "cik": "0001140536",
    "fillingDate": "2014-11-06",
    "acceptedDate": "2014-11-06 12:35:53",
    "calendarYear": "2014",
    "period": "Q3",
    "revenue": 812000000,
    "costOfRevenue": 569000000,
    "grossProfit": 243000000,
    "grossProfitRatio": 0.2992610837,
    "researchAndDevelopmentExpenses": 0,
    "generalAndAdministrativeExpenses": 0,
    "sellingAndMarketingExpenses": 0,
    "sellingGeneralAndAdministrativeExpenses": 0,
    "otherExpenses": -9000000,
    "operatingExpenses": 192000000,
    "costAndExpenses": 761000000,
    "interestIncome": 0,
    "interestExpense": 34000000,
    "depreciationAndAmortization": 36000000,
    "ebitda": 97000000,
    "ebitdaratio": 0.1194581281,
    "operatingIncome": 34000000,
    "operatingIncomeRatio": 0.0418719212,
    "totalOtherIncomeExpensesNet": -41000000,
    "incomeBeforeTax": -9000000,
    "incomeBeforeTaxRatio": -0.0110837438,
    "incomeTaxExpense": 2000000,
    "netIncome": -7000000,
    "netIncomeRatio": -0.0086206897,
    "eps": -0.11,
    "epsdiluted": -0.1,
    "weightedAverageShsOut": 66037735,
    "weightedAverageShsOutDil": 67195178,
    "link": "https://www.sec.gov/Archives/edgar/data/1140536/000114053614000016/0001140536-14-000016-index.htm",
    "finalLink": "https://www.sec.gov/Archives/edgar/data/1140536/000114053614000016/willisgroupholdings10qq320.htm"
  },
  {
    "date": "2014-06-30",
    "symbol": "WTW",
    "reportedCurrency": "USD",
    "cik": "0001140536",
    "fillingDate": "2014-08-06",
    "acceptedDate": "2014-08-06 13:21:37",
    "calendarYear": "2014",
    "period": "Q2",
    "revenue": 935000000,
    "costOfRevenue": 575000000,
    "grossProfit": 360000000,
    "grossProfitRatio": 0.385026738,
    "researchAndDevelopmentExpenses": 0,
    "generalAndAdministrativeExpenses": 0,
    "sellingAndMarketingExpenses": 0,
    "sellingGeneralAndAdministrativeExpenses": 0,
    "otherExpenses": -3000000,
    "operatingExpenses": 209000000,
    "costAndExpenses": 784000000,
    "interestIncome": 0,
    "interestExpense": 35000000,
    "depreciationAndAmortization": 36000000,
    "ebitda": 195000000,
    "ebitdaratio": 0.2085561497,
    "operatingIncome": 148000000,
    "operatingIncomeRatio": 0.1582887701,
    "totalOtherIncomeExpensesNet": -41000000,
    "incomeBeforeTax": 110000000,
    "incomeBeforeTaxRatio": 0.1176470588,
    "incomeTaxExpense": 59000000,
    "netIncome": 47000000,
    "netIncomeRatio": 0.0502673797,
    "eps": 0.69,
    "epsdiluted": 0.69,
    "weightedAverageShsOut": 67572679,
    "weightedAverageShsOutDil": 68705182,
    "link": "https://www.sec.gov/Archives/edgar/data/1140536/000114053614000013/0001140536-14-000013-index.htm",
    "finalLink": "https://www.sec.gov/Archives/edgar/data/1140536/000114053614000013/willisgroupholdings10qq220.htm"
  },
  {
    "date": "2014-03-31",
    "symbol": "WTW",
    "reportedCurrency": "USD",
    "cik": "0001140536",
    "fillingDate": "2014-05-09",
    "acceptedDate": "2014-05-09 11:07:33",
    "calendarYear": "2014",
    "period": "Q1",
    "revenue": 1097000000,
    "costOfRevenue": 570000000,
    "grossProfit": 527000000,
    "grossProfitRatio": 0.4804010939,
    "researchAndDevelopmentExpenses": 0,
    "generalAndAdministrativeExpenses": 0,
    "sellingAndMarketingExpenses": 0,
    "sellingGeneralAndAdministrativeExpenses": 0,
    "otherExpenses": 13000000,
    "operatingExpenses": 201000000,
    "costAndExpenses": 771000000,
    "interestIncome": 0,
    "interestExpense": 32000000,
    "depreciationAndAmortization": 36000000,
    "ebitda": 362000000,
    "ebitdaratio": 0.3299908842,
    "operatingIncome": 326000000,
    "operatingIncomeRatio": 0.2971741112,
    "totalOtherIncomeExpensesNet": -32000000,
    "incomeBeforeTax": 294000000,
    "incomeBeforeTaxRatio": 0.2680036463,
    "incomeTaxExpense": 63000000,
    "netIncome": 246000000,
    "netIncomeRatio": 0.224247949,
    "eps": 3.63,
    "epsdiluted": 3.58,
    "weightedAverageShsOut": 67572679,
    "weightedAverageShsOutDil": 68705182,
    "link": "https://www.sec.gov/Archives/edgar/data/1140536/000114053614000010/0001140536-14-000010-index.htm",
    "finalLink": "https://www.sec.gov/Archives/edgar/data/1140536/000114053614000010/willisgroupholdings10qq120.htm"
  },
  {
    "date": "2013-12-31",
    "symbol": "WTW",
    "reportedCurrency": "USD",
    "cik": "0001140536",
    "fillingDate": "2014-02-27",
    "acceptedDate": "2014-02-27 15:04:27",
    "calendarYear": "2013",
    "period": "Q4",
    "revenue": 919000000,
    "costOfRevenue": 569000000,
    "grossProfit": 350000000,
    "grossProfitRatio": 0.3808487486,
    "researchAndDevelopmentExpenses": 0,
    "generalAndAdministrativeExpenses": 0,
    "sellingAndMarketingExpenses": 0,
    "sellingGeneralAndAdministrativeExpenses": 0,
    "otherExpenses": 13000000,
    "operatingExpenses": 200000000,
    "costAndExpenses": 769000000,
    "interestIncome": 0,
    "interestExpense": 33000000,
    "depreciationAndAmortization": 39000000,
    "ebitda": 191000000,
    "ebitdaratio": 0.2078346028,
    "operatingIncome": 152000000,
    "operatingIncomeRatio": 0.1653971708,
    "totalOtherIncomeExpensesNet": -26000000,
    "incomeBeforeTax": 119000000,
    "incomeBeforeTaxRatio": 0.1294885745,
    "incomeTaxExpense": 34000000,
    "netIncome": 68000000,
    "netIncomeRatio": 0.0739934712,
    "eps": 1.01,
    "epsdiluted": 0.98,
    "weightedAverageShsOut": 67195178,
    "weightedAverageShsOutDil": 68705182,
    "link": "https://www.sec.gov/Archives/edgar/data/1140536/000114053614000004/0001140536-14-000004-index.htm",
    "finalLink": "https://www.sec.gov/Archives/edgar/data/1140536/000114053614000004/willisgroup10-k2013.htm"
  },
  {
    "date": "2013-09-30",
    "symbol": "WTW",
    "reportedCurrency": "USD",
    "cik": "0001140536",
    "fillingDate": "2013-11-05",
    "acceptedDate": "2013-11-05 13:04:14",
    "calendarYear": "2013",
    "period": "Q3",
    "revenue": 795000000,
    "costOfRevenue": 541000000,
    "grossProfit": 254000000,
    "grossProfitRatio": 0.3194968553,
    "researchAndDevelopmentExpenses": 0,
    "generalAndAdministrativeExpenses": 0,
    "sellingAndMarketingExpenses": 0,
    "sellingGeneralAndAdministrativeExpenses": 0,
    "otherExpenses": 14000000,
    "operatingExpenses": 179000000,
    "costAndExpenses": 720000000,
    "interestIncome": 0,
    "interestExpense": 30000000,
    "depreciationAndAmortization": 35000000,
    "ebitda": 102000000,
    "ebitdaratio": 0.1283018868,
    "operatingIncome": 75000000,
    "operatingIncomeRatio": 0.0943396226,
    "totalOtherIncomeExpensesNet": -86000000,
    "incomeBeforeTax": -15000000,
    "incomeBeforeTaxRatio": -0.0188679245,
    "incomeTaxExpense": 11000000,
    "netIncome": -27000000,
    "netIncomeRatio": -0.0339622642,
    "eps": -0.4,
    "epsdiluted": -0.4,
    "weightedAverageShsOut": 66817677,
    "weightedAverageShsOutDil": 66817677,
    "link": "https://www.sec.gov/Archives/edgar/data/1140536/000114053613000015/0001140536-13-000015-index.htm",
    "finalLink": "https://www.sec.gov/Archives/edgar/data/1140536/000114053613000015/willisgroupholdings10qq3.htm"
  },
  {
    "date": "2013-06-30",
    "symbol": "WTW",
    "reportedCurrency": "USD",
    "cik": "0001140536",
    "fillingDate": "2013-08-06",
    "acceptedDate": "2013-08-06 10:16:06",
    "calendarYear": "2013",
    "period": "Q2",
    "revenue": 890000000,
    "costOfRevenue": 529000000,
    "grossProfit": 361000000,
    "grossProfitRatio": 0.4056179775,
    "researchAndDevelopmentExpenses": 0,
    "generalAndAdministrativeExpenses": 0,
    "sellingAndMarketingExpenses": 0,
    "sellingGeneralAndAdministrativeExpenses": 0,
    "otherExpenses": 14000000,
    "operatingExpenses": 190000000,
    "costAndExpenses": 719000000,
    "interestIncome": 0,
    "interestExpense": 32000000,
    "depreciationAndAmortization": 35000000,
    "ebitda": 206000000,
    "ebitdaratio": 0.2314606742,
    "operatingIncome": 171000000,
    "operatingIncomeRatio": 0.1921348315,
    "totalOtherIncomeExpensesNet": -28000000,
    "incomeBeforeTax": 139000000,
    "incomeBeforeTaxRatio": 0.1561797753,
    "incomeTaxExpense": 29000000,
    "netIncome": 105000000,
    "netIncomeRatio": 0.1179775281,
    "eps": 1.59,
    "epsdiluted": 1.56,
    "weightedAverageShsOut": 66062675,
    "weightedAverageShsOutDil": 67195178,
    "link": "https://www.sec.gov/Archives/edgar/data/1140536/000114053613000007/0001140536-13-000007-index.htm",
    "finalLink": "https://www.sec.gov/Archives/edgar/data/1140536/000114053613000007/willisgroupholdings10qq2.htm"
  },
  {
    "date": "2013-03-31",
    "symbol": "WTW",
    "reportedCurrency": "USD",
    "cik": "0001140536",
    "fillingDate": "2013-05-08",
    "acceptedDate": "2013-05-08 11:56:58",
    "calendarYear": "2013",
    "period": "Q1",
    "revenue": 1051000000,
    "costOfRevenue": 568000000,
    "grossProfit": 483000000,
    "grossProfitRatio": 0.4595623216,
    "researchAndDevelopmentExpenses": 0,
    "generalAndAdministrativeExpenses": 0,
    "sellingAndMarketingExpenses": 0,
    "sellingGeneralAndAdministrativeExpenses": 0,
    "otherExpenses": 14000000,
    "operatingExpenses": 196000000,
    "costAndExpenses": 764000000,
    "interestIncome": 0,
    "interestExpense": 31000000,
    "depreciationAndAmortization": 40000000,
    "ebitda": 287000000,
    "ebitdaratio": 0.2730732636,
    "operatingIncome": 287000000,
    "operatingIncomeRatio": 0.2730732636,
    "totalOtherIncomeExpensesNet": -10000000,
    "incomeBeforeTax": 256000000,
    "incomeBeforeTaxRatio": 0.2435775452,
    "incomeTaxExpense": 48000000,
    "netIncome": 219000000,
    "netIncomeRatio": 0.2083729781,
    "eps": 3.36,
    "epsdiluted": 3.28,
    "weightedAverageShsOut": 65307673,
    "weightedAverageShsOutDil": 66440176,
    "link": "https://www.sec.gov/Archives/edgar/data/1140536/000114053613000004/0001140536-13-000004-index.htm",
    "finalLink": "https://www.sec.gov/Archives/edgar/data/1140536/000114053613000004/willisgroupholdings10q.htm"
  },
  {
    "date": "2012-12-31",
    "symbol": "WTW",
    "reportedCurrency": "USD",
    "cik": "0001140536",
    "fillingDate": "2013-02-28",
    "acceptedDate": "2013-02-28 16:46:24",
    "calendarYear": "2012",
    "period": "Q4",
    "revenue": 871000000,
    "costOfRevenue": 967000000,
    "grossProfit": -96000000,
    "grossProfitRatio": -0.1102181401,
    "researchAndDevelopmentExpenses": 0,
    "generalAndAdministrativeExpenses": 1508000000,
    "sellingAndMarketingExpenses": 0,
    "sellingGeneralAndAdministrativeExpenses": -1508000000,
    "otherExpenses": -1983000000,
    "operatingExpenses": 185000000,
    "costAndExpenses": 1152000000,
    "interestIncome": 0,
    "interestExpense": 31000000,
    "depreciationAndAmortization": 35000000,
    "ebitda": -740000000,
    "ebitdaratio": -0.849598163,
    "operatingIncome": -775000000,
    "operatingIncomeRatio": -0.8897818599,
    "totalOtherIncomeExpensesNet": -244000000,
    "incomeBeforeTax": -806000000,
    "incomeBeforeTaxRatio": -0.9253731343,
    "incomeTaxExpense": -13000000,
    "netIncome": -805000000,
    "netIncomeRatio": -0.9242250287,
    "eps": -12.33,
    "epsdiluted": -12.33,
    "weightedAverageShsOut": 65307666,
    "weightedAverageShsOutDil": 65307673,
    "link": "https://www.sec.gov/Archives/edgar/data/1140536/000144530513000389/0001445305-13-000389-index.htm",
    "finalLink": "https://www.sec.gov/Archives/edgar/data/1140536/000144530513000389/willisgroup10-k.htm"
  },
  {
    "date": "2012-09-30",
    "symbol": "WTW",
    "reportedCurrency": "USD",
    "cik": "0001140536",
    "fillingDate": "2012-11-07",
    "acceptedDate": "2012-11-07 13:57:30",
    "calendarYear": "2012",
    "period": "Q3",
    "revenue": 754000000,
    "costOfRevenue": 633300000,
    "grossProfit": 120700000,
    "grossProfitRatio": 0.1600795756,
    "researchAndDevelopmentExpenses": 0,
    "generalAndAdministrativeExpenses": 502000000,
    "sellingAndMarketingExpenses": 0,
    "sellingGeneralAndAdministrativeExpenses": 502000000,
    "otherExpenses": 181000000,
    "operatingExpenses": 683000000,
    "costAndExpenses": 683000000,
    "interestIncome": 0,
    "interestExpense": 32000000,
    "depreciationAndAmortization": 35000000,
    "ebitda": 105000000,
    "ebitdaratio": 0.1392572944,
    "operatingIncome": 70000000,
    "operatingIncomeRatio": 0.0928381963,
    "totalOtherIncomeExpensesNet": -32000000,
    "incomeBeforeTax": 38000000,
    "incomeBeforeTaxRatio": 0.050397878,
    "incomeTaxExpense": 10000000,
    "netIncome": 26000000,
    "netIncomeRatio": 0.0344827586,
    "eps": 0.4,
    "epsdiluted": 0.4,
    "weightedAverageShsOut": 65307673,
    "weightedAverageShsOutDil": 66062675,
    "link": "https://www.sec.gov/Archives/edgar/data/1140536/000119312512456928/0001193125-12-456928-index.htm",
    "finalLink": "https://www.sec.gov/Archives/edgar/data/1140536/000119312512456928/d402199d10q.htm"
  },
  {
    "date": "2012-06-30",
    "symbol": "WTW",
    "reportedCurrency": "USD",
    "cik": "0001140536",
    "fillingDate": "2012-08-09",
    "acceptedDate": "2012-08-09 11:20:44",
    "calendarYear": "2012",
    "period": "Q2",
    "revenue": 842000000,
    "costOfRevenue": 644000000,
    "grossProfit": 198000000,
    "grossProfitRatio": 0.2351543943,
    "researchAndDevelopmentExpenses": 0,
    "generalAndAdministrativeExpenses": 500000000,
    "sellingAndMarketingExpenses": 0,
    "sellingGeneralAndAdministrativeExpenses": 500000000,
    "otherExpenses": 163000000,
    "operatingExpenses": 663000000,
    "costAndExpenses": 663000000,
    "interestIncome": 0,
    "interestExpense": 33000000,
    "depreciationAndAmortization": 34000000,
    "ebitda": 179000000,
    "ebitdaratio": 0.2125890736,
    "operatingIncome": 179000000,
    "operatingIncomeRatio": 0.2125890736,
    "totalOtherIncomeExpensesNet": -33000000,
    "incomeBeforeTax": 146000000,
    "incomeBeforeTaxRatio": 0.1733966746,
    "incomeTaxExpense": 36000000,
    "netIncome": 108000000,
    "netIncomeRatio": 0.1282660333,
    "eps": 1.64,
    "epsdiluted": 1.62,
    "weightedAverageShsOut": 65307673,
    "weightedAverageShsOutDil": 66440176,
    "link": "https://www.sec.gov/Archives/edgar/data/1140536/000119312512346209/0001193125-12-346209-index.htm",
    "finalLink": "https://www.sec.gov/Archives/edgar/data/1140536/000119312512346209/d352817d10q.htm"
  },
  {
    "date": "2012-03-31",
    "symbol": "WTW",
    "reportedCurrency": "USD",
    "cik": "0001140536",
    "fillingDate": "2012-05-10",
    "acceptedDate": "2012-05-10 13:33:29",
    "calendarYear": "2012",
    "period": "Q1",
    "revenue": 1013000000,
    "costOfRevenue": 677000000,
    "grossProfit": 336000000,
    "grossProfitRatio": 0.3316880553,
    "researchAndDevelopmentExpenses": 0,
    "generalAndAdministrativeExpenses": 506000000,
    "sellingAndMarketingExpenses": 0,
    "sellingGeneralAndAdministrativeExpenses": 506000000,
    "otherExpenses": 190000000,
    "operatingExpenses": 696000000,
    "costAndExpenses": 696000000,
    "interestIncome": 0,
    "interestExpense": 32000000,
    "depreciationAndAmortization": 34000000,
    "ebitda": 317000000,
    "ebitdaratio": 0.3129318855,
    "operatingIncome": 317000000,
    "operatingIncomeRatio": 0.3129318855,
    "totalOtherIncomeExpensesNet": -32000000,
    "incomeBeforeTax": 285000000,
    "incomeBeforeTaxRatio": 0.2813425469,
    "incomeTaxExpense": 68000000,
    "netIncome": 225000000,
    "netIncomeRatio": 0.222112537,
    "eps": 3.43,
    "epsdiluted": 3.39,
    "weightedAverageShsOut": 65685174,
    "weightedAverageShsOutDil": 66357598,
    "link": "https://www.sec.gov/Archives/edgar/data/1140536/000119312512224769/0001193125-12-224769-index.htm",
    "finalLink": "https://www.sec.gov/Archives/edgar/data/1140536/000119312512224769/d314051d10q.htm"
  },
  {
    "date": "2011-12-31",
    "symbol": "WTW",
    "reportedCurrency": "USD",
    "cik": "0001140536",
    "fillingDate": "2012-02-29",
    "acceptedDate": "2012-02-29 16:10:39",
    "calendarYear": "2011",
    "period": "Q4",
    "revenue": 825000000,
    "costOfRevenue": 2811000000,
    "grossProfit": -1986000000,
    "grossProfitRatio": -2.4072727273,
    "researchAndDevelopmentExpenses": 0,
    "generalAndAdministrativeExpenses": 512000000,
    "sellingAndMarketingExpenses": 0,
    "sellingGeneralAndAdministrativeExpenses": 512000000,
    "otherExpenses": 226000000,
    "operatingExpenses": 719000000,
    "costAndExpenses": 719000000,
    "interestIncome": 0,
    "interestExpense": 44000000,
    "depreciationAndAmortization": 34000000,
    "ebitda": 140000000,
    "ebitdaratio": 0.1696969697,
    "operatingIncome": 106000000,
    "operatingIncomeRatio": 0.1284848485,
    "totalOtherIncomeExpensesNet": -44000000,
    "incomeBeforeTax": 62000000,
    "incomeBeforeTaxRatio": 0.0751515152,
    "incomeTaxExpense": 8000000,
    "netIncome": 40000000,
    "netIncomeRatio": 0.0484848485,
    "eps": 0.61,
    "epsdiluted": 0.61,
    "weightedAverageShsOut": 65685174,
    "weightedAverageShsOutDil": 66440176,
    "link": "https://www.sec.gov/Archives/edgar/data/1140536/000095012312004309/0000950123-12-004309-index.htm",
    "finalLink": "https://www.sec.gov/Archives/edgar/data/1140536/000095012312004309/u11467e10vk.htm"
  },
  {
    "date": "2011-09-30",
    "symbol": "WTW",
    "reportedCurrency": "USD",
    "cik": "0001140536",
    "fillingDate": "2011-11-09",
    "acceptedDate": "2011-11-09 14:55:43",
    "calendarYear": "2011",
    "period": "Q3",
    "revenue": 762000000,
    "costOfRevenue": 655000000,
    "grossProfit": 107000000,
    "grossProfitRatio": 0.1404199475,
    "researchAndDevelopmentExpenses": 0,
    "generalAndAdministrativeExpenses": 490000000,
    "sellingAndMarketingExpenses": 0,
    "sellingGeneralAndAdministrativeExpenses": 490000000,
    "otherExpenses": 182000000,
    "operatingExpenses": 672000000,
    "costAndExpenses": 672000000,
    "interestIncome": 0,
    "interestExpense": 38000000,
    "depreciationAndAmortization": 35000000,
    "ebitda": 90000000,
    "ebitdaratio": 0.1181102362,
    "operatingIncome": 90000000,
    "operatingIncomeRatio": 0.1181102362,
    "totalOtherIncomeExpensesNet": -30000000,
    "incomeBeforeTax": 52000000,
    "incomeBeforeTaxRatio": 0.0682414698,
    "incomeTaxExpense": 2000000,
    "netIncome": 60000000,
    "netIncomeRatio": 0.0787401575,
    "eps": 0.93,
    "epsdiluted": 0.9,
    "weightedAverageShsOut": 65307673,
    "weightedAverageShsOutDil": 66440176,
    "link": "https://www.sec.gov/Archives/edgar/data/1140536/000095012311096962/0000950123-11-096962-index.htm",
    "finalLink": "https://www.sec.gov/Archives/edgar/data/1140536/000095012311096962/u11461e10vq.htm"
  },
  {
    "date": "2011-06-30",
    "symbol": "WTW",
    "reportedCurrency": "USD",
    "cik": "0001140536",
    "fillingDate": "2011-08-09",
    "acceptedDate": "2011-08-09 11:50:20",
    "calendarYear": "2011",
    "period": "Q2",
    "revenue": 863000000,
    "costOfRevenue": 687000000,
    "grossProfit": 176000000,
    "grossProfitRatio": 0.2039397451,
    "researchAndDevelopmentExpenses": 0,
    "generalAndAdministrativeExpenses": 506000000,
    "sellingAndMarketingExpenses": 0,
    "sellingGeneralAndAdministrativeExpenses": 506000000,
    "otherExpenses": 200000000,
    "operatingExpenses": 706000000,
    "costAndExpenses": 706000000,
    "interestIncome": 0,
    "interestExpense": 34000000,
    "depreciationAndAmortization": 36000000,
    "ebitda": 193000000,
    "ebitdaratio": 0.2236384705,
    "operatingIncome": 157000000,
    "operatingIncomeRatio": 0.1819235226,
    "totalOtherIncomeExpensesNet": -34000000,
    "incomeBeforeTax": 123000000,
    "incomeBeforeTaxRatio": 0.1425260718,
    "incomeTaxExpense": 31000000,
    "netIncome": 85000000,
    "netIncomeRatio": 0.0984936269,
    "eps": 1.3,
    "epsdiluted": 1.27,
    "weightedAverageShsOut": 64930172,
    "weightedAverageShsOutDil": 66440176,
    "link": "https://www.sec.gov/Archives/edgar/data/1140536/000095012311074829/0000950123-11-074829-index.htm",
    "finalLink": "https://www.sec.gov/Archives/edgar/data/1140536/000095012311074829/u10790e10vq.htm"
  },
  {
    "date": "2011-03-31",
    "symbol": "WTW",
    "reportedCurrency": "USD",
    "cik": "0001140536",
    "fillingDate": "2011-05-10",
    "acceptedDate": "2011-05-10 09:33:50",
    "calendarYear": "2011",
    "period": "Q1",
    "revenue": 1008000000,
    "costOfRevenue": 754000000,
    "grossProfit": 254000000,
    "grossProfitRatio": 0.251984127,
    "researchAndDevelopmentExpenses": 0,
    "generalAndAdministrativeExpenses": 584000000,
    "sellingAndMarketingExpenses": 0,
    "sellingGeneralAndAdministrativeExpenses": 584000000,
    "otherExpenses": 190000000,
    "operatingExpenses": 770000000,
    "costAndExpenses": 770000000,
    "interestIncome": 0,
    "interestExpense": 40000000,
    "depreciationAndAmortization": 37000000,
    "ebitda": 275000000,
    "ebitdaratio": 0.2728174603,
    "operatingIncome": 238000000,
    "operatingIncomeRatio": 0.2361111111,
    "totalOtherIncomeExpensesNet": -205000000,
    "incomeBeforeTax": 27000000,
    "incomeBeforeTaxRatio": 0.0267857143,
    "incomeTaxExpense": 1000000,
    "netIncome": 34000000,
    "netIncomeRatio": 0.0337301587,
    "eps": 0.53,
    "epsdiluted": 0.53,
    "weightedAverageShsOut": 64552671,
    "weightedAverageShsOutDil": 65685174,
    "link": "https://www.sec.gov/Archives/edgar/data/1140536/000095012311047905/0000950123-11-047905-index.htm",
    "finalLink": "https://www.sec.gov/Archives/edgar/data/1140536/000095012311047905/u10791e10vq.htm"
  },
  {
    "date": "2010-12-31",
    "symbol": "WTW",
    "reportedCurrency": "USD",
    "cik": "0001140536",
    "fillingDate": "2011-02-28",
    "acceptedDate": "2011-02-25 19:33:24",
    "calendarYear": "2010",
    "period": "Q4",
    "revenue": 835000000,
    "costOfRevenue": 2521000000,
    "grossProfit": -1686000000,
    "grossProfitRatio": -2.0191616766,
    "researchAndDevelopmentExpenses": 0,
    "generalAndAdministrativeExpenses": 469000000,
    "sellingAndMarketingExpenses": 0,
    "sellingGeneralAndAdministrativeExpenses": 469000000,
    "otherExpenses": 187000000,
    "operatingExpenses": 656000000,
    "costAndExpenses": 656000000,
    "interestIncome": 0,
    "interestExpense": 42000000,
    "depreciationAndAmortization": 36000000,
    "ebitda": 213000000,
    "ebitdaratio": 0.2550898204,
    "operatingIncome": 177000000,
    "operatingIncomeRatio": 0.2119760479,
    "totalOtherIncomeExpensesNet": -42000000,
    "incomeBeforeTax": 135000000,
    "incomeBeforeTaxRatio": 0.1616766467,
    "incomeTaxExpense": 28000000,
    "netIncome": 98000000,
    "netIncomeRatio": 0.1173652695,
    "eps": 1.52,
    "epsdiluted": 1.49,
    "weightedAverageShsOut": 64552671,
    "weightedAverageShsOutDil": 65685174,
    "link": "https://www.sec.gov/Archives/edgar/data/1140536/000095012311019018/0000950123-11-019018-index.htm",
    "finalLink": "https://www.sec.gov/Archives/edgar/data/1140536/000095012311019018/u10354e10vk.htm"
  },
  {
    "date": "2010-09-30",
    "symbol": "WTW",
    "reportedCurrency": "USD",
    "cik": "0001140536",
    "fillingDate": "2010-11-05",
    "acceptedDate": "2010-11-05 16:19:52",
    "calendarYear": "2010",
    "period": "Q3",
    "revenue": 733000000,
    "costOfRevenue": 613000000,
    "grossProfit": 120000000,
    "grossProfitRatio": 0.1637107776,
    "researchAndDevelopmentExpenses": 0,
    "generalAndAdministrativeExpenses": 462000000,
    "sellingAndMarketingExpenses": 0,
    "sellingGeneralAndAdministrativeExpenses": 462000000,
    "otherExpenses": 165000000,
    "operatingExpenses": 627000000,
    "costAndExpenses": 627000000,
    "interestIncome": 0,
    "interestExpense": 40000000,
    "depreciationAndAmortization": 36000000,
    "ebitda": 106000000,
    "ebitdaratio": 0.1446111869,
    "operatingIncome": 106000000,
    "operatingIncomeRatio": 0.1446111869,
    "totalOtherIncomeExpensesNet": -40000000,
    "incomeBeforeTax": 66000000,
    "incomeBeforeTaxRatio": 0.0900409277,
    "incomeTaxExpense": 10000000,
    "netIncome": 64000000,
    "netIncomeRatio": 0.0873124147,
    "eps": 1.01,
    "epsdiluted": 0.98,
    "weightedAverageShsOut": 64175170,
    "weightedAverageShsOutDil": 64552671,
    "link": "https://www.sec.gov/Archives/edgar/data/1140536/000095012310101712/0000950123-10-101712-index.htm",
    "finalLink": "https://www.sec.gov/Archives/edgar/data/1140536/000095012310101712/u09753e10vq.htm"
  },
  {
    "date": "2010-06-30",
    "symbol": "WTW",
    "reportedCurrency": "USD",
    "cik": "0001140536",
    "fillingDate": "2010-08-06",
    "acceptedDate": "2010-08-06 16:55:25",
    "calendarYear": "2010",
    "period": "Q2",
    "revenue": 799000000,
    "costOfRevenue": 612000000,
    "grossProfit": 187000000,
    "grossProfitRatio": 0.2340425532,
    "researchAndDevelopmentExpenses": 0,
    "generalAndAdministrativeExpenses": 456000000,
    "sellingAndMarketingExpenses": 0,
    "sellingGeneralAndAdministrativeExpenses": 456000000,
    "otherExpenses": 172000000,
    "operatingExpenses": 630000000,
    "costAndExpenses": 630000000,
    "interestIncome": 0,
    "interestExpense": 41000000,
    "depreciationAndAmortization": 37000000,
    "ebitda": 206000000,
    "ebitdaratio": 0.2578222778,
    "operatingIncome": 169000000,
    "operatingIncomeRatio": 0.211514393,
    "totalOtherIncomeExpensesNet": -41000000,
    "incomeBeforeTax": 128000000,
    "incomeBeforeTaxRatio": 0.1602002503,
    "incomeTaxExpense": 35000000,
    "netIncome": 89000000,
    "netIncomeRatio": 0.1113892365,
    "eps": 1.38,
    "epsdiluted": 1.38,
    "weightedAverageShsOut": 64175170,
    "weightedAverageShsOutDil": 64552671,
    "link": "https://www.sec.gov/Archives/edgar/data/1140536/000095012310074389/0000950123-10-074389-index.htm",
    "finalLink": "https://www.sec.gov/Archives/edgar/data/1140536/000095012310074389/u09352e10vq.htm"
  },
  {
    "date": "2010-03-31",
    "symbol": "WTW",
    "reportedCurrency": "USD",
    "cik": "0001140536",
    "fillingDate": "2010-05-10",
    "acceptedDate": "2010-05-10 16:33:22",
    "calendarYear": "2010",
    "period": "Q1",
    "revenue": 972000000,
    "costOfRevenue": 656000000,
    "grossProfit": 316000000,
    "grossProfitRatio": 0.3251028807,
    "researchAndDevelopmentExpenses": 0,
    "generalAndAdministrativeExpenses": 486000000,
    "sellingAndMarketingExpenses": 0,
    "sellingGeneralAndAdministrativeExpenses": 486000000,
    "otherExpenses": 185000000,
    "operatingExpenses": 671000000,
    "costAndExpenses": 671000000,
    "interestIncome": 0,
    "interestExpense": 43000000,
    "depreciationAndAmortization": 36000000,
    "ebitda": 301000000,
    "ebitdaratio": 0.3096707819,
    "operatingIncome": 301000000,
    "operatingIncomeRatio": 0.3096707819,
    "totalOtherIncomeExpensesNet": -43000000,
    "incomeBeforeTax": 258000000,
    "incomeBeforeTaxRatio": 0.2654320988,
    "incomeTaxExpense": 67000000,
    "netIncome": 204000000,
    "netIncomeRatio": 0.2098765432,
    "eps": 3.21,
    "epsdiluted": 3.18,
    "weightedAverageShsOut": 63797669,
    "weightedAverageShsOutDil": 64175170,
    "link": "https://www.sec.gov/Archives/edgar/data/1140536/000095012310047214/0000950123-10-047214-index.htm",
    "finalLink": "https://www.sec.gov/Archives/edgar/data/1140536/000095012310047214/u08858e10vq.htm"
  },
  {
    "date": "2009-12-31",
    "symbol": "WTW",
    "reportedCurrency": "USD",
    "cik": "0001140536",
    "fillingDate": "2010-03-01",
    "acceptedDate": "2010-02-26 21:04:24",
    "calendarYear": "2009",
    "period": "Q4",
    "revenue": 824000000,
    "costOfRevenue": 2522000000,
    "grossProfit": -1698000000,
    "grossProfitRatio": -2.0606796117,
    "researchAndDevelopmentExpenses": 0,
    "generalAndAdministrativeExpenses": 455000000,
    "sellingAndMarketingExpenses": 0,
    "sellingGeneralAndAdministrativeExpenses": 455000000,
    "otherExpenses": 196000000,
    "operatingExpenses": 651000000,
    "costAndExpenses": 651000000,
    "interestIncome": 0,
    "interestExpense": 46000000,
    "depreciationAndAmortization": 41000000,
    "ebitda": 214000000,
    "ebitdaratio": 0.2597087379,
    "operatingIncome": 173000000,
    "operatingIncomeRatio": 0.2099514563,
    "totalOtherIncomeExpensesNet": -46000000,
    "incomeBeforeTax": 127000000,
    "incomeBeforeTaxRatio": 0.1541262136,
    "incomeTaxExpense": 32000000,
    "netIncome": 79000000,
    "netIncomeRatio": 0.0958737864,
    "eps": 1.24,
    "epsdiluted": 1.23,
    "weightedAverageShsOut": 63797669,
    "weightedAverageShsOutDil": 64175170,
    "link": "https://www.sec.gov/Archives/edgar/data/1140536/000095012310018538/0000950123-10-018538-index.htm",
    "finalLink": "https://www.sec.gov/Archives/edgar/data/1140536/000095012310018538/u08176e10vk.htm"
  },
  {
    "date": "2009-09-30",
    "symbol": "WTW",
    "reportedCurrency": "USD",
    "cik": "0001140536",
    "fillingDate": "2009-11-06",
    "acceptedDate": "2009-11-06 06:31:00",
    "calendarYear": "2009",
    "period": "Q3",
    "revenue": 725000000,
    "costOfRevenue": 629000000,
    "grossProfit": 96000000,
    "grossProfitRatio": 0.1324137931,
    "researchAndDevelopmentExpenses": 0,
    "generalAndAdministrativeExpenses": 449000000,
    "sellingAndMarketingExpenses": 0,
    "sellingGeneralAndAdministrativeExpenses": 449000000,
    "otherExpenses": 194000000,
    "operatingExpenses": 643000000,
    "costAndExpenses": 643000000,
    "interestIncome": 0,
    "interestExpense": 47000000,
    "depreciationAndAmortization": 44000000,
    "ebitda": 126000000,
    "ebitdaratio": 0.1737931034,
    "operatingIncome": 82000000,
    "operatingIncomeRatio": 0.1131034483,
    "totalOtherIncomeExpensesNet": -47000000,
    "incomeBeforeTax": 35000000,
    "incomeBeforeTaxRatio": 0.0482758621,
    "incomeTaxExpense": -29000000,
    "netIncome": 79000000,
    "netIncomeRatio": 0.1089655172,
    "eps": 1.25,
    "epsdiluted": 1.25,
    "weightedAverageShsOut": 63420168,
    "weightedAverageShsOutDil": 63797669,
    "link": "https://www.sec.gov/Archives/edgar/data/1140536/000095012309058730/0000950123-09-058730-index.htm",
    "finalLink": "https://www.sec.gov/Archives/edgar/data/1140536/000095012309058730/u07636e10vq.htm"
  },
  {
    "date": "2009-06-30",
    "symbol": "WTW",
    "reportedCurrency": "USD",
    "cik": "0001140536",
    "fillingDate": "2009-08-07",
    "acceptedDate": "2009-08-07 15:20:42",
    "calendarYear": "2009",
    "period": "Q2",
    "revenue": 784000000,
    "costOfRevenue": 605000000,
    "grossProfit": 179000000,
    "grossProfitRatio": 0.2283163265,
    "researchAndDevelopmentExpenses": 0,
    "generalAndAdministrativeExpenses": 443000000,
    "sellingAndMarketingExpenses": 0,
    "sellingGeneralAndAdministrativeExpenses": 443000000,
    "otherExpenses": 176000000,
    "operatingExpenses": 619000000,
    "costAndExpenses": 619000000,
    "interestIncome": 0,
    "interestExpense": 43000000,
    "depreciationAndAmortization": 37000000,
    "ebitda": 165000000,
    "ebitdaratio": 0.2104591837,
    "operatingIncome": 165000000,
    "operatingIncomeRatio": 0.2104591837,
    "totalOtherIncomeExpensesNet": -43000000,
    "incomeBeforeTax": 122000000,
    "incomeBeforeTaxRatio": 0.1556122449,
    "incomeTaxExpense": 31000000,
    "netIncome": 87000000,
    "netIncomeRatio": 0.1109693878,
    "eps": 1.38,
    "epsdiluted": 1.38,
    "weightedAverageShsOut": 63420168,
    "weightedAverageShsOutDil": 63420168,
    "link": "https://www.sec.gov/Archives/edgar/data/1140536/000095012309032027/0000950123-09-032027-index.htm",
    "finalLink": "https://www.sec.gov/Archives/edgar/data/1140536/000095012309032027/u07252e10vq.htm"
  },
  {
    "date": "2009-03-31",
    "symbol": "WTW",
    "reportedCurrency": "USD",
    "cik": "0001140536",
    "fillingDate": "2009-05-08",
    "acceptedDate": "2009-05-08 13:28:10",
    "calendarYear": "2009",
    "period": "Q1",
    "revenue": 930000000,
    "costOfRevenue": 642000000,
    "grossProfit": 288000000,
    "grossProfitRatio": 0.3096774194,
    "researchAndDevelopmentExpenses": 0,
    "generalAndAdministrativeExpenses": 480000000,
    "sellingAndMarketingExpenses": 0,
    "sellingGeneralAndAdministrativeExpenses": 480000000,
    "otherExpenses": 176000000,
    "operatingExpenses": 656000000,
    "costAndExpenses": 656000000,
    "interestIncome": 0,
    "interestExpense": 38000000,
    "depreciationAndAmortization": 38000000,
    "ebitda": 274000000,
    "ebitdaratio": 0.2946236559,
    "operatingIncome": 274000000,
    "operatingIncomeRatio": 0.2946236559,
    "totalOtherIncomeExpensesNet": -38000000,
    "incomeBeforeTax": 236000000,
    "incomeBeforeTaxRatio": 0.2537634409,
    "incomeTaxExpense": 62000000,
    "netIncome": 193000000,
    "netIncomeRatio": 0.2075268817,
    "eps": 3.07,
    "epsdiluted": 3.07,
    "weightedAverageShsOut": 63042667,
    "weightedAverageShsOutDil": 63042667,
    "link": "https://www.sec.gov/Archives/edgar/data/1140536/000104746909005234/0001047469-09-005234-index.htm",
    "finalLink": "https://www.sec.gov/Archives/edgar/data/1140536/000104746909005234/a2192768z10-q.htm"
  },
  {
    "date": "2008-12-31",
    "symbol": "WTW",
    "reportedCurrency": "USD",
    "cik": "0001140536",
    "fillingDate": "2009-02-27",
    "acceptedDate": "2009-02-27 16:35:40",
    "calendarYear": "2008",
    "period": "Q4",
    "revenue": 799000000,
    "costOfRevenue": 1862000000,
    "grossProfit": -1063000000,
    "grossProfitRatio": -1.3304130163,
    "researchAndDevelopmentExpenses": 0,
    "generalAndAdministrativeExpenses": 0,
    "sellingAndMarketingExpenses": 0,
    "sellingGeneralAndAdministrativeExpenses": 1049000000,
    "otherExpenses": 35000000,
    "operatingExpenses": 1084000000,
    "costAndExpenses": 663000000,
    "interestIncome": 0,
    "interestExpense": 0,
    "depreciationAndAmortization": 37000000,
    "ebitda": 173000000,
    "ebitdaratio": 0.2165206508,
    "operatingIncome": 136000000,
    "operatingIncomeRatio": 0.170212766,
    "totalOtherIncomeExpensesNet": -36000000,
    "incomeBeforeTax": 100000000,
    "incomeBeforeTaxRatio": 0.1251564456,
    "incomeTaxExpense": 23000000,
    "netIncome": 62000000,
    "netIncomeRatio": 0.0775969962,
    "eps": 0.98,
    "epsdiluted": 0.98,
    "weightedAverageShsOut": 62665166,
    "weightedAverageShsOutDil": 63042667,
    "link": "https://www.sec.gov/Archives/edgar/data/1140536/000104746909001993/0001047469-09-001993-index.htm",
    "finalLink": "https://www.sec.gov/Archives/edgar/data/1140536/000104746909001993/a2190890z10-k.htm"
  },
  {
    "date": "2008-09-30",
    "symbol": "WTW",
    "reportedCurrency": "USD",
    "cik": "0001140536",
    "fillingDate": "2008-11-10",
    "acceptedDate": "2008-11-10 15:01:29",
    "calendarYear": "2008",
    "period": "Q3",
    "revenue": 579000000,
    "costOfRevenue": 131000000,
    "grossProfit": 448000000,
    "grossProfitRatio": 0.7737478411,
    "researchAndDevelopmentExpenses": 0,
    "generalAndAdministrativeExpenses": 0,
    "sellingAndMarketingExpenses": 0,
    "sellingGeneralAndAdministrativeExpenses": 359000000,
    "otherExpenses": 23000000,
    "operatingExpenses": 382000000,
    "costAndExpenses": 513000000,
    "interestIncome": 0,
    "interestExpense": 0,
    "depreciationAndAmortization": 20000000,
    "ebitda": 86000000,
    "ebitdaratio": 0.1485319516,
    "operatingIncome": 66000000,
    "operatingIncomeRatio": 0.1139896373,
    "totalOtherIncomeExpensesNet": -30000000,
    "incomeBeforeTax": 34000000,
    "incomeBeforeTaxRatio": 0.0587219344,
    "incomeTaxExpense": 2000000,
    "netIncome": 36000000,
    "netIncomeRatio": 0.0621761658,
    "eps": 0.66,
    "epsdiluted": 0.66,
    "weightedAverageShsOut": 53605142,
    "weightedAverageShsOutDil": 53605142,
    "link": "https://www.sec.gov/Archives/edgar/data/1140536/000104746908011894/0001047469-08-011894-index.htm",
    "finalLink": "https://www.sec.gov/Archives/edgar/data/1140536/000104746908011894/a2188707z10-q.htm"
  },
  {
    "date": "2008-06-30",
    "symbol": "WTW",
    "reportedCurrency": "USD",
    "cik": "0001140536",
    "fillingDate": "2008-08-06",
    "acceptedDate": "2008-08-06 14:35:01",
    "calendarYear": "2008",
    "period": "Q2",
    "revenue": 661000000,
    "costOfRevenue": 141000000,
    "grossProfit": 520000000,
    "grossProfitRatio": 0.7866868381,
    "researchAndDevelopmentExpenses": 0,
    "generalAndAdministrativeExpenses": 0,
    "sellingAndMarketingExpenses": 0,
    "sellingGeneralAndAdministrativeExpenses": 428000000,
    "otherExpenses": 15000000,
    "operatingExpenses": 443000000,
    "costAndExpenses": 584000000,
    "interestIncome": 0,
    "interestExpense": 21000000,
    "depreciationAndAmortization": 17000000,
    "ebitda": 60000000,
    "ebitdaratio": 0.0907715582,
    "operatingIncome": 77000000,
    "operatingIncomeRatio": 0.1164901664,
    "totalOtherIncomeExpensesNet": -21000000,
    "incomeBeforeTax": 56000000,
    "incomeBeforeTaxRatio": 0.084720121,
    "incomeTaxExpense": 12000000,
    "netIncome": 39000000,
    "netIncomeRatio": 0.0590015129,
    "eps": 0.74,
    "epsdiluted": 0.72,
    "weightedAverageShsOut": 53227641,
    "weightedAverageShsOutDil": 53605142,
    "link": "https://www.sec.gov/Archives/edgar/data/1140536/000104746908008806/0001047469-08-008806-index.htm",
    "finalLink": "https://www.sec.gov/Archives/edgar/data/1140536/000104746908008806/a2187153z10-q.htm"
  },
  {
    "date": "2008-03-31",
    "symbol": "WTW",
    "reportedCurrency": "USD",
    "cik": "0001140536",
    "fillingDate": "2008-05-09",
    "acceptedDate": "2008-05-09 10:46:07",
    "calendarYear": "2008",
    "period": "Q1",
    "revenue": 795000000,
    "costOfRevenue": 149000000,
    "grossProfit": 646000000,
    "grossProfitRatio": 0.8125786164,
    "researchAndDevelopmentExpenses": 0,
    "generalAndAdministrativeExpenses": 0,
    "sellingAndMarketingExpenses": 0,
    "sellingGeneralAndAdministrativeExpenses": 411000000,
    "otherExpenses": 10000000,
    "operatingExpenses": 421000000,
    "costAndExpenses": 570000000,
    "interestIncome": 0,
    "interestExpense": 16000000,
    "depreciationAndAmortization": 16000000,
    "ebitda": 209000000,
    "ebitdaratio": 0.2628930818,
    "operatingIncome": 225000000,
    "operatingIncomeRatio": 0.2830188679,
    "totalOtherIncomeExpensesNet": -16000000,
    "incomeBeforeTax": 209000000,
    "incomeBeforeTaxRatio": 0.2628930818,
    "incomeTaxExpense": 60000000,
    "netIncome": 166000000,
    "netIncomeRatio": 0.2088050314,
    "eps": 3.1,
    "epsdiluted": 3.07,
    "weightedAverageShsOut": 53605142,
    "weightedAverageShsOutDil": 53982643,
    "link": "https://www.sec.gov/Archives/edgar/data/1140536/000104746908006264/0001047469-08-006264-index.htm",
    "finalLink": "https://www.sec.gov/Archives/edgar/data/1140536/000104746908006264/a2185413z10-q.htm"
  },
  {
    "date": "2007-12-31",
    "symbol": "WTW",
    "reportedCurrency": "USD",
    "cik": "0001140536",
    "fillingDate": "2008-02-27",
    "acceptedDate": "2008-02-27 16:31:47",
    "calendarYear": "2007",
    "period": "Q4",
    "revenue": 639000000,
    "costOfRevenue": 1567000000,
    "grossProfit": -928000000,
    "grossProfitRatio": -1.4522691706,
    "researchAndDevelopmentExpenses": 0,
    "generalAndAdministrativeExpenses": 0,
    "sellingAndMarketingExpenses": 0,
    "sellingGeneralAndAdministrativeExpenses": 819000000,
    "otherExpenses": 10000000,
    "operatingExpenses": 829000000,
    "costAndExpenses": 488000000,
    "interestIncome": 0,
    "interestExpense": 0,
    "depreciationAndAmortization": 17000000,
    "ebitda": 168000000,
    "ebitdaratio": 0.2629107981,
    "operatingIncome": 151000000,
    "operatingIncomeRatio": 0.2363067293,
    "totalOtherIncomeExpensesNet": -18000000,
    "incomeBeforeTax": 133000000,
    "incomeBeforeTaxRatio": 0.2081377152,
    "incomeTaxExpense": 28000000,
    "netIncome": 95000000,
    "netIncomeRatio": 0.1486697966,
    "eps": 1.77,
    "epsdiluted": 1.76,
    "weightedAverageShsOut": 53605142,
    "weightedAverageShsOutDil": 53982643,
    "link": "https://www.sec.gov/Archives/edgar/data/1140536/000104746908001829/0001047469-08-001829-index.htm",
    "finalLink": "https://www.sec.gov/Archives/edgar/data/1140536/000104746908001829/a2182840z10-k.htm"
  },
  {
    "date": "2007-09-30",
    "symbol": "WTW",
    "reportedCurrency": "USD",
    "cik": "0001140536",
    "fillingDate": "2007-11-09",
    "acceptedDate": "2007-11-09 12:22:19",
    "calendarYear": "2007",
    "period": "Q3",
    "revenue": 574000000,
    "costOfRevenue": 116000000,
    "grossProfit": 458000000,
    "grossProfitRatio": 0.7979094077,
    "researchAndDevelopmentExpenses": 0,
    "generalAndAdministrativeExpenses": 0,
    "sellingAndMarketingExpenses": 0,
    "sellingGeneralAndAdministrativeExpenses": 352000000,
    "otherExpenses": 13000000,
    "operatingExpenses": 365000000,
    "costAndExpenses": 481000000,
    "interestIncome": 0,
    "interestExpense": 0,
    "depreciationAndAmortization": 16000000,
    "ebitda": 77000000,
    "ebitdaratio": 0.1341463415,
    "operatingIncome": 93000000,
    "operatingIncomeRatio": 0.1620209059,
    "totalOtherIncomeExpensesNet": -17000000,
    "incomeBeforeTax": 76000000,
    "incomeBeforeTaxRatio": 0.1324041812,
    "incomeTaxExpense": 12000000,
    "netIncome": 67000000,
    "netIncomeRatio": 0.1167247387,
    "eps": 1.25,
    "epsdiluted": 1.22,
    "weightedAverageShsOut": 53982643,
    "weightedAverageShsOutDil": 54737645,
    "link": "https://www.sec.gov/Archives/edgar/data/1140536/000104746907008834/0001047469-07-008834-index.htm",
    "finalLink": "https://www.sec.gov/Archives/edgar/data/1140536/000104746907008834/a2180622z10-q.htm"
  },
  {
    "date": "2007-06-30",
    "symbol": "WTW",
    "reportedCurrency": "USD",
    "cik": "0001140536",
    "fillingDate": "2007-08-08",
    "acceptedDate": "2007-08-07 19:24:29",
    "calendarYear": "2007",
    "period": "Q2",
    "revenue": 626000000,
    "costOfRevenue": 114000000,
    "grossProfit": 512000000,
    "grossProfitRatio": 0.8178913738,
    "researchAndDevelopmentExpenses": 0,
    "generalAndAdministrativeExpenses": 0,
    "sellingAndMarketingExpenses": 0,
    "sellingGeneralAndAdministrativeExpenses": 360000000,
    "otherExpenses": 14000000,
    "operatingExpenses": 374000000,
    "costAndExpenses": 488000000,
    "interestIncome": 0,
    "interestExpense": 0,
    "depreciationAndAmortization": 17000000,
    "ebitda": 121000000,
    "ebitdaratio": 0.1932907348,
    "operatingIncome": 138000000,
    "operatingIncomeRatio": 0.2204472843,
    "totalOtherIncomeExpensesNet": -19000000,
    "incomeBeforeTax": 119000000,
    "incomeBeforeTaxRatio": 0.1900958466,
    "incomeTaxExpense": 36000000,
    "netIncome": 78000000,
    "netIncomeRatio": 0.124600639,
    "eps": 1.46,
    "epsdiluted": 1.43,
    "weightedAverageShsOut": 53605142,
    "weightedAverageShsOutDil": 54737645,
    "link": "https://www.sec.gov/Archives/edgar/data/1140536/000110465907059828/0001104659-07-059828-index.htm",
    "finalLink": "https://www.sec.gov/Archives/edgar/data/1140536/000110465907059828/a07-19007_110q.htm"
  },
  {
    "date": "2007-03-31",
    "symbol": "WTW",
    "reportedCurrency": "USD",
    "cik": "0001140536",
    "fillingDate": "2007-05-10",
    "acceptedDate": "2007-05-10 09:05:40",
    "calendarYear": "2007",
    "period": "Q1",
    "revenue": 739000000,
    "costOfRevenue": 111000000,
    "grossProfit": 628000000,
    "grossProfitRatio": 0.849797023,
    "researchAndDevelopmentExpenses": 0,
    "generalAndAdministrativeExpenses": 0,
    "sellingAndMarketingExpenses": 0,
    "sellingGeneralAndAdministrativeExpenses": 377000000,
    "otherExpenses": 13000000,
    "operatingExpenses": 390000000,
    "costAndExpenses": 501000000,
    "interestIncome": 0,
    "interestExpense": 0,
    "depreciationAndAmortization": 16000000,
    "ebitda": 222000000,
    "ebitdaratio": 0.300405954,
    "operatingIncome": 238000000,
    "operatingIncomeRatio": 0.3220568336,
    "totalOtherIncomeExpensesNet": -12000000,
    "incomeBeforeTax": 226000000,
    "incomeBeforeTaxRatio": 0.3058186739,
    "incomeTaxExpense": 68000000,
    "netIncome": 169000000,
    "netIncomeRatio": 0.2286874154,
    "eps": 2.94,
    "epsdiluted": 2.91,
    "weightedAverageShsOut": 57380152,
    "weightedAverageShsOutDil": 58135154,
    "link": "https://www.sec.gov/Archives/edgar/data/1140536/000110465907037890/0001104659-07-037890-index.htm",
    "finalLink": "https://www.sec.gov/Archives/edgar/data/1140536/000110465907037890/a07-10997_110q.htm"
  },
  {
    "date": "2006-12-31",
    "symbol": "WTW",
    "reportedCurrency": "USD",
    "cik": "0001140536",
    "fillingDate": "2007-02-28",
    "acceptedDate": "2007-02-28 15:06:52",
    "calendarYear": "2006",
    "period": "Q4",
    "revenue": 621000000,
    "costOfRevenue": 244089000,
    "grossProfit": 376911000,
    "grossProfitRatio": 0.606942029,
    "researchAndDevelopmentExpenses": 0,
    "generalAndAdministrativeExpenses": 0,
    "sellingAndMarketingExpenses": 0,
    "sellingGeneralAndAdministrativeExpenses": 829000000,
    "otherExpenses": 18000000,
    "operatingExpenses": 847000000,
    "costAndExpenses": 496000000,
    "interestIncome": 0,
    "interestExpense": 0,
    "depreciationAndAmortization": 17000000,
    "ebitda": 142000000,
    "ebitdaratio": 0.2286634461,
    "operatingIncome": 132000000,
    "operatingIncomeRatio": 0.2125603865,
    "totalOtherIncomeExpensesNet": -11000000,
    "incomeBeforeTax": 121000000,
    "incomeBeforeTaxRatio": 0.1948470209,
    "incomeTaxExpense": -38000000,
    "netIncome": 148000000,
    "netIncomeRatio": 0.2383252818,
    "eps": 2.58,
    "epsdiluted": 2.55,
    "weightedAverageShsOut": 57380152,
    "weightedAverageShsOutDil": 58135154,
    "link": "https://www.sec.gov/Archives/edgar/data/1140536/000110465907014849/0001104659-07-014849-index.htm",
    "finalLink": "https://www.sec.gov/Archives/edgar/data/1140536/000110465907014849/a07-4697_110k.htm"
  },
  {
    "date": "2006-09-30",
    "symbol": "WTW",
    "reportedCurrency": "USD",
    "cik": "0001140536",
    "fillingDate": "2006-11-08",
    "acceptedDate": "2006-11-08 10:17:47",
    "calendarYear": "2006",
    "period": "Q3",
    "revenue": 543000000,
    "costOfRevenue": 138000000,
    "grossProfit": 405000000,
    "grossProfitRatio": 0.7458563536,
    "researchAndDevelopmentExpenses": 0,
    "generalAndAdministrativeExpenses": 0,
    "sellingAndMarketingExpenses": 0,
    "sellingGeneralAndAdministrativeExpenses": 383000000,
    "otherExpenses": -82000000,
    "operatingExpenses": 301000000,
    "costAndExpenses": 439000000,
    "interestIncome": 0,
    "interestExpense": 0,
    "depreciationAndAmortization": 17000000,
    "ebitda": 121000000,
    "ebitdaratio": 0.2228360958,
    "operatingIncome": 97000000,
    "operatingIncomeRatio": 0.1786372007,
    "totalOtherIncomeExpensesNet": -9000000,
    "incomeBeforeTax": 88000000,
    "incomeBeforeTaxRatio": 0.1620626151,
    "incomeTaxExpense": 3000000,
    "netIncome": 89000000,
    "netIncomeRatio": 0.1639042357,
    "eps": 1.51,
    "epsdiluted": 1.48,
    "weightedAverageShsOut": 59267657,
    "weightedAverageShsOutDil": 60022659,
    "link": "https://www.sec.gov/Archives/edgar/data/1140536/000110465906072518/0001104659-06-072518-index.htm",
    "finalLink": "https://www.sec.gov/Archives/edgar/data/1140536/000110465906072518/a06-21878_110q.htm"
  },
  {
    "date": "2006-06-30",
    "symbol": "WTW",
    "reportedCurrency": "USD",
    "cik": "0001140536",
    "fillingDate": "2006-08-09",
    "acceptedDate": "2006-08-09 11:37:13",
    "calendarYear": "2006",
    "period": "Q2",
    "revenue": 593000000,
    "costOfRevenue": 108000000,
    "grossProfit": 485000000,
    "grossProfitRatio": 0.8178752108,
    "researchAndDevelopmentExpenses": 0,
    "generalAndAdministrativeExpenses": 0,
    "sellingAndMarketingExpenses": 0,
    "sellingGeneralAndAdministrativeExpenses": 351000000,
    "otherExpenses": 15000000,
    "operatingExpenses": 366000000,
    "costAndExpenses": 474000000,
    "interestIncome": 0,
    "interestExpense": 0,
    "depreciationAndAmortization": 15000000,
    "ebitda": 134000000,
    "ebitdaratio": 0.2259696459,
    "operatingIncome": 119000000,
    "operatingIncomeRatio": 0.2006745363,
    "totalOtherIncomeExpensesNet": -9000000,
    "incomeBeforeTax": 110000000,
    "incomeBeforeTaxRatio": 0.1854974705,
    "incomeTaxExpense": 36000000,
    "netIncome": 72000000,
    "netIncomeRatio": 0.1214165261,
    "eps": 1.22,
    "epsdiluted": 1.19,
    "weightedAverageShsOut": 59267657,
    "weightedAverageShsOutDil": 60022659,
    "link": "https://www.sec.gov/Archives/edgar/data/1140536/000110465906052890/0001104659-06-052890-index.htm",
    "finalLink": "https://www.sec.gov/Archives/edgar/data/1140536/000110465906052890/a06-15564_110q.htm"
  },
  {
    "date": "2006-03-31",
    "symbol": "WTW",
    "reportedCurrency": "USD",
    "cik": "0001140536",
    "fillingDate": "2006-05-09",
    "acceptedDate": "2006-05-09 15:29:23",
    "calendarYear": "2006",
    "period": "Q1",
    "revenue": 671000000,
    "costOfRevenue": 453000,
    "grossProfit": 670547000,
    "grossProfitRatio": 0.9993248882,
    "researchAndDevelopmentExpenses": 0,
    "generalAndAdministrativeExpenses": 0,
    "sellingAndMarketingExpenses": 0,
    "sellingGeneralAndAdministrativeExpenses": 348000000,
    "otherExpenses": 119000000,
    "operatingExpenses": 467000000,
    "costAndExpenses": 467000000,
    "interestIncome": 0,
    "interestExpense": 0,
    "depreciationAndAmortization": 14000000,
    "ebitda": 218000000,
    "ebitdaratio": 0.3248882265,
    "operatingIncome": 204000000,
    "operatingIncomeRatio": 0.304023845,
    "totalOtherIncomeExpensesNet": -9000000,
    "incomeBeforeTax": 195000000,
    "incomeBeforeTaxRatio": 0.2906110283,
    "incomeTaxExpense": 62000000,
    "netIncome": 140000000,
    "netIncomeRatio": 0.2086438152,
    "eps": 2.36,
    "epsdiluted": 2.33,
    "weightedAverageShsOut": 59267657,
    "weightedAverageShsOutDil": 60022659,
    "link": "https://www.sec.gov/Archives/edgar/data/1140536/000110465906032607/0001104659-06-032607-index.htm",
    "finalLink": "https://www.sec.gov/Archives/edgar/data/1140536/000110465906032607/a06-9703_110q.htm"
  },
  {
    "date": "2005-12-31",
    "symbol": "WTW",
    "reportedCurrency": "USD",
    "cik": "0001140536",
    "fillingDate": "2006-03-02",
    "acceptedDate": "2006-03-02 13:29:57",
    "calendarYear": "2005",
    "period": "Q4",
    "revenue": 562000000,
    "costOfRevenue": 1761000,
    "grossProfit": 560239000,
    "grossProfitRatio": 0.996866548,
    "researchAndDevelopmentExpenses": 0,
    "generalAndAdministrativeExpenses": 0,
    "sellingAndMarketingExpenses": 0,
    "sellingGeneralAndAdministrativeExpenses": 492000000,
    "otherExpenses": -37000000,
    "operatingExpenses": 455000000,
    "costAndExpenses": 455000000,
    "interestIncome": 0,
    "interestExpense": 0,
    "depreciationAndAmortization": 14000000,
    "ebitda": 121000000,
    "ebitdaratio": 0.2153024911,
    "operatingIncome": 107000000,
    "operatingIncomeRatio": 0.1903914591,
    "totalOtherIncomeExpensesNet": -9000000,
    "incomeBeforeTax": 98000000,
    "incomeBeforeTaxRatio": 0.1743772242,
    "incomeTaxExpense": 31000000,
    "netIncome": 60000000,
    "netIncomeRatio": 0.1067615658,
    "eps": 1.01,
    "epsdiluted": 1,
    "weightedAverageShsOut": 59267657,
    "weightedAverageShsOutDil": 60022659,
    "link": "https://www.sec.gov/Archives/edgar/data/1140536/000104746906002748/0001047469-06-002748-index.htm",
    "finalLink": "https://www.sec.gov/Archives/edgar/data/1140536/000104746906002748/a2167658z10-k.htm"
  },
  {
    "date": "2005-09-30",
    "symbol": "WTW",
    "reportedCurrency": "USD",
    "cik": "0001140536",
    "fillingDate": "2005-11-07",
    "acceptedDate": "2005-11-07 14:14:11",
    "calendarYear": "2005",
    "period": "Q3",
    "revenue": 487000000,
    "costOfRevenue": 404000000,
    "grossProfit": 83000000,
    "grossProfitRatio": 0.1704312115,
    "researchAndDevelopmentExpenses": 0,
    "generalAndAdministrativeExpenses": 0,
    "sellingAndMarketingExpenses": 0,
    "sellingGeneralAndAdministrativeExpenses": 402000000,
    "otherExpenses": 13000000,
    "operatingExpenses": 415000000,
    "costAndExpenses": 415000000,
    "interestIncome": 18000000,
    "interestExpense": 9000000,
    "depreciationAndAmortization": 13000000,
    "ebitda": 85000000,
    "ebitdaratio": 0.1745379877,
    "operatingIncome": 72000000,
    "operatingIncomeRatio": 0.1478439425,
    "totalOtherIncomeExpensesNet": -3000000,
    "incomeBeforeTax": 63000000,
    "incomeBeforeTaxRatio": 0.1293634497,
    "incomeTaxExpense": 18000000,
    "netIncome": 49000000,
    "netIncomeRatio": 0.1006160164,
    "eps": 0.74,
    "epsdiluted": 0.74,
    "weightedAverageShsOut": 60400160,
    "weightedAverageShsOutDil": 61155162,
    "link": "https://www.sec.gov/Archives/edgar/data/1140536/000110465905053016/0001104659-05-053016-index.htm",
    "finalLink": "https://www.sec.gov/Archives/edgar/data/1140536/000110465905053016/a05-18484_210q.htm"
  },
  {
    "date": "2005-06-30",
    "symbol": "WTW",
    "reportedCurrency": "USD",
    "cik": "0001140536",
    "fillingDate": "2005-08-08",
    "acceptedDate": "2005-08-08 10:29:31",
    "calendarYear": "2005",
    "period": "Q2",
    "revenue": 549000000,
    "costOfRevenue": 410000000,
    "grossProfit": 139000000,
    "grossProfitRatio": 0.2531876138,
    "researchAndDevelopmentExpenses": 0,
    "generalAndAdministrativeExpenses": 0,
    "sellingAndMarketingExpenses": 0,
    "sellingGeneralAndAdministrativeExpenses": 407000000,
    "otherExpenses": -64000000,
    "operatingExpenses": 343000000,
    "costAndExpenses": 343000000,
    "interestIncome": 19000000,
    "interestExpense": 6000000,
    "depreciationAndAmortization": 14000000,
    "ebitda": 216000000,
    "ebitdaratio": 0.393442623,
    "operatingIncome": 206000000,
    "operatingIncomeRatio": 0.3752276867,
    "totalOtherIncomeExpensesNet": 1000000,
    "incomeBeforeTax": 200000000,
    "incomeBeforeTaxRatio": 0.364298725,
    "incomeTaxExpense": 77000000,
    "netIncome": 119000000,
    "netIncomeRatio": 0.2167577413,
    "eps": 1.85,
    "epsdiluted": 1.85,
    "weightedAverageShsOut": 61532663,
    "weightedAverageShsOutDil": 61910164,
    "link": "https://www.sec.gov/Archives/edgar/data/1140536/000110465905037076/0001104659-05-037076-index.htm",
    "finalLink": "https://www.sec.gov/Archives/edgar/data/1140536/000110465905037076/a05-13896_110q.htm"
  },
  {
    "date": "2005-03-31",
    "symbol": "WTW",
    "reportedCurrency": "USD",
    "cik": "0001140536",
    "fillingDate": "2005-05-06",
    "acceptedDate": "2005-05-06 13:59:08",
    "calendarYear": "2005",
    "period": "Q1",
    "revenue": 669000000,
    "costOfRevenue": 2000000,
    "grossProfit": 667000000,
    "grossProfitRatio": 0.9970104634,
    "researchAndDevelopmentExpenses": 0,
    "generalAndAdministrativeExpenses": 511000000,
    "sellingAndMarketingExpenses": 0,
    "sellingGeneralAndAdministrativeExpenses": 511000000,
    "otherExpenses": 64000000,
    "operatingExpenses": 575000000,
    "costAndExpenses": 575000000,
    "interestIncome": 18000000,
    "interestExpense": 6000000,
    "depreciationAndAmortization": 13000000,
    "ebitda": 94000000,
    "ebitdaratio": 0.1405082212,
    "operatingIncome": 94000000,
    "operatingIncomeRatio": 0.1405082212,
    "totalOtherIncomeExpensesNet": -6000000,
    "incomeBeforeTax": 88000000,
    "incomeBeforeTaxRatio": 0.1315396114,
    "incomeTaxExpense": 26000000,
    "netIncome": 72000000,
    "netIncomeRatio": 0.1076233184,
    "eps": 1.17,
    "epsdiluted": 1.14,
    "weightedAverageShsOut": 61532663,
    "weightedAverageShsOutDil": 63420168,
    "link": "https://www.sec.gov/Archives/edgar/data/1140536/000104746905013753/0001047469-05-013753-index.htm",
    "finalLink": "https://www.sec.gov/Archives/edgar/data/1140536/000104746905013753/a2157506z10-q.htm"
  },
  {
    "date": "2004-12-31",
    "symbol": "WTW",
    "reportedCurrency": "USD",
    "cik": "0001140536",
    "fillingDate": "2005-03-08",
    "acceptedDate": "2005-03-08 17:06:12",
    "calendarYear": "2004",
    "period": "Q4",
    "revenue": 588000000,
    "costOfRevenue": 6000,
    "grossProfit": 587994000,
    "grossProfitRatio": 0.9999897959,
    "researchAndDevelopmentExpenses": 0,
    "generalAndAdministrativeExpenses": 1562000,
    "sellingAndMarketingExpenses": 410438000,
    "sellingGeneralAndAdministrativeExpenses": 412000000,
    "otherExpenses": 6000000,
    "operatingExpenses": 418000000,
    "costAndExpenses": 418000000,
    "interestIncome": 70000,
    "interestExpense": 22000,
    "depreciationAndAmortization": 12000000,
    "ebitda": 182000000,
    "ebitdaratio": 0.3095238095,
    "operatingIncome": 170000000,
    "operatingIncomeRatio": 0.2891156463,
    "totalOtherIncomeExpensesNet": -7000000,
    "incomeBeforeTax": 163000000,
    "incomeBeforeTaxRatio": 0.2772108844,
    "incomeTaxExpense": 53000000,
    "netIncome": 108000000,
    "netIncomeRatio": 0.1836734694,
    "eps": 1.76,
    "epsdiluted": 1.7,
    "weightedAverageShsOut": 61532663,
    "weightedAverageShsOutDil": 63420168,
    "link": "https://www.sec.gov/Archives/edgar/data/1140536/000104746905005731/0001047469-05-005731-index.htm",
    "finalLink": "https://www.sec.gov/Archives/edgar/data/1140536/000104746905005731/a2152742z10-k.htm"
  },
  {
    "date": "2004-09-30",
    "symbol": "WTW",
    "reportedCurrency": "USD",
    "cik": "0001140536",
    "fillingDate": "2004-11-09",
    "acceptedDate": "2004-11-09 16:06:01",
    "calendarYear": "2004",
    "period": "Q3",
    "revenue": 490000000,
    "costOfRevenue": 2000000,
    "grossProfit": 488000000,
    "grossProfitRatio": 0.9959183673,
    "researchAndDevelopmentExpenses": 0,
    "generalAndAdministrativeExpenses": 365000000,
    "sellingAndMarketingExpenses": 4000000,
    "sellingGeneralAndAdministrativeExpenses": 369000000,
    "otherExpenses": 12000000,
    "operatingExpenses": 381000000,
    "costAndExpenses": 381000000,
    "interestIncome": 18000000,
    "interestExpense": 6000000,
    "depreciationAndAmortization": 12000000,
    "ebitda": 109000000,
    "ebitdaratio": 0.2224489796,
    "operatingIncome": 109000000,
    "operatingIncomeRatio": 0.2224489796,
    "totalOtherIncomeExpensesNet": -6000000,
    "incomeBeforeTax": 103000000,
    "incomeBeforeTaxRatio": 0.2102040816,
    "incomeTaxExpense": 31000000,
    "netIncome": 75000000,
    "netIncomeRatio": 0.1530612245,
    "eps": 1.27,
    "epsdiluted": 1.19,
    "weightedAverageShsOut": 59267657,
    "weightedAverageShsOutDil": 63042667,
    "link": "https://www.sec.gov/Archives/edgar/data/1140536/000104746904033582/0001047469-04-033582-index.htm",
    "finalLink": "https://www.sec.gov/Archives/edgar/data/1140536/000104746904033582/a2146153z10-q.htm"
  },
  {
    "date": "2004-06-30",
    "symbol": "WTW",
    "reportedCurrency": "USD",
    "cik": "0001140536",
    "fillingDate": "2004-08-09",
    "acceptedDate": "2004-08-09 14:24:03",
    "calendarYear": "2004",
    "period": "Q2",
    "revenue": 532000000,
    "costOfRevenue": 1000000,
    "grossProfit": 531000000,
    "grossProfitRatio": 0.9981203008,
    "researchAndDevelopmentExpenses": 0,
    "generalAndAdministrativeExpenses": 369000000,
    "sellingAndMarketingExpenses": 4000000,
    "sellingGeneralAndAdministrativeExpenses": 373000000,
    "otherExpenses": 6000000,
    "operatingExpenses": 379000000,
    "costAndExpenses": 379000000,
    "interestIncome": 16000000,
    "interestExpense": 4000000,
    "depreciationAndAmortization": 11000000,
    "ebitda": 153000000,
    "ebitdaratio": 0.287593985,
    "operatingIncome": 153000000,
    "operatingIncomeRatio": 0.287593985,
    "totalOtherIncomeExpensesNet": -4000000,
    "incomeBeforeTax": 149000000,
    "incomeBeforeTaxRatio": 0.280075188,
    "incomeTaxExpense": 52000000,
    "netIncome": 96000000,
    "netIncomeRatio": 0.1804511278,
    "eps": 1.62,
    "epsdiluted": 1.51,
    "weightedAverageShsOut": 59645158,
    "weightedAverageShsOutDil": 63797669,
    "link": "https://www.sec.gov/Archives/edgar/data/1140536/000104746904025790/0001047469-04-025790-index.htm",
    "finalLink": "https://www.sec.gov/Archives/edgar/data/1140536/000104746904025790/a2141469z10-q.htm"
  },
  {
    "date": "2004-03-31",
    "symbol": "WTW",
    "reportedCurrency": "USD",
    "cik": "0001140536",
    "fillingDate": "2004-05-10",
    "acceptedDate": "2004-05-10 14:08:09",
    "calendarYear": "2004",
    "period": "Q1",
    "revenue": 665000000,
    "costOfRevenue": 1000000,
    "grossProfit": 664000000,
    "grossProfitRatio": 0.9984962406,
    "researchAndDevelopmentExpenses": 0,
    "generalAndAdministrativeExpenses": 417000000,
    "sellingAndMarketingExpenses": 2000000,
    "sellingGeneralAndAdministrativeExpenses": 419000000,
    "otherExpenses": 12000000,
    "operatingExpenses": 431000000,
    "costAndExpenses": 431000000,
    "interestIncome": 17000000,
    "interestExpense": 5000000,
    "depreciationAndAmortization": 12000000,
    "ebitda": 234000000,
    "ebitdaratio": 0.3518796992,
    "operatingIncome": 234000000,
    "operatingIncomeRatio": 0.3518796992,
    "totalOtherIncomeExpensesNet": -22000000,
    "incomeBeforeTax": 212000000,
    "incomeBeforeTaxRatio": 0.3187969925,
    "incomeTaxExpense": 72000000,
    "netIncome": 148000000,
    "netIncomeRatio": 0.222556391,
    "eps": 2.49,
    "epsdiluted": 2.3,
    "weightedAverageShsOut": 59645158,
    "weightedAverageShsOutDil": 64175170,
    "link": "https://www.sec.gov/Archives/edgar/data/1140536/000104746904016618/0001047469-04-016618-index.htm",
    "finalLink": "https://www.sec.gov/Archives/edgar/data/1140536/000104746904016618/a2135935z10-q.htm"
  },
  {
    "date": "2003-12-31",
    "symbol": "WTW",
    "reportedCurrency": "USD",
    "cik": "0001140536",
    "fillingDate": "2004-03-15",
    "acceptedDate": "2004-03-15 12:58:39",
    "calendarYear": "2003",
    "period": "Q4",
    "revenue": 577000000,
    "costOfRevenue": 0,
    "grossProfit": 577000000,
    "grossProfitRatio": 1,
    "researchAndDevelopmentExpenses": 0,
    "generalAndAdministrativeExpenses": 1408000,
    "sellingAndMarketingExpenses": 373592000,
    "sellingGeneralAndAdministrativeExpenses": 375000000,
    "otherExpenses": 10000000,
    "operatingExpenses": 385000000,
    "costAndExpenses": 385000000,
    "interestIncome": 72000,
    "interestExpense": 53000,
    "depreciationAndAmortization": 11000000,
    "ebitda": 203000000,
    "ebitdaratio": 0.3518197574,
    "operatingIncome": 192000000,
    "operatingIncomeRatio": 0.3327556326,
    "totalOtherIncomeExpensesNet": -13000000,
    "incomeBeforeTax": 179000000,
    "incomeBeforeTaxRatio": 0.3102253033,
    "incomeTaxExpense": 57000000,
    "netIncome": 118000000,
    "netIncomeRatio": 0.2045060659,
    "eps": 1.98,
    "epsdiluted": 1.84,
    "weightedAverageShsOut": 59645158,
    "weightedAverageShsOutDil": 64175170,
    "link": "https://www.sec.gov/Archives/edgar/data/1140536/000104746904007909/0001047469-04-007909-index.htm",
    "finalLink": "https://www.sec.gov/Archives/edgar/data/1140536/000104746904007909/a2129365z10-k.htm"
  },
  {
    "date": "2003-09-30",
    "symbol": "WTW",
    "reportedCurrency": "USD",
    "cik": "0001140536",
    "fillingDate": "2003-11-14",
    "acceptedDate": "2003-11-14 12:16:44",
    "calendarYear": "2003",
    "period": "Q3",
    "revenue": 452000000,
    "costOfRevenue": 1000000,
    "grossProfit": 451000000,
    "grossProfitRatio": 0.9977876106,
    "researchAndDevelopmentExpenses": 0,
    "generalAndAdministrativeExpenses": 339000000,
    "sellingAndMarketingExpenses": 4000000,
    "sellingGeneralAndAdministrativeExpenses": 343000000,
    "otherExpenses": 3000000,
    "operatingExpenses": 346000000,
    "costAndExpenses": 346000000,
    "interestIncome": 18000000,
    "interestExpense": 12000000,
    "depreciationAndAmortization": 9000000,
    "ebitda": 115000000,
    "ebitdaratio": 0.2544247788,
    "operatingIncome": 106000000,
    "operatingIncomeRatio": 0.2345132743,
    "totalOtherIncomeExpensesNet": -10000000,
    "incomeBeforeTax": 94000000,
    "incomeBeforeTaxRatio": 0.2079646018,
    "incomeTaxExpense": -3000000,
    "netIncome": 99000000,
    "netIncomeRatio": 0.2190265487,
    "eps": 1.72,
    "epsdiluted": 1.56,
    "weightedAverageShsOut": 57757653,
    "weightedAverageShsOutDil": 63420168,
    "link": "https://www.sec.gov/Archives/edgar/data/1140536/000104746903037411/0001047469-03-037411-index.htm",
    "finalLink": "https://www.sec.gov/Archives/edgar/data/1140536/000104746903037411/a2122303z10-q.htm"
  },
  {
    "date": "2003-06-30",
    "symbol": "WTW",
    "reportedCurrency": "USD",
    "cik": "0001140536",
    "fillingDate": "2003-08-14",
    "acceptedDate": "2003-08-14 14:12:59",
    "calendarYear": "2003",
    "period": "Q2",
    "revenue": 492000000,
    "costOfRevenue": 0,
    "grossProfit": 492000000,
    "grossProfitRatio": 1,
    "researchAndDevelopmentExpenses": 0,
    "generalAndAdministrativeExpenses": 0,
    "sellingAndMarketingExpenses": 0,
    "sellingGeneralAndAdministrativeExpenses": 351000000,
    "otherExpenses": 5000000,
    "operatingExpenses": 356000000,
    "costAndExpenses": 356000000,
    "interestIncome": 20000000,
    "interestExpense": 13000000,
    "depreciationAndAmortization": 9000000,
    "ebitda": 145000000,
    "ebitdaratio": 0.2947154472,
    "operatingIncome": 136000000,
    "operatingIncomeRatio": 0.2764227642,
    "totalOtherIncomeExpensesNet": -13000000,
    "incomeBeforeTax": 123000000,
    "incomeBeforeTaxRatio": 0.25,
    "incomeTaxExpense": 44000000,
    "netIncome": 80000000,
    "netIncomeRatio": 0.162601626,
    "eps": 1.4,
    "epsdiluted": 1.25,
    "weightedAverageShsOut": 57380152,
    "weightedAverageShsOutDil": 63797669,
    "link": "https://www.sec.gov/Archives/edgar/data/1140536/000104746903027679/0001047469-03-027679-index.htm",
    "finalLink": "https://www.sec.gov/Archives/edgar/data/1140536/000104746903027679/a2116310z10-q.htm"
  },
  {
    "date": "2003-03-31",
    "symbol": "WTW",
    "reportedCurrency": "USD",
    "cik": "0001140536",
    "fillingDate": "2003-05-15",
    "acceptedDate": "2003-05-15 15:05:52",
    "calendarYear": "2003",
    "period": "Q1",
    "revenue": 555000000,
    "costOfRevenue": 1000000,
    "grossProfit": 554000000,
    "grossProfitRatio": 0.9981981982,
    "researchAndDevelopmentExpenses": 0,
    "generalAndAdministrativeExpenses": 351000000,
    "sellingAndMarketingExpenses": 8000000,
    "sellingGeneralAndAdministrativeExpenses": 359000000,
    "otherExpenses": 10000000,
    "operatingExpenses": 369000000,
    "costAndExpenses": 369000000,
    "interestIncome": 15000000,
    "interestExpense": 15000000,
    "depreciationAndAmortization": 10000000,
    "ebitda": 186000000,
    "ebitdaratio": 0.3351351351,
    "operatingIncome": 186000000,
    "operatingIncomeRatio": 0.3351351351,
    "totalOtherIncomeExpensesNet": -8000000,
    "incomeBeforeTax": 171000000,
    "incomeBeforeTaxRatio": 0.3081081081,
    "incomeTaxExpense": 61000000,
    "netIncome": 117000000,
    "netIncomeRatio": 0.2108108108,
    "eps": 2.09,
    "epsdiluted": 1.83,
    "weightedAverageShsOut": 56247649,
    "weightedAverageShsOutDil": 63797669,
    "link": "https://www.sec.gov/Archives/edgar/data/1140536/000104746903018880/0001047469-03-018880-index.htm",
    "finalLink": "https://www.sec.gov/Archives/edgar/data/1140536/000104746903018880/a2110873z10-q.htm"
  },
  {
    "date": "2002-12-31",
    "symbol": "WTW",
    "reportedCurrency": "USD",
    "cik": "0001140536",
    "fillingDate": "2003-03-26",
    "acceptedDate": "2003-03-26 16:05:27",
    "calendarYear": "2002",
    "period": "Q4",
    "revenue": 483000000,
    "costOfRevenue": 0,
    "grossProfit": 483000000,
    "grossProfitRatio": 1,
    "researchAndDevelopmentExpenses": 0,
    "generalAndAdministrativeExpenses": 1214000000,
    "sellingAndMarketingExpenses": -924000000,
    "sellingGeneralAndAdministrativeExpenses": 290000000,
    "otherExpenses": -4000000,
    "operatingExpenses": 286000000,
    "costAndExpenses": 286000000,
    "interestIncome": 74000000,
    "interestExpense": 65000000,
    "depreciationAndAmortization": 10000000,
    "ebitda": 207000000,
    "ebitdaratio": 0.4285714286,
    "operatingIncome": 197000000,
    "operatingIncomeRatio": 0.4078674948,
    "totalOtherIncomeExpensesNet": -18000000,
    "incomeBeforeTax": 182000000,
    "incomeBeforeTaxRatio": 0.3768115942,
    "incomeTaxExpense": 58000000,
    "netIncome": 118000000,
    "netIncomeRatio": 0.2443064182,
    "eps": 2.1,
    "epsdiluted": 1.85,
    "weightedAverageShsOut": 56247649,
    "weightedAverageShsOutDil": 63797669,
    "link": "https://www.sec.gov/Archives/edgar/data/1140536/000104746903010326/0001047469-03-010326-index.htm",
    "finalLink": "https://www.sec.gov/Archives/edgar/data/1140536/000104746903010326/a2106004z10-k.htm"
  },
  {
    "date": "2002-09-30",
    "symbol": "WTW",
    "reportedCurrency": "USD",
    "cik": "0001140536",
    "fillingDate": "2002-09-30",
    "acceptedDate": "2002-09-30 00:00:00",
    "calendarYear": "2002",
    "period": "Q3",
    "revenue": 390000000,
    "costOfRevenue": 0,
    "grossProfit": 390000000,
    "grossProfitRatio": 1,
    "researchAndDevelopmentExpenses": 0,
    "generalAndAdministrativeExpenses": 0,
    "sellingAndMarketingExpenses": 0,
    "sellingGeneralAndAdministrativeExpenses": 317000000,
    "otherExpenses": 9000000,
    "operatingExpenses": 326000000,
    "costAndExpenses": 326000000,
    "interestIncome": 0,
    "interestExpense": 0,
    "depreciationAndAmortization": 9000000,
    "ebitda": 73000000,
    "ebitdaratio": 0.1871794872,
    "operatingIncome": 64000000,
    "operatingIncomeRatio": 0.1641025641,
    "totalOtherIncomeExpensesNet": -16000000,
    "incomeBeforeTax": 48000000,
    "incomeBeforeTaxRatio": 0.1230769231,
    "incomeTaxExpense": 20000000,
    "netIncome": 31000000,
    "netIncomeRatio": 0.0794871795,
    "eps": 0.56,
    "epsdiluted": 0.5,
    "weightedAverageShsOut": 55492647,
    "weightedAverageShsOutDil": 63042667,
    "link": null,
    "finalLink": null
  },
  {
    "date": "2002-06-30",
    "symbol": "WTW",
    "reportedCurrency": "USD",
    "cik": "0001140536",
    "fillingDate": "2002-06-30",
    "acceptedDate": "2002-06-30 00:00:00",
    "calendarYear": "2002",
    "period": "Q2",
    "revenue": 411000000,
    "costOfRevenue": 0,
    "grossProfit": 411000000,
    "grossProfitRatio": 1,
    "researchAndDevelopmentExpenses": 0,
    "generalAndAdministrativeExpenses": 0,
    "sellingAndMarketingExpenses": 0,
    "sellingGeneralAndAdministrativeExpenses": 372000000,
    "otherExpenses": 9000000,
    "operatingExpenses": 381000000,
    "costAndExpenses": 381000000,
    "interestIncome": 0,
    "interestExpense": 0,
    "depreciationAndAmortization": 8000000,
    "ebitda": 38000000,
    "ebitdaratio": 0.0924574209,
    "operatingIncome": 30000000,
    "operatingIncomeRatio": 0.0729927007,
    "totalOtherIncomeExpensesNet": -17000000,
    "incomeBeforeTax": 13000000,
    "incomeBeforeTaxRatio": 0.0316301703,
    "incomeTaxExpense": 20000000,
    "netIncome": -7000000,
    "netIncomeRatio": -0.0170316302,
    "eps": -0.13,
    "epsdiluted": -0.13,
    "weightedAverageShsOut": 55492647,
    "weightedAverageShsOutDil": 55492647,
    "link": null,
    "finalLink": null
  },
  {
    "date": "2002-03-31",
    "symbol": "WTW",
    "reportedCurrency": "USD",
    "cik": "0001140536",
    "fillingDate": "2002-03-31",
    "acceptedDate": "2002-03-31 00:00:00",
    "calendarYear": "2002",
    "period": "Q1",
    "revenue": 451000000,
    "costOfRevenue": 0,
    "grossProfit": 451000000,
    "grossProfitRatio": 1,
    "researchAndDevelopmentExpenses": 0,
    "generalAndAdministrativeExpenses": 0,
    "sellingAndMarketingExpenses": 0,
    "sellingGeneralAndAdministrativeExpenses": 315000000,
    "otherExpenses": 8000000,
    "operatingExpenses": 323000000,
    "costAndExpenses": 323000000,
    "interestIncome": 0,
    "interestExpense": 0,
    "depreciationAndAmortization": 8000000,
    "ebitda": 136000000,
    "ebitdaratio": 0.3015521064,
    "operatingIncome": 128000000,
    "operatingIncomeRatio": 0.2838137472,
    "totalOtherIncomeExpensesNet": -17000000,
    "incomeBeforeTax": 111000000,
    "incomeBeforeTaxRatio": 0.2461197339,
    "incomeTaxExpense": 43000000,
    "netIncome": 68000000,
    "netIncomeRatio": 0.1507760532,
    "eps": 1.22,
    "epsdiluted": 1.14,
    "weightedAverageShsOut": 55492647,
    "weightedAverageShsOutDil": 60022659,
    "link": null,
    "finalLink": null
  },
  {
    "date": "2001-12-31",
    "symbol": "WTW",
    "reportedCurrency": "USD",
    "cik": "0001140536",
    "fillingDate": "2002-03-26",
    "acceptedDate": "2002-03-26 00:00:00",
    "calendarYear": "2001",
    "period": "Q4",
    "revenue": 387000000,
    "costOfRevenue": 0,
    "grossProfit": 387000000,
    "grossProfitRatio": 1,
    "researchAndDevelopmentExpenses": 0,
    "generalAndAdministrativeExpenses": 0,
    "sellingAndMarketingExpenses": 0,
    "sellingGeneralAndAdministrativeExpenses": 283000000,
    "otherExpenses": 22000000,
    "operatingExpenses": 305000000,
    "costAndExpenses": 305000000,
    "interestIncome": 0,
    "interestExpense": 0,
    "depreciationAndAmortization": 17000000,
    "ebitda": 99000000,
    "ebitdaratio": 0.2558139535,
    "operatingIncome": 82000000,
    "operatingIncomeRatio": 0.2118863049,
    "totalOtherIncomeExpensesNet": -19000000,
    "incomeBeforeTax": 63000000,
    "incomeBeforeTaxRatio": 0.1627906977,
    "incomeTaxExpense": 26000000,
    "netIncome": 27000000,
    "netIncomeRatio": 0.0697674419,
    "eps": 0.49,
    "epsdiluted": 0.45,
    "weightedAverageShsOut": 55492647,
    "weightedAverageShsOutDil": 60022659,
    "link": "https://www.sec.gov/Archives/edgar/data/1140536/000091205702011620/0000912057-02-011620-index.htm",
    "finalLink": "https://www.sec.gov/Archives/edgar/data/1140536/000091205702011620/a2073759z20-f.htm"
  },
  {
    "date": "2001-09-30",
    "symbol": "WTW",
    "reportedCurrency": "USD",
    "cik": "0001140536",
    "fillingDate": "2001-09-30",
    "acceptedDate": "2001-09-30 00:00:00",
    "calendarYear": "2001",
    "period": "Q3",
    "revenue": 325000000,
    "costOfRevenue": 0,
    "grossProfit": 325000000,
    "grossProfitRatio": 1,
    "researchAndDevelopmentExpenses": 0,
    "generalAndAdministrativeExpenses": 0,
    "sellingAndMarketingExpenses": 0,
    "sellingGeneralAndAdministrativeExpenses": 402000000,
    "otherExpenses": -5000000,
    "operatingExpenses": 397000000,
    "costAndExpenses": 397000000,
    "interestIncome": 0,
    "interestExpense": 0,
    "depreciationAndAmortization": 17000000,
    "ebitda": -55000000,
    "ebitdaratio": -0.1692307692,
    "operatingIncome": -72000000,
    "operatingIncomeRatio": -0.2215384615,
    "totalOtherIncomeExpensesNet": -21000000,
    "incomeBeforeTax": -93000000,
    "incomeBeforeTaxRatio": -0.2861538462,
    "incomeTaxExpense": -11000000,
    "netIncome": -81000000,
    "netIncomeRatio": -0.2492307692,
    "eps": -1.47,
    "epsdiluted": -1.47,
    "weightedAverageShsOut": 55115146,
    "weightedAverageShsOutDil": 55115146,
    "link": null,
    "finalLink": null
  },
  {
    "date": "2001-06-30",
    "symbol": "WTW",
    "reportedCurrency": "USD",
    "cik": "0001140536",
    "fillingDate": "2001-06-30",
    "acceptedDate": "2001-06-30 00:00:00",
    "calendarYear": "2001",
    "period": "Q2",
    "revenue": 337000000,
    "costOfRevenue": 0,
    "grossProfit": 337000000,
    "grossProfitRatio": 1,
    "researchAndDevelopmentExpenses": 0,
    "generalAndAdministrativeExpenses": 0,
    "sellingAndMarketingExpenses": 0,
    "sellingGeneralAndAdministrativeExpenses": 259000000,
    "otherExpenses": 16000000,
    "operatingExpenses": 275000000,
    "costAndExpenses": 275000000,
    "interestIncome": 0,
    "interestExpense": 0,
    "depreciationAndAmortization": 16000000,
    "ebitda": 78000000,
    "ebitdaratio": 0.2314540059,
    "operatingIncome": 62000000,
    "operatingIncomeRatio": 0.1839762611,
    "totalOtherIncomeExpensesNet": -21000000,
    "incomeBeforeTax": 41000000,
    "incomeBeforeTaxRatio": 0.1216617211,
    "incomeTaxExpense": 16000000,
    "netIncome": 17000000,
    "netIncomeRatio": 0.0504451039,
    "eps": 0.34,
    "epsdiluted": 0.32,
    "weightedAverageShsOut": 48320128,
    "weightedAverageShsOutDil": 52095138,
    "link": null,
    "finalLink": null
  },
  {
    "date": "2001-03-31",
    "symbol": "WTW",
    "reportedCurrency": "USD",
    "cik": "0001140536",
    "fillingDate": "2001-03-31",
    "acceptedDate": "2001-03-31 00:00:00",
    "calendarYear": "2001",
    "period": "Q1",
    "revenue": 375000000,
    "costOfRevenue": 0,
    "grossProfit": 375000000,
    "grossProfitRatio": 1,
    "researchAndDevelopmentExpenses": 0,
    "generalAndAdministrativeExpenses": 0,
    "sellingAndMarketingExpenses": 0,
    "sellingGeneralAndAdministrativeExpenses": 268000000,
    "otherExpenses": 18000000,
    "operatingExpenses": 286000000,
    "costAndExpenses": 286000000,
    "interestIncome": 0,
    "interestExpense": 0,
    "depreciationAndAmortization": 18000000,
    "ebitda": 107000000,
    "ebitdaratio": 0.2853333333,
    "operatingIncome": 89000000,
    "operatingIncomeRatio": 0.2373333333,
    "totalOtherIncomeExpensesNet": -21000000,
    "incomeBeforeTax": 68000000,
    "incomeBeforeTaxRatio": 0.1813333333,
    "incomeTaxExpense": 31000000,
    "netIncome": 39000000,
    "netIncomeRatio": 0.104,
    "eps": 0.82,
    "epsdiluted": 0.79,
    "weightedAverageShsOut": 46810124,
    "weightedAverageShsOutDil": 49830132,
    "link": null,
    "finalLink": null
  }
]