[
  {
    "date": "2024-12-31",
    "symbol": "WTW",
    "reportedCurrency": "USD",
    "cik": "0001140536",
    "fillingDate": "2025-02-25",
    "acceptedDate": "2025-02-25 12:58:58",
    "calendarYear": "2024",
    "period": "FY",
    "revenue": 9930000000,
    "costOfRevenue": 5502000000,
    "grossProfit": 4428000000,
    "grossProfitRatio": 0.4459214502,
    "researchAndDevelopmentExpenses": 0,
    "generalAndAdministrativeExpenses": 0,
    "sellingAndMarketingExpenses": 0,
    "sellingGeneralAndAdministrativeExpenses": 0,
    "otherExpenses": 3801000000,
    "operatingExpenses": 3801000000,
    "costAndExpenses": 9303000000,
    "interestIncome": 0,
    "interestExpense": 263000000,
    "depreciationAndAmortization": 456000000,
    "ebitda": 823000000,
    "ebitdaratio": 0.0828801611,
    "operatingIncome": 627000000,
    "operatingIncomeRatio": 0.063141994,
    "totalOtherIncomeExpensesNet": -523000000,
    "incomeBeforeTax": 104000000,
    "incomeBeforeTaxRatio": 0.0104733132,
    "incomeTaxExpense": 192000000,
    "netIncome": -98000000,
    "netIncomeRatio": -0.0098690836,
    "eps": -0.96,
    "epsdiluted": -0.96,
    "weightedAverageShsOut": 102000000,
    "weightedAverageShsOutDil": 102000000,
    "link": "https://www.sec.gov/Archives/edgar/data/1140536/000095017025026278/0000950170-25-026278-index.htm",
    "finalLink": "https://www.sec.gov/Archives/edgar/data/1140536/000095017025026278/wtw-20241231.htm"
  },
  {
    "date": "2023-12-31",
    "symbol": "WTW",
    "reportedCurrency": "USD",
    "cik": "0001140536",
    "fillingDate": "2024-02-22",
    "acceptedDate": "2024-02-22 12:52:57",
    "calendarYear": "2023",
    "period": "FY",
    "revenue": 9483000000,
    "costOfRevenue": 5344000000,
    "grossProfit": 4139000000,
    "grossProfitRatio": 0.4364652536,
    "researchAndDevelopmentExpenses": 0,
    "generalAndAdministrativeExpenses": 0,
    "sellingAndMarketingExpenses": 0,
    "sellingGeneralAndAdministrativeExpenses": 173000000,
    "otherExpenses": 2601000000,
    "operatingExpenses": 2774000000,
    "costAndExpenses": 8118000000,
    "interestIncome": 0,
    "interestExpense": 235000000,
    "depreciationAndAmortization": 505000000,
    "ebitda": 2019000000,
    "ebitdaratio": 0.2129073078,
    "operatingIncome": 1365000000,
    "operatingIncomeRatio": 0.1439417906,
    "totalOtherIncomeExpensesNet": -86000000,
    "incomeBeforeTax": 1279000000,
    "incomeBeforeTaxRatio": 0.1348729305,
    "incomeTaxExpense": 215000000,
    "netIncome": 1055000000,
    "netIncomeRatio": 0.1112517136,
    "eps": 10.05,
    "epsdiluted": 9.95,
    "weightedAverageShsOut": 105000000,
    "weightedAverageShsOutDil": 106000000,
    "link": "https://www.sec.gov/Archives/edgar/data/1140536/000095017024018575/0000950170-24-018575-index.htm",
    "finalLink": "https://www.sec.gov/Archives/edgar/data/1140536/000095017024018575/wtw-20231231.htm"
  },
  {
    "date": "2022-12-31",
    "symbol": "WTW",
    "reportedCurrency": "USD",
    "cik": "0001140536",
    "fillingDate": "2023-02-24",
    "acceptedDate": "2023-02-24 12:14:32",
    "calendarYear": "2022",
    "period": "FY",
    "revenue": 8866000000,
    "costOfRevenue": 5246000000,
    "grossProfit": 3620000000,
    "grossProfitRatio": 0.408301376,
    "researchAndDevelopmentExpenses": 0,
    "generalAndAdministrativeExpenses": 0,
    "sellingAndMarketingExpenses": 0,
    "sellingGeneralAndAdministrativeExpenses": 189000000,
    "otherExpenses": 2705999999,
    "operatingExpenses": 2895000000,
    "costAndExpenses": 7688000000,
    "interestIncome": 0,
    "interestExpense": 208000000,
    "depreciationAndAmortization": 567000000,
    "ebitda": 1878000000,
    "ebitdaratio": 0.2118204376,
    "operatingIncome": 1178000000,
    "operatingIncomeRatio": 0.1328671329,
    "totalOtherIncomeExpensesNet": 80000000,
    "incomeBeforeTax": 1258000000,
    "incomeBeforeTaxRatio": 0.1418903677,
    "incomeTaxExpense": 194000000,
    "netIncome": 1009000000,
    "netIncomeRatio": 0.1138055493,
    "eps": 9,
    "epsdiluted": 8.98,
    "weightedAverageShsOut": 112000000,
    "weightedAverageShsOutDil": 112000000,
    "link": "https://www.sec.gov/Archives/edgar/data/1140536/000095017023004303/0000950170-23-004303-index.htm",
    "finalLink": "https://www.sec.gov/Archives/edgar/data/1140536/000095017023004303/wtw-20221231.htm"
  },
  {
    "date": "2021-12-31",
    "symbol": "WTW",
    "reportedCurrency": "USD",
    "cik": "0001140536",
    "fillingDate": "2022-02-24",
    "acceptedDate": "2022-02-24 14:54:37",
    "calendarYear": "2021",
    "period": "FY",
    "revenue": 8998000000,
    "costOfRevenue": 4447000000,
    "grossProfit": 4551000000,
    "grossProfitRatio": 0.505779062,
    "researchAndDevelopmentExpenses": 0,
    "generalAndAdministrativeExpenses": 0,
    "sellingAndMarketingExpenses": 0,
    "sellingGeneralAndAdministrativeExpenses": 226000000,
    "otherExpenses": 1619999999,
    "operatingExpenses": 1846000000,
    "costAndExpenses": 6770000000,
    "interestIncome": 0,
    "interestExpense": 211000000,
    "depreciationAndAmortization": 650000000,
    "ebitda": 2072000000,
    "ebitdaratio": 0.2302733941,
    "operatingIncome": 2202000000,
    "operatingIncomeRatio": 0.2447210491,
    "totalOtherIncomeExpensesNet": 490000000,
    "incomeBeforeTax": 2692000000,
    "incomeBeforeTaxRatio": 0.299177595,
    "incomeTaxExpense": 536000000,
    "netIncome": 4222000000,
    "netIncomeRatio": 0.4692153812,
    "eps": 15.02,
    "epsdiluted": 14.9,
    "weightedAverageShsOut": 128000000,
    "weightedAverageShsOutDil": 129000000,
    "link": "https://www.sec.gov/Archives/edgar/data/1140536/000095017022001932/0000950170-22-001932-index.htm",
    "finalLink": "https://www.sec.gov/Archives/edgar/data/1140536/000095017022001932/wtw-20211231.htm"
  },
  {
    "date": "2020-12-31",
    "symbol": "WTW",
    "reportedCurrency": "USD",
    "cik": "0001140536",
    "fillingDate": "2021-02-23",
    "acceptedDate": "2021-02-23 16:22:36",
    "calendarYear": "2020",
    "period": "FY",
    "revenue": 8615000000,
    "costOfRevenue": 5617000000,
    "grossProfit": 3762000000,
    "grossProfitRatio": 0.4366802089,
    "researchAndDevelopmentExpenses": 0,
    "generalAndAdministrativeExpenses": 0,
    "sellingAndMarketingExpenses": 0,
    "sellingGeneralAndAdministrativeExpenses": 235000000,
    "otherExpenses": 2667999999,
    "operatingExpenses": 2903000000,
    "costAndExpenses": 7756000000,
    "interestIncome": 0,
    "interestExpense": 244000000,
    "depreciationAndAmortization": 770000000,
    "ebitda": 2145000000,
    "ebitdaratio": 0.2489843297,
    "operatingIncome": 859000000,
    "operatingIncomeRatio": 0.0997098085,
    "totalOtherIncomeExpensesNet": 152000000,
    "incomeBeforeTax": 1011000000,
    "incomeBeforeTaxRatio": 0.1173534533,
    "incomeTaxExpense": 249000000,
    "netIncome": 996000000,
    "netIncomeRatio": 0.1156123041,
    "eps": 7.68,
    "epsdiluted": 7.65,
    "weightedAverageShsOut": 130000000,
    "weightedAverageShsOutDil": 130000000,
    "link": "https://www.sec.gov/Archives/edgar/data/1140536/000156459021007578/0001564590-21-007578-index.htm",
    "finalLink": "https://www.sec.gov/Archives/edgar/data/1140536/000156459021007578/wltw-10k_20201231.htm"
  },
  {
    "date": "2019-12-31",
    "symbol": "WTW",
    "reportedCurrency": "USD",
    "cik": "0001140536",
    "fillingDate": "2020-02-26",
    "acceptedDate": "2020-02-26 15:29:51",
    "calendarYear": "2019",
    "period": "FY",
    "revenue": 9039000000,
    "costOfRevenue": 5262000000,
    "grossProfit": 3777000000,
    "grossProfitRatio": 0.4178559575,
    "researchAndDevelopmentExpenses": 0,
    "generalAndAdministrativeExpenses": 0,
    "sellingAndMarketingExpenses": 0,
    "sellingGeneralAndAdministrativeExpenses": 244000000,
    "otherExpenses": 2203999999,
    "operatingExpenses": 2448000000,
    "costAndExpenses": 7710000000,
    "interestIncome": 0,
    "interestExpense": 234000000,
    "depreciationAndAmortization": 7675000000,
    "ebitda": 2030000000,
    "ebitdaratio": 0.2245823653,
    "operatingIncome": 1329000000,
    "operatingIncomeRatio": 0.1470295387,
    "totalOtherIncomeExpensesNet": -7000000,
    "incomeBeforeTax": 1322000000,
    "incomeBeforeTaxRatio": 0.1462551167,
    "incomeTaxExpense": 249000000,
    "netIncome": 1044000000,
    "netIncomeRatio": 0.1154995022,
    "eps": 8.03,
    "epsdiluted": 8.03,
    "weightedAverageShsOut": 130000000,
    "weightedAverageShsOutDil": 130000000,
    "link": "https://www.sec.gov/Archives/edgar/data/1140536/000156459020006736/0001564590-20-006736-index.htm",
    "finalLink": "https://www.sec.gov/Archives/edgar/data/1140536/000156459020006736/wltw-10k_20191231.htm"
  },
  {
    "date": "2018-12-31",
    "symbol": "WTW",
    "reportedCurrency": "USD",
    "cik": "0001140536",
    "fillingDate": "2019-02-27",
    "acceptedDate": "2019-02-27 16:20:19",
    "calendarYear": "2018",
    "period": "FY",
    "revenue": 8513000000,
    "costOfRevenue": 5325000000,
    "grossProfit": 3188000000,
    "grossProfitRatio": 0.3744860801,
    "researchAndDevelopmentExpenses": 0,
    "generalAndAdministrativeExpenses": 0,
    "sellingAndMarketingExpenses": 0,
    "sellingGeneralAndAdministrativeExpenses": 243000000,
    "otherExpenses": 250000000,
    "operatingExpenses": 2379000000,
    "costAndExpenses": 7704000000,
    "interestIncome": 0,
    "interestExpense": 208000000,
    "depreciationAndAmortization": 7503000000,
    "ebitda": 2038000000,
    "ebitdaratio": 0.2393985669,
    "operatingIncome": 809000000,
    "operatingIncomeRatio": 0.0950311289,
    "totalOtherIncomeExpensesNet": 42000000,
    "incomeBeforeTax": 851000000,
    "incomeBeforeTaxRatio": 0.0999647598,
    "incomeTaxExpense": 136000000,
    "netIncome": 695000000,
    "netIncomeRatio": 0.0816398449,
    "eps": 5.31,
    "epsdiluted": 5.27,
    "weightedAverageShsOut": 131000000,
    "weightedAverageShsOutDil": 132000000,
    "link": "https://www.sec.gov/Archives/edgar/data/1140536/000156459019004912/0001564590-19-004912-index.htm",
    "finalLink": "https://www.sec.gov/Archives/edgar/data/1140536/000156459019004912/wltw-10k_20181231.htm"
  },
  {
    "date": "2017-12-31",
    "symbol": "WTW",
    "reportedCurrency": "USD",
    "cik": "0001140536",
    "fillingDate": "2018-02-28",
    "acceptedDate": "2018-02-28 14:54:19",
    "calendarYear": "2017",
    "period": "FY",
    "revenue": 8202000000,
    "costOfRevenue": 5014000000,
    "grossProfit": 3188000000,
    "grossProfitRatio": 0.3886856864,
    "researchAndDevelopmentExpenses": 0,
    "generalAndAdministrativeExpenses": 0,
    "sellingAndMarketingExpenses": 0,
    "sellingGeneralAndAdministrativeExpenses": 261000000,
    "otherExpenses": -61000000,
    "operatingExpenses": 2318000000,
    "costAndExpenses": 7332000000,
    "interestIncome": 0,
    "interestExpense": 188000000,
    "depreciationAndAmortization": 7053000000,
    "ebitda": 1972000000,
    "ebitdaratio": 0.2404291636,
    "operatingIncome": 738000000,
    "operatingIncomeRatio": 0.0899780541,
    "totalOtherIncomeExpensesNet": -24000000,
    "incomeBeforeTax": 489000000,
    "incomeBeforeTaxRatio": 0.059619605,
    "incomeTaxExpense": -100000000,
    "netIncome": 568000000,
    "netIncomeRatio": 0.0692514021,
    "eps": 4.21,
    "epsdiluted": 4.18,
    "weightedAverageShsOut": 135000000,
    "weightedAverageShsOutDil": 136000000,
    "link": "https://www.sec.gov/Archives/edgar/data/1140536/000114053618000008/0001140536-18-000008-index.htm",
    "finalLink": "https://www.sec.gov/Archives/edgar/data/1140536/000114053618000008/wtw-10k_2017.htm"
  },
  {
    "date": "2016-12-31",
    "symbol": "WTW",
    "reportedCurrency": "USD",
    "cik": "0001140536",
    "fillingDate": "2017-03-01",
    "acceptedDate": "2017-03-01 16:20:38",
    "calendarYear": "2016",
    "period": "FY",
    "revenue": 7887000000,
    "costOfRevenue": 4823000000,
    "grossProfit": 3064000000,
    "grossProfitRatio": 0.3884873843,
    "researchAndDevelopmentExpenses": 0,
    "generalAndAdministrativeExpenses": 0,
    "sellingAndMarketingExpenses": 0,
    "sellingGeneralAndAdministrativeExpenses": 302000000,
    "otherExpenses": -27000000,
    "operatingExpenses": 2320000000,
    "costAndExpenses": 7143000000,
    "interestIncome": 0,
    "interestExpense": 184000000,
    "depreciationAndAmortization": 769000000,
    "ebitda": 1790000000,
    "ebitdaratio": 0.22695575,
    "operatingIncome": 551000000,
    "operatingIncomeRatio": 0.0698617979,
    "totalOtherIncomeExpensesNet": -56000000,
    "incomeBeforeTax": 340000000,
    "incomeBeforeTaxRatio": 0.0431089134,
    "incomeTaxExpense": 12000000,
    "netIncome": 312000000,
    "netIncomeRatio": 0.0395587676,
    "eps": 2.28,
    "epsdiluted": 2.26,
    "weightedAverageShsOut": 137000000,
    "weightedAverageShsOutDil": 138000000,
    "link": "https://www.sec.gov/Archives/edgar/data/1140536/000114053617000008/0001140536-17-000008-index.htm",
    "finalLink": "https://www.sec.gov/Archives/edgar/data/1140536/000114053617000008/wtw-20161231x10k.htm"
  },
  {
    "date": "2015-12-31",
    "symbol": "WTW",
    "reportedCurrency": "USD",
    "cik": "0001140536",
    "fillingDate": "2016-02-29",
    "acceptedDate": "2016-02-29 15:47:48",
    "calendarYear": "2015",
    "period": "FY",
    "revenue": 3829000000,
    "costOfRevenue": 2306000000,
    "grossProfit": 1523000000,
    "grossProfitRatio": 0.3977539828,
    "researchAndDevelopmentExpenses": 0,
    "generalAndAdministrativeExpenses": 0,
    "sellingAndMarketingExpenses": 0,
    "sellingGeneralAndAdministrativeExpenses": 142000000,
    "otherExpenses": 55000000,
    "operatingExpenses": 970000000,
    "costAndExpenses": 3276000000,
    "interestIncome": 0,
    "interestExpense": 142000000,
    "depreciationAndAmortization": 171000000,
    "ebitda": 858000000,
    "ebitdaratio": 0.2240793941,
    "operatingIncome": 427000000,
    "operatingIncomeRatio": 0.1115173675,
    "totalOtherIncomeExpensesNet": -87000000,
    "incomeBeforeTax": 340000000,
    "incomeBeforeTaxRatio": 0.0887960303,
    "incomeTaxExpense": -33000000,
    "netIncome": 373000000,
    "netIncomeRatio": 0.0974144685,
    "eps": 5.49,
    "epsdiluted": 5.41,
    "weightedAverageShsOut": 68000018,
    "weightedAverageShsOutDil": 69000018,
    "link": "https://www.sec.gov/Archives/edgar/data/1140536/000114053616000035/0001140536-16-000035-index.htm",
    "finalLink": "https://www.sec.gov/Archives/edgar/data/1140536/000114053616000035/wtw10-k2015.htm"
  },
  {
    "date": "2014-12-31",
    "symbol": "WTW",
    "reportedCurrency": "USD",
    "cik": "0001140536",
    "fillingDate": "2015-02-24",
    "acceptedDate": "2015-02-24 16:57:00",
    "calendarYear": "2014",
    "period": "FY",
    "revenue": 3802000000,
    "costOfRevenue": 2314000000,
    "grossProfit": 1488000000,
    "grossProfitRatio": 0.3913729616,
    "researchAndDevelopmentExpenses": 0,
    "generalAndAdministrativeExpenses": 0,
    "sellingAndMarketingExpenses": 0,
    "sellingGeneralAndAdministrativeExpenses": 0,
    "otherExpenses": 6000000,
    "operatingExpenses": 805000000,
    "costAndExpenses": 3119000000,
    "interestIncome": 0,
    "interestExpense": 135000000,
    "depreciationAndAmortization": 146000000,
    "ebitda": 841000000,
    "ebitdaratio": 0.2211993688,
    "operatingIncome": 647000000,
    "operatingIncomeRatio": 0.1701735928,
    "totalOtherIncomeExpensesNet": -129000000,
    "incomeBeforeTax": 518000000,
    "incomeBeforeTaxRatio": 0.1362440821,
    "incomeTaxExpense": 159000000,
    "netIncome": 362000000,
    "netIncomeRatio": 0.0952130458,
    "eps": 5.38,
    "epsdiluted": 5.3,
    "weightedAverageShsOut": 67195178,
    "weightedAverageShsOutDil": 68327681,
    "link": "https://www.sec.gov/Archives/edgar/data/1140536/000114053615000003/0001140536-15-000003-index.htm",
    "finalLink": "https://www.sec.gov/Archives/edgar/data/1140536/000114053615000003/willisgroup10-k2014.htm"
  },
  {
    "date": "2013-12-31",
    "symbol": "WTW",
    "reportedCurrency": "USD",
    "cik": "0001140536",
    "fillingDate": "2014-02-27",
    "acceptedDate": "2014-02-27 15:04:27",
    "calendarYear": "2013",
    "period": "FY",
    "revenue": 3655000000,
    "costOfRevenue": 2207000000,
    "grossProfit": 1448000000,
    "grossProfitRatio": 0.3961696306,
    "researchAndDevelopmentExpenses": 0,
    "generalAndAdministrativeExpenses": 0,
    "sellingAndMarketingExpenses": 0,
    "sellingGeneralAndAdministrativeExpenses": 0,
    "otherExpenses": 55000000,
    "operatingExpenses": 765000000,
    "costAndExpenses": 2972000000,
    "interestIncome": 0,
    "interestExpense": 126000000,
    "depreciationAndAmortization": 149000000,
    "ebitda": 774000000,
    "ebitdaratio": 0.2117647059,
    "operatingIncome": 685000000,
    "operatingIncomeRatio": 0.1874145007,
    "totalOtherIncomeExpensesNet": -164000000,
    "incomeBeforeTax": 499000000,
    "incomeBeforeTaxRatio": 0.1365253078,
    "incomeTaxExpense": 122000000,
    "netIncome": 365000000,
    "netIncomeRatio": 0.0998632011,
    "eps": 5.53,
    "epsdiluted": 5.37,
    "weightedAverageShsOut": 66000174,
    "weightedAverageShsOutDil": 68000180,
    "link": "https://www.sec.gov/Archives/edgar/data/1140536/000114053614000004/0001140536-14-000004-index.htm",
    "finalLink": "https://www.sec.gov/Archives/edgar/data/1140536/000114053614000004/willisgroup10-k2013.htm"
  },
  {
    "date": "2012-12-31",
    "symbol": "WTW",
    "reportedCurrency": "USD",
    "cik": "0001140536",
    "fillingDate": "2013-02-28",
    "acceptedDate": "2013-02-28 16:46:24",
    "calendarYear": "2012",
    "period": "FY",
    "revenue": 3480000000,
    "costOfRevenue": 2475000000,
    "grossProfit": 1005000000,
    "grossProfitRatio": 0.2887931034,
    "researchAndDevelopmentExpenses": 0,
    "generalAndAdministrativeExpenses": 0,
    "sellingAndMarketingExpenses": 0,
    "sellingGeneralAndAdministrativeExpenses": 0,
    "otherExpenses": 59000000,
    "operatingExpenses": 719000000,
    "costAndExpenses": 3194000000,
    "interestIncome": 0,
    "interestExpense": 128000000,
    "depreciationAndAmortization": 138000000,
    "ebitda": -3000000,
    "ebitdaratio": -0.000862069,
    "operatingIncome": -209000000,
    "operatingIncomeRatio": -0.0600574713,
    "totalOtherIncomeExpensesNet": -334000000,
    "incomeBeforeTax": -337000000,
    "incomeBeforeTaxRatio": -0.0968390805,
    "incomeTaxExpense": 101000000,
    "netIncome": -446000000,
    "netIncomeRatio": -0.1281609195,
    "eps": -6.83,
    "epsdiluted": -6.83,
    "weightedAverageShsOut": 65258115,
    "weightedAverageShsOutDil": 65307673,
    "link": "https://www.sec.gov/Archives/edgar/data/1140536/000144530513000389/0001445305-13-000389-index.htm",
    "finalLink": "https://www.sec.gov/Archives/edgar/data/1140536/000144530513000389/willisgroup10-k.htm"
  },
  {
    "date": "2011-12-31",
    "symbol": "WTW",
    "reportedCurrency": "USD",
    "cik": "0001140536",
    "fillingDate": "2012-02-29",
    "acceptedDate": "2012-02-29 16:10:39",
    "calendarYear": "2011",
    "period": "FY",
    "revenue": 3453000000,
    "costOfRevenue": 2811000000,
    "grossProfit": 642000000,
    "grossProfitRatio": 0.1859252824,
    "researchAndDevelopmentExpenses": 0,
    "generalAndAdministrativeExpenses": 2089000000,
    "sellingAndMarketingExpenses": 0,
    "sellingGeneralAndAdministrativeExpenses": 2089000000,
    "otherExpenses": 798000000,
    "operatingExpenses": 2866000000,
    "costAndExpenses": 2866000000,
    "interestIncome": 0,
    "interestExpense": 0,
    "depreciationAndAmortization": 142000000,
    "ebitda": 537000000,
    "ebitdaratio": 0.1555169418,
    "operatingIncome": 591000000,
    "operatingIncomeRatio": 0.1711555169,
    "totalOtherIncomeExpensesNet": -327000000,
    "incomeBeforeTax": 264000000,
    "incomeBeforeTaxRatio": 0.0764552563,
    "incomeTaxExpense": 42000000,
    "netIncome": 219000000,
    "netIncomeRatio": 0.0634231103,
    "eps": 3.1,
    "epsdiluted": 3.05,
    "weightedAverageShsOut": 65307673,
    "weightedAverageShsOutDil": 66440176,
    "link": "https://www.sec.gov/Archives/edgar/data/1140536/000095012312004309/0000950123-12-004309-index.htm",
    "finalLink": "https://www.sec.gov/Archives/edgar/data/1140536/000095012312004309/u11467e10vk.htm"
  },
  {
    "date": "2010-12-31",
    "symbol": "WTW",
    "reportedCurrency": "USD",
    "cik": "0001140536",
    "fillingDate": "2011-02-28",
    "acceptedDate": "2011-02-25 19:33:24",
    "calendarYear": "2010",
    "period": "FY",
    "revenue": 3339000000,
    "costOfRevenue": 2521000000,
    "grossProfit": 818000000,
    "grossProfitRatio": 0.244983528,
    "researchAndDevelopmentExpenses": 0,
    "generalAndAdministrativeExpenses": 1873000000,
    "sellingAndMarketingExpenses": 0,
    "sellingGeneralAndAdministrativeExpenses": 1873000000,
    "otherExpenses": 711000000,
    "operatingExpenses": 2586000000,
    "costAndExpenses": 2586000000,
    "interestIncome": 0,
    "interestExpense": 166000000,
    "depreciationAndAmortization": 145000000,
    "ebitda": 898000000,
    "ebitdaratio": 0.2689427972,
    "operatingIncome": 753000000,
    "operatingIncomeRatio": 0.2255166217,
    "totalOtherIncomeExpensesNet": -166000000,
    "incomeBeforeTax": 587000000,
    "incomeBeforeTaxRatio": 0.1758011381,
    "incomeTaxExpense": 140000000,
    "netIncome": 455000000,
    "netIncomeRatio": 0.1362683438,
    "eps": 7.1,
    "epsdiluted": 7.05,
    "weightedAverageShsOut": 64175170,
    "weightedAverageShsOutDil": 64552671,
    "link": "https://www.sec.gov/Archives/edgar/data/1140536/000095012311019018/0000950123-11-019018-index.htm",
    "finalLink": "https://www.sec.gov/Archives/edgar/data/1140536/000095012311019018/u10354e10vk.htm"
  },
  {
    "date": "2009-12-31",
    "symbol": "WTW",
    "reportedCurrency": "USD",
    "cik": "0001140536",
    "fillingDate": "2010-03-01",
    "acceptedDate": "2010-02-26 21:04:24",
    "calendarYear": "2009",
    "period": "FY",
    "revenue": 3263000000,
    "costOfRevenue": 2522000000,
    "grossProfit": 741000000,
    "grossProfitRatio": 0.2270916335,
    "researchAndDevelopmentExpenses": 0,
    "generalAndAdministrativeExpenses": 1827000000,
    "sellingAndMarketingExpenses": 0,
    "sellingGeneralAndAdministrativeExpenses": 1827000000,
    "otherExpenses": 742000000,
    "operatingExpenses": 2569000000,
    "costAndExpenses": 2569000000,
    "interestIncome": 0,
    "interestExpense": 174000000,
    "depreciationAndAmortization": 160000000,
    "ebitda": 694000000,
    "ebitdaratio": 0.2126877107,
    "operatingIncome": 694000000,
    "operatingIncomeRatio": 0.2126877107,
    "totalOtherIncomeExpensesNet": -174000000,
    "incomeBeforeTax": 520000000,
    "incomeBeforeTaxRatio": 0.1593625498,
    "incomeTaxExpense": 96000000,
    "netIncome": 438000000,
    "netIncomeRatio": 0.1342323016,
    "eps": 6.91,
    "epsdiluted": 6.86,
    "weightedAverageShsOut": 63420168,
    "weightedAverageShsOutDil": 63797669,
    "link": "https://www.sec.gov/Archives/edgar/data/1140536/000095012310018538/0000950123-10-018538-index.htm",
    "finalLink": "https://www.sec.gov/Archives/edgar/data/1140536/000095012310018538/u08176e10vk.htm"
  },
  {
    "date": "2008-12-31",
    "symbol": "WTW",
    "reportedCurrency": "USD",
    "cik": "0001140536",
    "fillingDate": "2009-02-27",
    "acceptedDate": "2009-02-27 16:35:40",
    "calendarYear": "2008",
    "period": "FY",
    "revenue": 2834000000,
    "costOfRevenue": 2283000000,
    "grossProfit": 551000000,
    "grossProfitRatio": 0.1944248412,
    "researchAndDevelopmentExpenses": 0,
    "generalAndAdministrativeExpenses": 0,
    "sellingAndMarketingExpenses": 0,
    "sellingGeneralAndAdministrativeExpenses": 2247000000,
    "otherExpenses": 83000000,
    "operatingExpenses": 2330000000,
    "costAndExpenses": 2330000000,
    "interestIncome": 0,
    "interestExpense": 105000000,
    "depreciationAndAmortization": 90000000,
    "ebitda": 593000000,
    "ebitdaratio": 0.2092448836,
    "operatingIncome": 504000000,
    "operatingIncomeRatio": 0.1778405081,
    "totalOtherIncomeExpensesNet": -104000000,
    "incomeBeforeTax": 399000000,
    "incomeBeforeTaxRatio": 0.1407904023,
    "incomeTaxExpense": 97000000,
    "netIncome": 303000000,
    "netIncomeRatio": 0.1069160198,
    "eps": 5.43,
    "epsdiluted": 5.43,
    "weightedAverageShsOut": 55870148,
    "weightedAverageShsOutDil": 55870148,
    "link": "https://www.sec.gov/Archives/edgar/data/1140536/000104746909001993/0001047469-09-001993-index.htm",
    "finalLink": "https://www.sec.gov/Archives/edgar/data/1140536/000104746909001993/a2190890z10-k.htm"
  },
  {
    "date": "2007-12-31",
    "symbol": "WTW",
    "reportedCurrency": "USD",
    "cik": "0001140536",
    "fillingDate": "2008-02-27",
    "acceptedDate": "2008-02-27 16:31:47",
    "calendarYear": "2007",
    "period": "FY",
    "revenue": 2578000000,
    "costOfRevenue": 1908000000,
    "grossProfit": 670000000,
    "grossProfitRatio": 0.2598913887,
    "researchAndDevelopmentExpenses": 0,
    "generalAndAdministrativeExpenses": 0,
    "sellingAndMarketingExpenses": 0,
    "sellingGeneralAndAdministrativeExpenses": 1908000000,
    "otherExpenses": 50000000,
    "operatingExpenses": 1958000000,
    "costAndExpenses": 1958000000,
    "interestIncome": 0,
    "interestExpense": 0,
    "depreciationAndAmortization": 66000000,
    "ebitda": 670000000,
    "ebitdaratio": 0.2598913887,
    "operatingIncome": 620000000,
    "operatingIncomeRatio": 0.2404965089,
    "totalOtherIncomeExpensesNet": -66000000,
    "incomeBeforeTax": 554000000,
    "incomeBeforeTaxRatio": 0.2148952676,
    "incomeTaxExpense": 144000000,
    "netIncome": 409000000,
    "netIncomeRatio": 0.1586501164,
    "eps": 7.47,
    "epsdiluted": 7.36,
    "weightedAverageShsOut": 54737645,
    "weightedAverageShsOutDil": 55492647,
    "link": "https://www.sec.gov/Archives/edgar/data/1140536/000104746908001829/0001047469-08-001829-index.htm",
    "finalLink": "https://www.sec.gov/Archives/edgar/data/1140536/000104746908001829/a2182840z10-k.htm"
  },
  {
    "date": "2006-12-31",
    "symbol": "WTW",
    "reportedCurrency": "USD",
    "cik": "0001140536",
    "fillingDate": "2007-02-28",
    "acceptedDate": "2007-02-28 15:06:52",
    "calendarYear": "2006",
    "period": "FY",
    "revenue": 2428000000,
    "costOfRevenue": 1911000,
    "grossProfit": 2426089000,
    "grossProfitRatio": 0.9992129325,
    "researchAndDevelopmentExpenses": 0,
    "generalAndAdministrativeExpenses": 0,
    "sellingAndMarketingExpenses": 0,
    "sellingGeneralAndAdministrativeExpenses": 1911000000,
    "otherExpenses": -35000000,
    "operatingExpenses": 1876000000,
    "costAndExpenses": 1876000000,
    "interestIncome": 0,
    "interestExpense": 0,
    "depreciationAndAmortization": 63000000,
    "ebitda": 517000000,
    "ebitdaratio": 0.2129324547,
    "operatingIncome": 552000000,
    "operatingIncomeRatio": 0.2273476112,
    "totalOtherIncomeExpensesNet": -38000000,
    "incomeBeforeTax": 514000000,
    "incomeBeforeTaxRatio": 0.2116968699,
    "incomeTaxExpense": 63000000,
    "netIncome": 449000000,
    "netIncomeRatio": 0.1849258649,
    "eps": 7.58,
    "epsdiluted": 7.52,
    "weightedAverageShsOut": 59267657,
    "weightedAverageShsOutDil": 59645158,
    "link": "https://www.sec.gov/Archives/edgar/data/1140536/000110465907014849/0001104659-07-014849-index.htm",
    "finalLink": "https://www.sec.gov/Archives/edgar/data/1140536/000110465907014849/a07-4697_110k.htm"
  },
  {
    "date": "2005-12-31",
    "symbol": "WTW",
    "reportedCurrency": "USD",
    "cik": "0001140536",
    "fillingDate": "2006-03-02",
    "acceptedDate": "2006-03-02 13:29:57",
    "calendarYear": "2005",
    "period": "FY",
    "revenue": 2267000000,
    "costOfRevenue": 1761000,
    "grossProfit": 2265239000,
    "grossProfitRatio": 0.9992232025,
    "researchAndDevelopmentExpenses": 0,
    "generalAndAdministrativeExpenses": 0,
    "sellingAndMarketingExpenses": 0,
    "sellingGeneralAndAdministrativeExpenses": 1812000000,
    "otherExpenses": -24000000,
    "operatingExpenses": 1788000000,
    "costAndExpenses": 1788000000,
    "interestIncome": 0,
    "interestExpense": 0,
    "depreciationAndAmortization": 54000000,
    "ebitda": 505000000,
    "ebitdaratio": 0.2227613586,
    "operatingIncome": 479000000,
    "operatingIncomeRatio": 0.211292457,
    "totalOtherIncomeExpensesNet": -2000000,
    "incomeBeforeTax": 449000000,
    "incomeBeforeTaxRatio": 0.198059109,
    "incomeTaxExpense": 152000000,
    "netIncome": 300000000,
    "netIncomeRatio": 0.1323334804,
    "eps": 4.64,
    "epsdiluted": 4.56,
    "weightedAverageShsOut": 60777661,
    "weightedAverageShsOutDil": 61532663,
    "link": "https://www.sec.gov/Archives/edgar/data/1140536/000104746906002748/0001047469-06-002748-index.htm",
    "finalLink": "https://www.sec.gov/Archives/edgar/data/1140536/000104746906002748/a2167658z10-k.htm"
  },
  {
    "date": "2004-12-31",
    "symbol": "WTW",
    "reportedCurrency": "USD",
    "cik": "0001140536",
    "fillingDate": "2005-03-08",
    "acceptedDate": "2005-03-08 17:06:12",
    "calendarYear": "2004",
    "period": "FY",
    "revenue": 2275000000,
    "costOfRevenue": 6000,
    "grossProfit": 2274994000,
    "grossProfitRatio": 0.9999973626,
    "researchAndDevelopmentExpenses": 0,
    "generalAndAdministrativeExpenses": 1562000,
    "sellingAndMarketingExpenses": 1571438000,
    "sellingGeneralAndAdministrativeExpenses": 1573000000,
    "otherExpenses": 36000000,
    "operatingExpenses": 1609000000,
    "costAndExpenses": 1609000000,
    "interestIncome": 70000,
    "interestExpense": 22000,
    "depreciationAndAmortization": 47000000,
    "ebitda": 713000000,
    "ebitdaratio": 0.3134065934,
    "operatingIncome": 666000000,
    "operatingIncomeRatio": 0.2927472527,
    "totalOtherIncomeExpensesNet": -75000000,
    "incomeBeforeTax": 627000000,
    "incomeBeforeTaxRatio": 0.2756043956,
    "incomeTaxExpense": 208000000,
    "netIncome": 427000000,
    "netIncomeRatio": 0.1876923077,
    "eps": 6.78,
    "epsdiluted": 6.41,
    "weightedAverageShsOut": 59267657,
    "weightedAverageShsOutDil": 62665166,
    "link": "https://www.sec.gov/Archives/edgar/data/1140536/000104746905005731/0001047469-05-005731-index.htm",
    "finalLink": "https://www.sec.gov/Archives/edgar/data/1140536/000104746905005731/a2152742z10-k.htm"
  },
  {
    "date": "2003-12-31",
    "symbol": "WTW",
    "reportedCurrency": "USD",
    "cik": "0001140536",
    "fillingDate": "2004-03-15",
    "acceptedDate": "2004-03-15 12:58:39",
    "calendarYear": "2003",
    "period": "FY",
    "revenue": 2076000000,
    "costOfRevenue": 0,
    "grossProfit": 2076000000,
    "grossProfitRatio": 1,
    "researchAndDevelopmentExpenses": 0,
    "generalAndAdministrativeExpenses": 1408000,
    "sellingAndMarketingExpenses": 1426592000,
    "sellingGeneralAndAdministrativeExpenses": 1428000000,
    "otherExpenses": 28000000,
    "operatingExpenses": 1456000000,
    "costAndExpenses": 1456000000,
    "interestIncome": 72000,
    "interestExpense": 53000,
    "depreciationAndAmortization": 39000000,
    "ebitda": 659000000,
    "ebitdaratio": 0.3174373796,
    "operatingIncome": 620000000,
    "operatingIncomeRatio": 0.2986512524,
    "totalOtherIncomeExpensesNet": -53000000,
    "incomeBeforeTax": 567000000,
    "incomeBeforeTaxRatio": 0.2731213873,
    "incomeTaxExpense": 159000000,
    "netIncome": 414000000,
    "netIncomeRatio": 0.1994219653,
    "eps": 6.36,
    "epsdiluted": 5.75,
    "weightedAverageShsOut": 57380152,
    "weightedAverageShsOutDil": 63420168,
    "link": "https://www.sec.gov/Archives/edgar/data/1140536/000104746904007909/0001047469-04-007909-index.htm",
    "finalLink": "https://www.sec.gov/Archives/edgar/data/1140536/000104746904007909/a2129365z10-k.htm"
  },
  {
    "date": "2002-12-31",
    "symbol": "WTW",
    "reportedCurrency": "USD",
    "cik": "0001140536",
    "fillingDate": "2003-03-26",
    "acceptedDate": "2003-03-26 16:05:27",
    "calendarYear": "2002",
    "period": "FY",
    "revenue": 1735000000,
    "costOfRevenue": 0,
    "grossProfit": 1735000000,
    "grossProfitRatio": 1,
    "researchAndDevelopmentExpenses": 0,
    "generalAndAdministrativeExpenses": 1214000000,
    "sellingAndMarketingExpenses": 80000000,
    "sellingGeneralAndAdministrativeExpenses": 1294000000,
    "otherExpenses": 22000000,
    "operatingExpenses": 1316000000,
    "costAndExpenses": 1316000000,
    "interestIncome": 74000000,
    "interestExpense": 65000000,
    "depreciationAndAmortization": 35000000,
    "ebitda": 419000000,
    "ebitdaratio": 0.2414985591,
    "operatingIncome": 419000000,
    "operatingIncomeRatio": 0.2414985591,
    "totalOtherIncomeExpensesNet": -68000000,
    "incomeBeforeTax": 354000000,
    "incomeBeforeTaxRatio": 0.2040345821,
    "incomeTaxExpense": 141000000,
    "netIncome": 210000000,
    "netIncomeRatio": 0.121037464,
    "eps": 3.79,
    "epsdiluted": 3.39,
    "weightedAverageShsOut": 55492647,
    "weightedAverageShsOutDil": 61910164,
    "link": "https://www.sec.gov/Archives/edgar/data/1140536/000104746903010326/0001047469-03-010326-index.htm",
    "finalLink": "https://www.sec.gov/Archives/edgar/data/1140536/000104746903010326/a2106004z10-k.htm"
  },
  {
    "date": "2001-12-31",
    "symbol": "WTW",
    "reportedCurrency": "USD",
    "cik": "0001140536",
    "fillingDate": "2002-03-26",
    "acceptedDate": "2002-03-26 00:00:00",
    "calendarYear": "2001",
    "period": "FY",
    "revenue": 1424000000,
    "costOfRevenue": 0,
    "grossProfit": 1424000000,
    "grossProfitRatio": 1,
    "researchAndDevelopmentExpenses": 0,
    "generalAndAdministrativeExpenses": 0,
    "sellingAndMarketingExpenses": 0,
    "sellingGeneralAndAdministrativeExpenses": 1212000000,
    "otherExpenses": 51000000,
    "operatingExpenses": 1263000000,
    "costAndExpenses": 1263000000,
    "interestIncome": 0,
    "interestExpense": 0,
    "depreciationAndAmortization": 68000000,
    "ebitda": 229000000,
    "ebitdaratio": 0.1608146067,
    "operatingIncome": 161000000,
    "operatingIncomeRatio": 0.1130617978,
    "totalOtherIncomeExpensesNet": -82000000,
    "incomeBeforeTax": 79000000,
    "incomeBeforeTaxRatio": 0.0554775281,
    "incomeTaxExpense": 62000000,
    "netIncome": 2000000,
    "netIncomeRatio": 0.0014044944,
    "eps": 0.0265,
    "epsdiluted": 0.0265,
    "weightedAverageShsOut": 51340136,
    "weightedAverageShsOutDil": 55870148,
    "link": "https://www.sec.gov/Archives/edgar/data/1140536/000091205702011620/0000912057-02-011620-index.htm",
    "finalLink": "https://www.sec.gov/Archives/edgar/data/1140536/000091205702011620/a2073759z20-f.htm"
  },
  {
    "date": "2000-12-31",
    "symbol": "WTW",
    "reportedCurrency": "USD",
    "cik": "0001140536",
    "fillingDate": "2000-12-31",
    "acceptedDate": "2000-12-31 00:00:00",
    "calendarYear": "2000",
    "period": "FY",
    "revenue": 1305000000,
    "costOfRevenue": 0,
    "grossProfit": 1305000000,
    "grossProfitRatio": 1,
    "researchAndDevelopmentExpenses": 0,
    "generalAndAdministrativeExpenses": 0,
    "sellingAndMarketingExpenses": 0,
    "sellingGeneralAndAdministrativeExpenses": 1062000000,
    "otherExpenses": 71000000,
    "operatingExpenses": 1133000000,
    "costAndExpenses": 1133000000,
    "interestIncome": 0,
    "interestExpense": 0,
    "depreciationAndAmortization": 72000000,
    "ebitda": 244000000,
    "ebitdaratio": 0.1869731801,
    "operatingIncome": 154000000,
    "operatingIncomeRatio": 0.1180076628,
    "totalOtherIncomeExpensesNet": -89000000,
    "incomeBeforeTax": 65000000,
    "incomeBeforeTaxRatio": 0.0498084291,
    "incomeTaxExpense": 33000000,
    "netIncome": 9000000,
    "netIncomeRatio": 0.0068965517,
    "eps": 0.19,
    "epsdiluted": 0.19,
    "weightedAverageShsOut": 45795211,
    "weightedAverageShsOutDil": 45795211,
    "link": null,
    "finalLink": null
  }
]