[
  {
    "date": "2025-06-30",
    "symbol": "WY",
    "reportedCurrency": "USD",
    "cik": "0000106535",
    "fillingDate": "2025-07-25",
    "acceptedDate": "2025-07-25 16:16:59",
    "calendarYear": "2025",
    "period": "Q2",
    "revenue": 1884000000,
    "costOfRevenue": 1559000000,
    "grossProfit": 325000000,
    "grossProfitRatio": 0.1725053079,
    "researchAndDevelopmentExpenses": 1000000,
    "generalAndAdministrativeExpenses": 114000000,
    "sellingAndMarketingExpenses": 23000000,
    "sellingGeneralAndAdministrativeExpenses": 137000000,
    "otherExpenses": 9000000,
    "operatingExpenses": 147000000,
    "costAndExpenses": 1706000000,
    "interestIncome": 6000000,
    "interestExpense": 66000000,
    "depreciationAndAmortization": 125000000,
    "ebitda": 290000000,
    "ebitdaratio": 0.1539278132,
    "operatingIncome": 178000000,
    "operatingIncomeRatio": 0.0944798301,
    "totalOtherIncomeExpensesNet": -79000000,
    "incomeBeforeTax": 99000000,
    "incomeBeforeTaxRatio": 0.0525477707,
    "incomeTaxExpense": 12000000,
    "netIncome": 87000000,
    "netIncomeRatio": 0.0461783439,
    "eps": 0.12,
    "epsdiluted": 0.12,
    "weightedAverageShsOut": 723682000,
    "weightedAverageShsOutDil": 723927000,
    "link": "https://www.sec.gov/Archives/edgar/data/106535/000095017025098794/0000950170-25-098794-index.htm",
    "finalLink": "https://www.sec.gov/Archives/edgar/data/106535/000095017025098794/wy-20250630.htm"
  },
  {
    "date": "2025-03-31",
    "symbol": "WY",
    "reportedCurrency": "USD",
    "cik": "0000106535",
    "fillingDate": "2025-04-25",
    "acceptedDate": "2025-04-25 16:29:52",
    "calendarYear": "2025",
    "period": "Q1",
    "revenue": 1763000000,
    "costOfRevenue": 1428000000,
    "grossProfit": 335000000,
    "grossProfitRatio": 0.1900170164,
    "researchAndDevelopmentExpenses": 1000000,
    "generalAndAdministrativeExpenses": 119000000,
    "sellingAndMarketingExpenses": 23000000,
    "sellingGeneralAndAdministrativeExpenses": 142000000,
    "otherExpenses": 13000000,
    "operatingExpenses": 156000000,
    "costAndExpenses": 1584000000,
    "interestIncome": 5000000,
    "interestExpense": 66000000,
    "depreciationAndAmortization": 125000000,
    "ebitda": 290000000,
    "ebitdaratio": 0.1644923426,
    "operatingIncome": 179000000,
    "operatingIncomeRatio": 0.1015314804,
    "totalOtherIncomeExpensesNet": -80000000,
    "incomeBeforeTax": 99000000,
    "incomeBeforeTaxRatio": 0.0561542825,
    "incomeTaxExpense": 16000000,
    "netIncome": 83000000,
    "netIncomeRatio": 0.0470788429,
    "eps": 0.11,
    "epsdiluted": 0.11,
    "weightedAverageShsOut": 726143000,
    "weightedAverageShsOutDil": 726566000,
    "link": "https://www.sec.gov/Archives/edgar/data/106535/000095017025058770/0000950170-25-058770-index.htm",
    "finalLink": "https://www.sec.gov/Archives/edgar/data/106535/000095017025058770/wy-20250331.htm"
  },
  {
    "date": "2024-12-31",
    "symbol": "WY",
    "reportedCurrency": "USD",
    "cik": "0000106535",
    "fillingDate": "2025-02-14",
    "acceptedDate": "2025-02-14 16:19:38",
    "calendarYear": "2024",
    "period": "Q4",
    "revenue": 1708000000,
    "costOfRevenue": 1404000000,
    "grossProfit": 304000000,
    "grossProfitRatio": 0.1779859485,
    "researchAndDevelopmentExpenses": 2000000,
    "generalAndAdministrativeExpenses": 122000000,
    "sellingAndMarketingExpenses": 22000000,
    "sellingGeneralAndAdministrativeExpenses": 144000000,
    "otherExpenses": 17000000,
    "operatingExpenses": 163000000,
    "costAndExpenses": 1567000000,
    "interestIncome": 10000000,
    "interestExpense": 66000000,
    "depreciationAndAmortization": 126000000,
    "ebitda": 266000000,
    "ebitdaratio": 0.1557377049,
    "operatingIncome": 141000000,
    "operatingIncomeRatio": 0.0825526932,
    "totalOtherIncomeExpensesNet": -67000000,
    "incomeBeforeTax": 74000000,
    "incomeBeforeTaxRatio": 0.0433255269,
    "incomeTaxExpense": -7000000,
    "netIncome": 81000000,
    "netIncomeRatio": 0.0474238876,
    "eps": 0.11,
    "epsdiluted": 0.11,
    "weightedAverageShsOut": 726927000,
    "weightedAverageShsOutDil": 727776000,
    "link": "https://www.sec.gov/Archives/edgar/data/106535/000095017025021254/0000950170-25-021254-index.htm",
    "finalLink": "https://www.sec.gov/Archives/edgar/data/106535/000095017025021254/wy-20241231.htm"
  },
  {
    "date": "2024-09-30",
    "symbol": "WY",
    "reportedCurrency": "USD",
    "cik": "0000106535",
    "fillingDate": "2024-10-25",
    "acceptedDate": "2024-10-25 16:16:06",
    "calendarYear": "2024",
    "period": "Q3",
    "revenue": 1681000000,
    "costOfRevenue": 1431000000,
    "grossProfit": 250000000,
    "grossProfitRatio": 0.1487209994,
    "researchAndDevelopmentExpenses": 1000000,
    "generalAndAdministrativeExpenses": 122000000,
    "sellingAndMarketingExpenses": 22000000,
    "sellingGeneralAndAdministrativeExpenses": 144000000,
    "otherExpenses": 27000000,
    "operatingExpenses": 172000000,
    "costAndExpenses": 1603000000,
    "interestIncome": 14000000,
    "interestExpense": 69000000,
    "depreciationAndAmortization": 125000000,
    "ebitda": 207000000,
    "ebitdaratio": 0.1231409875,
    "operatingIncome": 78000000,
    "operatingIncomeRatio": 0.0464009518,
    "totalOtherIncomeExpensesNet": -65000000,
    "incomeBeforeTax": 13000000,
    "incomeBeforeTaxRatio": 0.007733492,
    "incomeTaxExpense": -15000000,
    "netIncome": 28000000,
    "netIncomeRatio": 0.0166567519,
    "eps": 0.0385,
    "epsdiluted": 0.0385,
    "weightedAverageShsOut": 727621000,
    "weightedAverageShsOutDil": 728180000,
    "link": "https://www.sec.gov/Archives/edgar/data/106535/000095017024117425/0000950170-24-117425-index.htm",
    "finalLink": "https://www.sec.gov/Archives/edgar/data/106535/000095017024117425/wy-20240930.htm"
  },
  {
    "date": "2024-06-30",
    "symbol": "WY",
    "reportedCurrency": "USD",
    "cik": "0000106535",
    "fillingDate": "2024-07-26",
    "acceptedDate": "2024-07-26 16:15:55",
    "calendarYear": "2024",
    "period": "Q2",
    "revenue": 1939000000,
    "costOfRevenue": 1535000000,
    "grossProfit": 404000000,
    "grossProfitRatio": 0.2083548221,
    "researchAndDevelopmentExpenses": 3000000,
    "generalAndAdministrativeExpenses": 116000000,
    "sellingAndMarketingExpenses": 22000000,
    "sellingGeneralAndAdministrativeExpenses": 138000000,
    "otherExpenses": -7000000,
    "operatingExpenses": 134000000,
    "costAndExpenses": 1669000000,
    "interestIncome": 13000000,
    "interestExpense": 67000000,
    "depreciationAndAmortization": 126000000,
    "ebitda": 399000000,
    "ebitdaratio": 0.2057761733,
    "operatingIncome": 270000000,
    "operatingIncomeRatio": 0.1392470346,
    "totalOtherIncomeExpensesNet": -64000000,
    "incomeBeforeTax": 206000000,
    "incomeBeforeTaxRatio": 0.1062403301,
    "incomeTaxExpense": 33000000,
    "netIncome": 173000000,
    "netIncomeRatio": 0.0892212481,
    "eps": 0.24,
    "epsdiluted": 0.24,
    "weightedAverageShsOut": 729026000,
    "weightedAverageShsOutDil": 729341000,
    "link": "https://www.sec.gov/Archives/edgar/data/106535/000095017024086899/0000950170-24-086899-index.htm",
    "finalLink": "https://www.sec.gov/Archives/edgar/data/106535/000095017024086899/wy-20240630.htm"
  },
  {
    "date": "2024-03-31",
    "symbol": "WY",
    "reportedCurrency": "USD",
    "cik": "0000106535",
    "fillingDate": "2024-04-26",
    "acceptedDate": "2024-04-26 16:34:17",
    "calendarYear": "2024",
    "period": "Q1",
    "revenue": 1796000000,
    "costOfRevenue": 1441000000,
    "grossProfit": 355000000,
    "grossProfitRatio": 0.1976614699,
    "researchAndDevelopmentExpenses": 1000000,
    "generalAndAdministrativeExpenses": 120000000,
    "sellingAndMarketingExpenses": 22000000,
    "sellingGeneralAndAdministrativeExpenses": 142000000,
    "otherExpenses": 16000000,
    "operatingExpenses": 159000000,
    "costAndExpenses": 1600000000,
    "interestIncome": 16000000,
    "interestExpense": 67000000,
    "depreciationAndAmortization": 125000000,
    "ebitda": 326000000,
    "ebitdaratio": 0.1815144766,
    "operatingIncome": 196000000,
    "operatingIncomeRatio": 0.1091314031,
    "totalOtherIncomeExpensesNet": -62000000,
    "incomeBeforeTax": 134000000,
    "incomeBeforeTaxRatio": 0.074610245,
    "incomeTaxExpense": 20000000,
    "netIncome": 114000000,
    "netIncomeRatio": 0.0634743875,
    "eps": 0.16,
    "epsdiluted": 0.16,
    "weightedAverageShsOut": 730043000,
    "weightedAverageShsOutDil": 730558000,
    "link": "https://www.sec.gov/Archives/edgar/data/106535/000095017024049224/0000950170-24-049224-index.htm",
    "finalLink": "https://www.sec.gov/Archives/edgar/data/106535/000095017024049224/wy-20240331.htm"
  },
  {
    "date": "2023-12-31",
    "symbol": "WY",
    "reportedCurrency": "USD",
    "cik": "0000106535",
    "fillingDate": "2024-02-16",
    "acceptedDate": "2024-02-16 16:31:55",
    "calendarYear": "2023",
    "period": "Q4",
    "revenue": 1774000000,
    "costOfRevenue": 1432000000,
    "grossProfit": 342000000,
    "grossProfitRatio": 0.1927846674,
    "researchAndDevelopmentExpenses": 2000000,
    "generalAndAdministrativeExpenses": 115000000,
    "sellingAndMarketingExpenses": 21000000,
    "sellingGeneralAndAdministrativeExpenses": 136000000,
    "otherExpenses": -74000000,
    "operatingExpenses": 64000000,
    "costAndExpenses": 1496000000,
    "interestIncome": 22000000,
    "interestExpense": 72000000,
    "depreciationAndAmortization": 126000000,
    "ebitda": 414000000,
    "ebitdaratio": 0.2333709132,
    "operatingIncome": 278000000,
    "operatingIncomeRatio": 0.1567080045,
    "totalOtherIncomeExpensesNet": -62000000,
    "incomeBeforeTax": 216000000,
    "incomeBeforeTaxRatio": 0.1217587373,
    "incomeTaxExpense": -3000000,
    "netIncome": 219000000,
    "netIncomeRatio": 0.1234498309,
    "eps": 0.3,
    "epsdiluted": 0.3,
    "weightedAverageShsOut": 730422000,
    "weightedAverageShsOutDil": 731277000,
    "link": "https://www.sec.gov/Archives/edgar/data/106535/000095017024016434/0000950170-24-016434-index.htm",
    "finalLink": "https://www.sec.gov/Archives/edgar/data/106535/000095017024016434/wy-20231231.htm"
  },
  {
    "date": "2023-09-30",
    "symbol": "WY",
    "reportedCurrency": "USD",
    "cik": "0000106535",
    "fillingDate": "2023-10-27",
    "acceptedDate": "2023-10-27 16:32:51",
    "calendarYear": "2023",
    "period": "Q3",
    "revenue": 2022000000,
    "costOfRevenue": 1520000000,
    "grossProfit": 502000000,
    "grossProfitRatio": 0.2482690406,
    "researchAndDevelopmentExpenses": 2000000,
    "generalAndAdministrativeExpenses": 107000000,
    "sellingAndMarketingExpenses": 22000000,
    "sellingGeneralAndAdministrativeExpenses": 129000000,
    "otherExpenses": 18000000,
    "operatingExpenses": 149000000,
    "costAndExpenses": 1669000000,
    "interestIncome": 24000000,
    "interestExpense": 72000000,
    "depreciationAndAmortization": 122000000,
    "ebitda": 487000000,
    "ebitdaratio": 0.2408506429,
    "operatingIncome": 353000000,
    "operatingIncomeRatio": 0.1745796241,
    "totalOtherIncomeExpensesNet": -60000000,
    "incomeBeforeTax": 293000000,
    "incomeBeforeTaxRatio": 0.1449060336,
    "incomeTaxExpense": 54000000,
    "netIncome": 239000000,
    "netIncomeRatio": 0.1181998022,
    "eps": 0.33,
    "epsdiluted": 0.33,
    "weightedAverageShsOut": 731046000,
    "weightedAverageShsOutDil": 731742000,
    "link": "https://www.sec.gov/Archives/edgar/data/106535/000095017023056022/0000950170-23-056022-index.htm",
    "finalLink": "https://www.sec.gov/Archives/edgar/data/106535/000095017023056022/wy-20230930.htm"
  },
  {
    "date": "2023-06-30",
    "symbol": "WY",
    "reportedCurrency": "USD",
    "cik": "0000106535",
    "fillingDate": "2023-07-28",
    "acceptedDate": "2023-07-28 16:32:53",
    "calendarYear": "2023",
    "period": "Q2",
    "revenue": 1997000000,
    "costOfRevenue": 1528000000,
    "grossProfit": 469000000,
    "grossProfitRatio": 0.2348522784,
    "researchAndDevelopmentExpenses": 1000000,
    "generalAndAdministrativeExpenses": 108000000,
    "sellingAndMarketingExpenses": 22000000,
    "sellingGeneralAndAdministrativeExpenses": 130000000,
    "otherExpenses": 19000000,
    "operatingExpenses": 150000000,
    "costAndExpenses": 1678000000,
    "interestIncome": 18000000,
    "interestExpense": 70000000,
    "depreciationAndAmortization": 126000000,
    "ebitda": 451000000,
    "ebitdaratio": 0.2258387581,
    "operatingIncome": 319000000,
    "operatingIncomeRatio": 0.1597396094,
    "totalOtherIncomeExpensesNet": -64000000,
    "incomeBeforeTax": 255000000,
    "incomeBeforeTaxRatio": 0.1276915373,
    "incomeTaxExpense": 25000000,
    "netIncome": 230000000,
    "netIncomeRatio": 0.1151727591,
    "eps": 0.31,
    "epsdiluted": 0.31,
    "weightedAverageShsOut": 732021000,
    "weightedAverageShsOutDil": 732362000,
    "link": "https://www.sec.gov/Archives/edgar/data/106535/000095017023035534/0000950170-23-035534-index.htm",
    "finalLink": "https://www.sec.gov/Archives/edgar/data/106535/000095017023035534/wy-20230630.htm"
  },
  {
    "date": "2023-03-31",
    "symbol": "WY",
    "reportedCurrency": "USD",
    "cik": "0000106535",
    "fillingDate": "2023-04-28",
    "acceptedDate": "2023-04-28 16:32:36",
    "calendarYear": "2023",
    "period": "Q1",
    "revenue": 1881000000,
    "costOfRevenue": 1512000000,
    "grossProfit": 369000000,
    "grossProfitRatio": 0.1961722488,
    "researchAndDevelopmentExpenses": 2000000,
    "generalAndAdministrativeExpenses": 101000000,
    "sellingAndMarketingExpenses": 22000000,
    "sellingGeneralAndAdministrativeExpenses": 123000000,
    "otherExpenses": 8000000,
    "operatingExpenses": 133000000,
    "costAndExpenses": 1645000000,
    "interestIncome": 12000000,
    "interestExpense": 66000000,
    "depreciationAndAmortization": 126000000,
    "ebitda": 365000000,
    "ebitdaratio": 0.1940457204,
    "operatingIncome": 236000000,
    "operatingIncomeRatio": 0.1254651781,
    "totalOtherIncomeExpensesNet": -63000000,
    "incomeBeforeTax": 173000000,
    "incomeBeforeTaxRatio": 0.0919723551,
    "incomeTaxExpense": 22000000,
    "netIncome": 151000000,
    "netIncomeRatio": 0.0802764487,
    "eps": 0.21,
    "epsdiluted": 0.21,
    "weightedAverageShsOut": 733163000,
    "weightedAverageShsOutDil": 733546000,
    "link": "https://www.sec.gov/Archives/edgar/data/106535/000095017023015874/0000950170-23-015874-index.htm",
    "finalLink": "https://www.sec.gov/Archives/edgar/data/106535/000095017023015874/wy-20230331.htm"
  },
  {
    "date": "2022-12-31",
    "symbol": "WY",
    "reportedCurrency": "USD",
    "cik": "0000106535",
    "fillingDate": "2023-02-17",
    "acceptedDate": "2023-02-17 16:19:38",
    "calendarYear": "2022",
    "period": "Q4",
    "revenue": 1823000000,
    "costOfRevenue": 1434000000,
    "grossProfit": 389000000,
    "grossProfitRatio": 0.213384531,
    "researchAndDevelopmentExpenses": 2000000,
    "generalAndAdministrativeExpenses": 104000000,
    "sellingAndMarketingExpenses": 23000000,
    "sellingGeneralAndAdministrativeExpenses": 127000000,
    "otherExpenses": 28000000,
    "operatingExpenses": 157000000,
    "costAndExpenses": 1591000000,
    "interestIncome": 16000000,
    "interestExpense": 66000000,
    "depreciationAndAmortization": 120000000,
    "ebitda": 152000000,
    "ebitdaratio": 0.0833790455,
    "operatingIncome": 232000000,
    "operatingIncomeRatio": 0.1272627537,
    "totalOtherIncomeExpensesNet": -266000000,
    "incomeBeforeTax": -34000000,
    "incomeBeforeTaxRatio": -0.018650576,
    "incomeTaxExpense": -45000000,
    "netIncome": 11000000,
    "netIncomeRatio": 0.0060340099,
    "eps": 0.02,
    "epsdiluted": 0.02,
    "weightedAverageShsOut": 735715000,
    "weightedAverageShsOutDil": 749496000,
    "link": "https://www.sec.gov/Archives/edgar/data/106535/000095017023003217/0000950170-23-003217-index.htm",
    "finalLink": "https://www.sec.gov/Archives/edgar/data/106535/000095017023003217/wy-20221231.htm"
  },
  {
    "date": "2022-09-30",
    "symbol": "WY",
    "reportedCurrency": "USD",
    "cik": "0000106535",
    "fillingDate": "2022-10-28",
    "acceptedDate": "2022-10-28 16:22:22",
    "calendarYear": "2022",
    "period": "Q3",
    "revenue": 2276000000,
    "costOfRevenue": 1694000000,
    "grossProfit": 582000000,
    "grossProfitRatio": 0.255711775,
    "researchAndDevelopmentExpenses": 1000000,
    "generalAndAdministrativeExpenses": 100000000,
    "sellingAndMarketingExpenses": 24000000,
    "sellingGeneralAndAdministrativeExpenses": 124000000,
    "otherExpenses": 0,
    "operatingExpenses": 125000000,
    "costAndExpenses": 1819000000,
    "interestIncome": 9000000,
    "interestExpense": 67000000,
    "depreciationAndAmortization": 119000000,
    "ebitda": 573000000,
    "ebitdaratio": 0.2517574692,
    "operatingIncome": 457000000,
    "operatingIncomeRatio": 0.2007908612,
    "totalOtherIncomeExpensesNet": -70000000,
    "incomeBeforeTax": 387000000,
    "incomeBeforeTaxRatio": 0.1700351494,
    "incomeTaxExpense": 77000000,
    "netIncome": 310000000,
    "netIncomeRatio": 0.1362038664,
    "eps": 0.42,
    "epsdiluted": 0.42,
    "weightedAverageShsOut": 740058000,
    "weightedAverageShsOutDil": 740975000,
    "link": "https://www.sec.gov/Archives/edgar/data/106535/000156459022035696/0001564590-22-035696-index.htm",
    "finalLink": "https://www.sec.gov/Archives/edgar/data/106535/000156459022035696/wy-10q_20220930.htm"
  },
  {
    "date": "2022-06-30",
    "symbol": "WY",
    "reportedCurrency": "USD",
    "cik": "0000106535",
    "fillingDate": "2022-07-29",
    "acceptedDate": "2022-07-29 16:08:03",
    "calendarYear": "2022",
    "period": "Q2",
    "revenue": 2973000000,
    "costOfRevenue": 1789000000,
    "grossProfit": 1184000000,
    "grossProfitRatio": 0.398250925,
    "researchAndDevelopmentExpenses": 2000000,
    "generalAndAdministrativeExpenses": 102000000,
    "sellingAndMarketingExpenses": 23000000,
    "sellingGeneralAndAdministrativeExpenses": 125000000,
    "otherExpenses": 10000000,
    "operatingExpenses": 137000000,
    "costAndExpenses": 1926000000,
    "interestIncome": 1000000,
    "interestExpense": 65000000,
    "depreciationAndAmortization": 119000000,
    "ebitda": 1156000000,
    "ebitdaratio": 0.3888328288,
    "operatingIncome": 1047000000,
    "operatingIncomeRatio": 0.3521695257,
    "totalOtherIncomeExpensesNet": -75000000,
    "incomeBeforeTax": 972000000,
    "incomeBeforeTaxRatio": 0.3269424823,
    "incomeTaxExpense": 184000000,
    "netIncome": 788000000,
    "netIncomeRatio": 0.2650521359,
    "eps": 1.06,
    "epsdiluted": 1.06,
    "weightedAverageShsOut": 744542000,
    "weightedAverageShsOutDil": 745582000,
    "link": "https://www.sec.gov/Archives/edgar/data/106535/000156459022027102/0001564590-22-027102-index.htm",
    "finalLink": "https://www.sec.gov/Archives/edgar/data/106535/000156459022027102/wy-10q_20220630.htm"
  },
  {
    "date": "2022-03-31",
    "symbol": "WY",
    "reportedCurrency": "USD",
    "cik": "0000106535",
    "fillingDate": "2022-04-29",
    "acceptedDate": "2022-04-29 16:27:12",
    "calendarYear": "2022",
    "period": "Q1",
    "revenue": 3112000000,
    "costOfRevenue": 1647000000,
    "grossProfit": 1465000000,
    "grossProfitRatio": 0.4707583548,
    "researchAndDevelopmentExpenses": 1000000,
    "generalAndAdministrativeExpenses": 92000000,
    "sellingAndMarketingExpenses": 23000000,
    "sellingGeneralAndAdministrativeExpenses": 115000000,
    "otherExpenses": 5000000,
    "operatingExpenses": 121000000,
    "costAndExpenses": 1768000000,
    "interestIncome": 0,
    "interestExpense": 73000000,
    "depreciationAndAmortization": 122000000,
    "ebitda": 1175000000,
    "ebitdaratio": 0.3775706941,
    "operatingIncome": 1344000000,
    "operatingIncomeRatio": 0.4318766067,
    "totalOtherIncomeExpensesNet": -364000000,
    "incomeBeforeTax": 980000000,
    "incomeBeforeTaxRatio": 0.3149100257,
    "incomeTaxExpense": 209000000,
    "netIncome": 771000000,
    "netIncomeRatio": 0.2477506427,
    "eps": 1.03,
    "epsdiluted": 1.03,
    "weightedAverageShsOut": 747507000,
    "weightedAverageShsOutDil": 748823000,
    "link": "https://www.sec.gov/Archives/edgar/data/106535/000156459022016824/0001564590-22-016824-index.htm",
    "finalLink": "https://www.sec.gov/Archives/edgar/data/106535/000156459022016824/wy-10q_20220331.htm"
  },
  {
    "date": "2021-12-31",
    "symbol": "WY",
    "reportedCurrency": "USD",
    "cik": "0000106535",
    "fillingDate": "2022-02-18",
    "acceptedDate": "2022-02-18 16:21:43",
    "calendarYear": "2021",
    "period": "Q4",
    "revenue": 2206000000,
    "costOfRevenue": 1501000000,
    "grossProfit": 705000000,
    "grossProfitRatio": 0.3195829556,
    "researchAndDevelopmentExpenses": 2000000,
    "generalAndAdministrativeExpenses": 113000000,
    "sellingAndMarketingExpenses": 27000000,
    "sellingGeneralAndAdministrativeExpenses": 140000000,
    "otherExpenses": -46000000,
    "operatingExpenses": 96000000,
    "costAndExpenses": 1597000000,
    "interestIncome": 1000000,
    "interestExpense": 77000000,
    "depreciationAndAmortization": 121000000,
    "ebitda": 726000000,
    "ebitdaratio": 0.3291024479,
    "operatingIncome": 609000000,
    "operatingIncomeRatio": 0.2760652765,
    "totalOtherIncomeExpensesNet": -81000000,
    "incomeBeforeTax": 528000000,
    "incomeBeforeTaxRatio": 0.2393472348,
    "incomeTaxExpense": 112000000,
    "netIncome": 416000000,
    "netIncomeRatio": 0.1885766092,
    "eps": 0.56,
    "epsdiluted": 0.55,
    "weightedAverageShsOut": 749013000,
    "weightedAverageShsOutDil": 750935000,
    "link": "https://www.sec.gov/Archives/edgar/data/106535/000156459022005707/0001564590-22-005707-index.htm",
    "finalLink": "https://www.sec.gov/Archives/edgar/data/106535/000156459022005707/wy-10k_20211231.htm"
  },
  {
    "date": "2021-09-30",
    "symbol": "WY",
    "reportedCurrency": "USD",
    "cik": "0000106535",
    "fillingDate": "2021-10-29",
    "acceptedDate": "2021-10-29 16:20:57",
    "calendarYear": "2021",
    "period": "Q3",
    "revenue": 2345000000,
    "costOfRevenue": 1589000000,
    "grossProfit": 756000000,
    "grossProfitRatio": 0.3223880597,
    "researchAndDevelopmentExpenses": 1000000,
    "generalAndAdministrativeExpenses": 98000000,
    "sellingAndMarketingExpenses": 24000000,
    "sellingGeneralAndAdministrativeExpenses": 122000000,
    "otherExpenses": -16000000,
    "operatingExpenses": 107000000,
    "costAndExpenses": 1696000000,
    "interestIncome": 1000000,
    "interestExpense": 79000000,
    "depreciationAndAmortization": 118000000,
    "ebitda": 763000000,
    "ebitdaratio": 0.3253731343,
    "operatingIncome": 649000000,
    "operatingIncomeRatio": 0.2767590618,
    "totalOtherIncomeExpensesNet": -83000000,
    "incomeBeforeTax": 566000000,
    "incomeBeforeTaxRatio": 0.2413646055,
    "incomeTaxExpense": 84000000,
    "netIncome": 482000000,
    "netIncomeRatio": 0.20554371,
    "eps": 0.64,
    "epsdiluted": 0.64,
    "weightedAverageShsOut": 750105000,
    "weightedAverageShsOutDil": 751443000,
    "link": "https://www.sec.gov/Archives/edgar/data/106535/000156459021052961/0001564590-21-052961-index.htm",
    "finalLink": "https://www.sec.gov/Archives/edgar/data/106535/000156459021052961/wy-10q_20210930.htm"
  },
  {
    "date": "2021-06-30",
    "symbol": "WY",
    "reportedCurrency": "USD",
    "cik": "0000106535",
    "fillingDate": "2021-07-30",
    "acceptedDate": "2021-07-30 16:38:53",
    "calendarYear": "2021",
    "period": "Q2",
    "revenue": 3144000000,
    "costOfRevenue": 1583000000,
    "grossProfit": 1561000000,
    "grossProfitRatio": 0.4965012723,
    "researchAndDevelopmentExpenses": 1000000,
    "generalAndAdministrativeExpenses": 95000000,
    "sellingAndMarketingExpenses": 24000000,
    "sellingGeneralAndAdministrativeExpenses": 119000000,
    "otherExpenses": 12000000,
    "operatingExpenses": 132000000,
    "costAndExpenses": 1715000000,
    "interestIncome": 2000000,
    "interestExpense": 78000000,
    "depreciationAndAmortization": 120000000,
    "ebitda": 1550000000,
    "ebitdaratio": 0.4930025445,
    "operatingIncome": 1429000000,
    "operatingIncomeRatio": 0.4545165394,
    "totalOtherIncomeExpensesNet": -77000000,
    "incomeBeforeTax": 1352000000,
    "incomeBeforeTaxRatio": 0.4300254453,
    "incomeTaxExpense": 324000000,
    "netIncome": 1028000000,
    "netIncomeRatio": 0.3269720102,
    "eps": 1.37,
    "epsdiluted": 1.37,
    "weightedAverageShsOut": 750127000,
    "weightedAverageShsOutDil": 751508000,
    "link": "https://www.sec.gov/Archives/edgar/data/106535/000156459021039521/0001564590-21-039521-index.htm",
    "finalLink": "https://www.sec.gov/Archives/edgar/data/106535/000156459021039521/wy-10q_20210630.htm"
  },
  {
    "date": "2021-03-31",
    "symbol": "WY",
    "reportedCurrency": "USD",
    "cik": "0000106535",
    "fillingDate": "2021-04-30",
    "acceptedDate": "2021-04-30 16:10:01",
    "calendarYear": "2021",
    "period": "Q1",
    "revenue": 2506000000,
    "costOfRevenue": 1430000000,
    "grossProfit": 1076000000,
    "grossProfitRatio": 0.4293695132,
    "researchAndDevelopmentExpenses": 1000000,
    "generalAndAdministrativeExpenses": 90000000,
    "sellingAndMarketingExpenses": 20000000,
    "sellingGeneralAndAdministrativeExpenses": 110000000,
    "otherExpenses": 9000000,
    "operatingExpenses": 120000000,
    "costAndExpenses": 1550000000,
    "interestIncome": 1000000,
    "interestExpense": 79000000,
    "depreciationAndAmortization": 118000000,
    "ebitda": 1067000000,
    "ebitdaratio": 0.4257781325,
    "operatingIncome": 956000000,
    "operatingIncomeRatio": 0.3814844374,
    "totalOtherIncomeExpensesNet": -86000000,
    "incomeBeforeTax": 870000000,
    "incomeBeforeTaxRatio": 0.3471667997,
    "incomeTaxExpense": 189000000,
    "netIncome": 681000000,
    "netIncomeRatio": 0.2717478053,
    "eps": 0.91,
    "epsdiluted": 0.91,
    "weightedAverageShsOut": 748718000,
    "weightedAverageShsOutDil": 750024000,
    "link": "https://www.sec.gov/Archives/edgar/data/106535/000156459021022533/0001564590-21-022533-index.htm",
    "finalLink": "https://www.sec.gov/Archives/edgar/data/106535/000156459021022533/wy-10q_20210331.htm"
  },
  {
    "date": "2020-12-31",
    "symbol": "WY",
    "reportedCurrency": "USD",
    "cik": "0000106535",
    "fillingDate": "2021-02-19",
    "acceptedDate": "2021-02-19 16:39:33",
    "calendarYear": "2020",
    "period": "Q4",
    "revenue": 2063000000,
    "costOfRevenue": 1392000000,
    "grossProfit": 671000000,
    "grossProfitRatio": 0.3252544838,
    "researchAndDevelopmentExpenses": 1000000,
    "generalAndAdministrativeExpenses": 93000000,
    "sellingAndMarketingExpenses": 21000000,
    "sellingGeneralAndAdministrativeExpenses": 114000000,
    "otherExpenses": -161000000,
    "operatingExpenses": -46000000,
    "costAndExpenses": 1346000000,
    "interestIncome": 0,
    "interestExpense": 144000000,
    "depreciationAndAmortization": 117000000,
    "ebitda": 572000000,
    "ebitdaratio": 0.2772661173,
    "operatingIncome": 717000000,
    "operatingIncomeRatio": 0.3475521086,
    "totalOtherIncomeExpensesNet": -406000000,
    "incomeBeforeTax": 311000000,
    "incomeBeforeTaxRatio": 0.150751333,
    "incomeTaxExpense": 19000000,
    "netIncome": 292000000,
    "netIncomeRatio": 0.1415414445,
    "eps": 0.39,
    "epsdiluted": 0.39,
    "weightedAverageShsOut": 747294000,
    "weightedAverageShsOutDil": 749004000,
    "link": "https://www.sec.gov/Archives/edgar/data/106535/000156459021006960/0001564590-21-006960-index.htm",
    "finalLink": "https://www.sec.gov/Archives/edgar/data/106535/000156459021006960/wy-10k_20201231.htm"
  },
  {
    "date": "2020-09-30",
    "symbol": "WY",
    "reportedCurrency": "USD",
    "cik": "0000106535",
    "fillingDate": "2020-10-30",
    "acceptedDate": "2020-10-30 16:06:11",
    "calendarYear": "2020",
    "period": "Q3",
    "revenue": 2110000000,
    "costOfRevenue": 1390000000,
    "grossProfit": 720000000,
    "grossProfitRatio": 0.3412322275,
    "researchAndDevelopmentExpenses": 1000000,
    "generalAndAdministrativeExpenses": 96000000,
    "sellingAndMarketingExpenses": 22000000,
    "sellingGeneralAndAdministrativeExpenses": 118000000,
    "otherExpenses": 91000000,
    "operatingExpenses": 210000000,
    "costAndExpenses": 1600000000,
    "interestIncome": 2000000,
    "interestExpense": 111000000,
    "depreciationAndAmortization": 115000000,
    "ebitda": 618000000,
    "ebitdaratio": 0.2928909953,
    "operatingIncome": 510000000,
    "operatingIncomeRatio": 0.2417061611,
    "totalOtherIncomeExpensesNet": -118000000,
    "incomeBeforeTax": 392000000,
    "incomeBeforeTaxRatio": 0.1857819905,
    "incomeTaxExpense": 109000000,
    "netIncome": 283000000,
    "netIncomeRatio": 0.1341232227,
    "eps": 0.38,
    "epsdiluted": 0.38,
    "weightedAverageShsOut": 746996000,
    "weightedAverageShsOutDil": 748450000,
    "link": "https://www.sec.gov/Archives/edgar/data/106535/000156459020049304/0001564590-20-049304-index.htm",
    "finalLink": "https://www.sec.gov/Archives/edgar/data/106535/000156459020049304/wy-10q_20200930.htm"
  },
  {
    "date": "2020-06-30",
    "symbol": "WY",
    "reportedCurrency": "USD",
    "cik": "0000106535",
    "fillingDate": "2020-07-31",
    "acceptedDate": "2020-07-31 16:09:14",
    "calendarYear": "2020",
    "period": "Q2",
    "revenue": 1631000000,
    "costOfRevenue": 1283000000,
    "grossProfit": 348000000,
    "grossProfitRatio": 0.2133660331,
    "researchAndDevelopmentExpenses": 2000000,
    "generalAndAdministrativeExpenses": 84000000,
    "sellingAndMarketingExpenses": 18000000,
    "sellingGeneralAndAdministrativeExpenses": 102000000,
    "otherExpenses": 1000000,
    "operatingExpenses": 105000000,
    "costAndExpenses": 1388000000,
    "interestIncome": 2000000,
    "interestExpense": 103000000,
    "depreciationAndAmortization": 117000000,
    "ebitda": 352000000,
    "ebitdaratio": 0.2158185162,
    "operatingIncome": 243000000,
    "operatingIncomeRatio": 0.1489883507,
    "totalOtherIncomeExpensesNet": -111000000,
    "incomeBeforeTax": 132000000,
    "incomeBeforeTaxRatio": 0.0809319436,
    "incomeTaxExpense": 60000000,
    "netIncome": 72000000,
    "netIncomeRatio": 0.0441446965,
    "eps": 0.1,
    "epsdiluted": 0.1,
    "weightedAverageShsOut": 746896000,
    "weightedAverageShsOutDil": 746984000,
    "link": "https://www.sec.gov/Archives/edgar/data/106535/000156459020035178/0001564590-20-035178-index.htm",
    "finalLink": "https://www.sec.gov/Archives/edgar/data/106535/000156459020035178/wy-10q_20200630.htm"
  },
  {
    "date": "2020-03-31",
    "symbol": "WY",
    "reportedCurrency": "USD",
    "cik": "0000106535",
    "fillingDate": "2020-05-01",
    "acceptedDate": "2020-05-01 16:04:48",
    "calendarYear": "2020",
    "period": "Q1",
    "revenue": 1728000000,
    "costOfRevenue": 1382000000,
    "grossProfit": 346000000,
    "grossProfitRatio": 0.2002314815,
    "researchAndDevelopmentExpenses": 1000000,
    "generalAndAdministrativeExpenses": 74000000,
    "sellingAndMarketingExpenses": 22000000,
    "sellingGeneralAndAdministrativeExpenses": 96000000,
    "otherExpenses": 9000000,
    "operatingExpenses": 106000000,
    "costAndExpenses": 1488000000,
    "interestIncome": 1000000,
    "interestExpense": 85000000,
    "depreciationAndAmortization": 123000000,
    "ebitda": 355000000,
    "ebitdaratio": 0.2054398148,
    "operatingIncome": 240000000,
    "operatingIncomeRatio": 0.1388888889,
    "totalOtherIncomeExpensesNet": -93000000,
    "incomeBeforeTax": 147000000,
    "incomeBeforeTaxRatio": 0.0850694444,
    "incomeTaxExpense": -3000000,
    "netIncome": 150000000,
    "netIncomeRatio": 0.0868055556,
    "eps": 0.2,
    "epsdiluted": 0.2,
    "weightedAverageShsOut": 746534000,
    "weightedAverageShsOutDil": 747155000,
    "link": "https://www.sec.gov/Archives/edgar/data/106535/000156459020020495/0001564590-20-020495-index.htm",
    "finalLink": "https://www.sec.gov/Archives/edgar/data/106535/000156459020020495/wy-10q_20200331.htm"
  },
  {
    "date": "2019-12-31",
    "symbol": "WY",
    "reportedCurrency": "USD",
    "cik": "0000106535",
    "fillingDate": "2020-02-14",
    "acceptedDate": "2020-02-14 16:52:22",
    "calendarYear": "2019",
    "period": "Q4",
    "revenue": 1548000000,
    "costOfRevenue": 1301000000,
    "grossProfit": 247000000,
    "grossProfitRatio": 0.1595607235,
    "researchAndDevelopmentExpenses": 2000000,
    "generalAndAdministrativeExpenses": 94000000,
    "sellingAndMarketingExpenses": 22000000,
    "sellingGeneralAndAdministrativeExpenses": 116000000,
    "otherExpenses": 40000000,
    "operatingExpenses": 158000000,
    "costAndExpenses": 1459000000,
    "interestIncome": 8000000,
    "interestExpense": 89000000,
    "depreciationAndAmortization": 128000000,
    "ebitda": 204000000,
    "ebitdaratio": 0.1317829457,
    "operatingIncome": 89000000,
    "operatingIncomeRatio": 0.0574935401,
    "totalOtherIncomeExpensesNet": -102000000,
    "incomeBeforeTax": -13000000,
    "incomeBeforeTaxRatio": -0.0083979328,
    "incomeTaxExpense": 1000000,
    "netIncome": -14000000,
    "netIncomeRatio": -0.0090439276,
    "eps": -0.0188,
    "epsdiluted": -0.0188,
    "weightedAverageShsOut": 745886000,
    "weightedAverageShsOutDil": 745886000,
    "link": "https://www.sec.gov/Archives/edgar/data/106535/000156459020004822/0001564590-20-004822-index.htm",
    "finalLink": "https://www.sec.gov/Archives/edgar/data/106535/000156459020004822/wy-10k_20191231.htm"
  },
  {
    "date": "2019-09-30",
    "symbol": "WY",
    "reportedCurrency": "USD",
    "cik": "0000106535",
    "fillingDate": "2019-10-25",
    "acceptedDate": "2019-10-25 16:23:29",
    "calendarYear": "2019",
    "period": "Q3",
    "revenue": 1671000000,
    "costOfRevenue": 1399000000,
    "grossProfit": 272000000,
    "grossProfitRatio": 0.1627767804,
    "researchAndDevelopmentExpenses": 1000000,
    "generalAndAdministrativeExpenses": 85000000,
    "sellingAndMarketingExpenses": 20000000,
    "sellingGeneralAndAdministrativeExpenses": 105000000,
    "otherExpenses": -36000000,
    "operatingExpenses": 70000000,
    "costAndExpenses": 1469000000,
    "interestIncome": 6000000,
    "interestExpense": 91000000,
    "depreciationAndAmortization": 135000000,
    "ebitda": 328000000,
    "ebitdaratio": 0.1962896469,
    "operatingIncome": 202000000,
    "operatingIncomeRatio": 0.1208856972,
    "totalOtherIncomeExpensesNet": -100000000,
    "incomeBeforeTax": 102000000,
    "incomeBeforeTaxRatio": 0.0610412926,
    "incomeTaxExpense": 3000000,
    "netIncome": 99000000,
    "netIncomeRatio": 0.0592459605,
    "eps": 0.13,
    "epsdiluted": 0.13,
    "weightedAverageShsOut": 745626000,
    "weightedAverageShsOutDil": 746514000,
    "link": "https://www.sec.gov/Archives/edgar/data/106535/000156459019037923/0001564590-19-037923-index.htm",
    "finalLink": "https://www.sec.gov/Archives/edgar/data/106535/000156459019037923/wy-10q_20190930.htm"
  },
  {
    "date": "2019-06-30",
    "symbol": "WY",
    "reportedCurrency": "USD",
    "cik": "0000106535",
    "fillingDate": "2019-07-26",
    "acceptedDate": "2019-07-26 16:12:12",
    "calendarYear": "2019",
    "period": "Q2",
    "revenue": 1692000000,
    "costOfRevenue": 1390000000,
    "grossProfit": 302000000,
    "grossProfitRatio": 0.1784869976,
    "researchAndDevelopmentExpenses": 2000000,
    "generalAndAdministrativeExpenses": 80000000,
    "sellingAndMarketingExpenses": 21000000,
    "sellingGeneralAndAdministrativeExpenses": 101000000,
    "otherExpenses": 13000000,
    "operatingExpenses": 116000000,
    "costAndExpenses": 1506000000,
    "interestIncome": 6000000,
    "interestExpense": 91000000,
    "depreciationAndAmortization": 124000000,
    "ebitda": 306000000,
    "ebitdaratio": 0.1808510638,
    "operatingIncome": 186000000,
    "operatingIncomeRatio": 0.109929078,
    "totalOtherIncomeExpensesNet": -95000000,
    "incomeBeforeTax": 91000000,
    "incomeBeforeTaxRatio": 0.0537825059,
    "incomeTaxExpense": -37000000,
    "netIncome": 128000000,
    "netIncomeRatio": 0.0756501182,
    "eps": 0.17,
    "epsdiluted": 0.17,
    "weightedAverageShsOut": 745486000,
    "weightedAverageShsOutDil": 746232000,
    "link": "https://www.sec.gov/Archives/edgar/data/106535/000156459019026365/0001564590-19-026365-index.htm",
    "finalLink": "https://www.sec.gov/Archives/edgar/data/106535/000156459019026365/wy-10q_20190630.htm"
  },
  {
    "date": "2019-03-31",
    "symbol": "WY",
    "reportedCurrency": "USD",
    "cik": "0000106535",
    "fillingDate": "2019-04-26",
    "acceptedDate": "2019-04-26 16:06:49",
    "calendarYear": "2019",
    "period": "Q1",
    "revenue": 1643000000,
    "costOfRevenue": 1322000000,
    "grossProfit": 321000000,
    "grossProfitRatio": 0.1953743153,
    "researchAndDevelopmentExpenses": 1000000,
    "generalAndAdministrativeExpenses": 89000000,
    "sellingAndMarketingExpenses": 21000000,
    "sellingGeneralAndAdministrativeExpenses": 110000000,
    "otherExpenses": 36000000,
    "operatingExpenses": 147000000,
    "costAndExpenses": 1469000000,
    "interestIncome": 10000000,
    "interestExpense": 107000000,
    "depreciationAndAmortization": 123000000,
    "ebitda": -163000000,
    "ebitdaratio": -0.0992087645,
    "operatingIncome": 174000000,
    "operatingIncomeRatio": 0.1059038344,
    "totalOtherIncomeExpensesNet": -567000000,
    "incomeBeforeTax": -393000000,
    "incomeBeforeTaxRatio": -0.2391965916,
    "incomeTaxExpense": -104000000,
    "netIncome": -289000000,
    "netIncomeRatio": -0.175897748,
    "eps": -0.39,
    "epsdiluted": -0.39,
    "weightedAverageShsOut": 741025641,
    "weightedAverageShsOutDil": 746603000,
    "link": "https://www.sec.gov/Archives/edgar/data/106535/000010653519000026/0000106535-19-000026-index.htm",
    "finalLink": "https://www.sec.gov/Archives/edgar/data/106535/000010653519000026/wy331201910-q.htm"
  },
  {
    "date": "2018-12-31",
    "symbol": "WY",
    "reportedCurrency": "USD",
    "cik": "0000106535",
    "fillingDate": "2019-02-15",
    "acceptedDate": "2019-02-15 16:43:31",
    "calendarYear": "2018",
    "period": "Q4",
    "revenue": 1636000000,
    "costOfRevenue": 1345000000,
    "grossProfit": 291000000,
    "grossProfitRatio": 0.1778728606,
    "researchAndDevelopmentExpenses": 2000000,
    "generalAndAdministrativeExpenses": 82000000,
    "sellingAndMarketingExpenses": 22000000,
    "sellingGeneralAndAdministrativeExpenses": 104000000,
    "otherExpenses": 8000000,
    "operatingExpenses": 114000000,
    "costAndExpenses": 1459000000,
    "interestIncome": 24000000,
    "interestExpense": 97000000,
    "depreciationAndAmortization": 125000000,
    "ebitda": 108000000,
    "ebitdaratio": 0.0660146699,
    "operatingIncome": 177000000,
    "operatingIncomeRatio": 0.108190709,
    "totalOtherIncomeExpensesNet": -291000000,
    "incomeBeforeTax": -114000000,
    "incomeBeforeTaxRatio": -0.0696821516,
    "incomeTaxExpense": -21000000,
    "netIncome": -93000000,
    "netIncomeRatio": -0.0568459658,
    "eps": -0.12,
    "epsdiluted": -0.12,
    "weightedAverageShsOut": 748694000,
    "weightedAverageShsOutDil": 750025000,
    "link": "https://www.sec.gov/Archives/edgar/data/106535/000010653519000014/0000106535-19-000014-index.htm",
    "finalLink": "https://www.sec.gov/Archives/edgar/data/106535/000010653519000014/wy-123118x10k.htm"
  },
  {
    "date": "2018-09-30",
    "symbol": "WY",
    "reportedCurrency": "USD",
    "cik": "0000106535",
    "fillingDate": "2018-10-26",
    "acceptedDate": "2018-10-26 16:25:38",
    "calendarYear": "2018",
    "period": "Q3",
    "revenue": 1910000000,
    "costOfRevenue": 1452000000,
    "grossProfit": 458000000,
    "grossProfitRatio": 0.2397905759,
    "researchAndDevelopmentExpenses": 2000000,
    "generalAndAdministrativeExpenses": 78000000,
    "sellingAndMarketingExpenses": 20000000,
    "sellingGeneralAndAdministrativeExpenses": 98000000,
    "otherExpenses": 21000000,
    "operatingExpenses": 121000000,
    "costAndExpenses": 1573000000,
    "interestIncome": 13000000,
    "interestExpense": 93000000,
    "depreciationAndAmortization": 122000000,
    "ebitda": 455000000,
    "ebitdaratio": 0.2382198953,
    "operatingIncome": 337000000,
    "operatingIncomeRatio": 0.1764397906,
    "totalOtherIncomeExpensesNet": -97000000,
    "incomeBeforeTax": 240000000,
    "incomeBeforeTaxRatio": 0.1256544503,
    "incomeTaxExpense": -15000000,
    "netIncome": 255000000,
    "netIncomeRatio": 0.1335078534,
    "eps": 0.34,
    "epsdiluted": 0.34,
    "weightedAverageShsOut": 754986000,
    "weightedAverageShsOutDil": 757389000,
    "link": "https://www.sec.gov/Archives/edgar/data/106535/000010653518000086/0000106535-18-000086-index.htm",
    "finalLink": "https://www.sec.gov/Archives/edgar/data/106535/000010653518000086/wy930201810q.htm"
  },
  {
    "date": "2018-06-30",
    "symbol": "WY",
    "reportedCurrency": "USD",
    "cik": "0000106535",
    "fillingDate": "2018-07-27",
    "acceptedDate": "2018-07-27 16:12:27",
    "calendarYear": "2018",
    "period": "Q2",
    "revenue": 2065000000,
    "costOfRevenue": 1447000000,
    "grossProfit": 618000000,
    "grossProfitRatio": 0.2992736077,
    "researchAndDevelopmentExpenses": 2000000,
    "generalAndAdministrativeExpenses": 80000000,
    "sellingAndMarketingExpenses": 23000000,
    "sellingGeneralAndAdministrativeExpenses": 103000000,
    "otherExpenses": 37000000,
    "operatingExpenses": 142000000,
    "costAndExpenses": 1589000000,
    "interestIncome": 11000000,
    "interestExpense": 92000000,
    "depreciationAndAmortization": 119000000,
    "ebitda": 593000000,
    "ebitdaratio": 0.2871670702,
    "operatingIncome": 476000000,
    "operatingIncomeRatio": 0.2305084746,
    "totalOtherIncomeExpensesNet": -94000000,
    "incomeBeforeTax": 382000000,
    "incomeBeforeTaxRatio": 0.1849878935,
    "incomeTaxExpense": 65000000,
    "netIncome": 317000000,
    "netIncomeRatio": 0.1535108959,
    "eps": 0.42,
    "epsdiluted": 0.42,
    "weightedAverageShsOut": 757829000,
    "weightedAverageShsOutDil": 760533000,
    "link": "https://www.sec.gov/Archives/edgar/data/106535/000010653518000052/0000106535-18-000052-index.htm",
    "finalLink": "https://www.sec.gov/Archives/edgar/data/106535/000010653518000052/wy630201810q.htm"
  },
  {
    "date": "2018-03-31",
    "symbol": "WY",
    "reportedCurrency": "USD",
    "cik": "0000106535",
    "fillingDate": "2018-04-27",
    "acceptedDate": "2018-04-27 16:04:29",
    "calendarYear": "2018",
    "period": "Q1",
    "revenue": 1865000000,
    "costOfRevenue": 1348000000,
    "grossProfit": 517000000,
    "grossProfitRatio": 0.2772117962,
    "researchAndDevelopmentExpenses": 2000000,
    "generalAndAdministrativeExpenses": 78000000,
    "sellingAndMarketingExpenses": 23000000,
    "sellingGeneralAndAdministrativeExpenses": 101000000,
    "otherExpenses": 10000000,
    "operatingExpenses": 113000000,
    "costAndExpenses": 1461000000,
    "interestIncome": 12000000,
    "interestExpense": 93000000,
    "depreciationAndAmortization": 120000000,
    "ebitda": 512000000,
    "ebitdaratio": 0.2745308311,
    "operatingIncome": 404000000,
    "operatingIncomeRatio": 0.2166219839,
    "totalOtherIncomeExpensesNet": -105000000,
    "incomeBeforeTax": 299000000,
    "incomeBeforeTaxRatio": 0.1603217158,
    "incomeTaxExpense": 30000000,
    "netIncome": 269000000,
    "netIncomeRatio": 0.1442359249,
    "eps": 0.35,
    "epsdiluted": 0.35,
    "weightedAverageShsOut": 756815000,
    "weightedAverageShsOutDil": 759462000,
    "link": "https://www.sec.gov/Archives/edgar/data/106535/000010653518000029/0000106535-18-000029-index.htm",
    "finalLink": "https://www.sec.gov/Archives/edgar/data/106535/000010653518000029/wy331201810q.htm"
  },
  {
    "date": "2017-12-31",
    "symbol": "WY",
    "reportedCurrency": "USD",
    "cik": "0000106535",
    "fillingDate": "2018-02-16",
    "acceptedDate": "2018-02-16 16:45:06",
    "calendarYear": "2017",
    "period": "Q4",
    "revenue": 1823000000,
    "costOfRevenue": 1316000000,
    "grossProfit": 507000000,
    "grossProfitRatio": 0.2781130005,
    "researchAndDevelopmentExpenses": 2000000,
    "generalAndAdministrativeExpenses": 72000000,
    "sellingAndMarketingExpenses": 21000000,
    "sellingGeneralAndAdministrativeExpenses": 93000000,
    "otherExpenses": -64000000,
    "operatingExpenses": 31000000,
    "costAndExpenses": 1347000000,
    "interestIncome": 10000000,
    "interestExpense": 96000000,
    "depreciationAndAmortization": 127000000,
    "ebitda": 597000000,
    "ebitdaratio": 0.3274821722,
    "operatingIncome": 476000000,
    "operatingIncomeRatio": 0.2611080636,
    "totalOtherIncomeExpensesNet": -102000000,
    "incomeBeforeTax": 374000000,
    "incomeBeforeTaxRatio": 0.2051563357,
    "incomeTaxExpense": 103000000,
    "netIncome": 271000000,
    "netIncomeRatio": 0.1486560614,
    "eps": 0.36,
    "epsdiluted": 0.36,
    "weightedAverageShsOut": 755409000,
    "weightedAverageShsOutDil": 758463000,
    "link": "https://www.sec.gov/Archives/edgar/data/106535/000010653518000013/0000106535-18-000013-index.htm",
    "finalLink": "https://www.sec.gov/Archives/edgar/data/106535/000010653518000013/wy-123117x10k.htm"
  },
  {
    "date": "2017-09-30",
    "symbol": "WY",
    "reportedCurrency": "USD",
    "cik": "0000106535",
    "fillingDate": "2017-10-27",
    "acceptedDate": "2017-10-27 17:08:51",
    "calendarYear": "2017",
    "period": "Q3",
    "revenue": 1872000000,
    "costOfRevenue": 1374000000,
    "grossProfit": 498000000,
    "grossProfitRatio": 0.266025641,
    "researchAndDevelopmentExpenses": 4000000,
    "generalAndAdministrativeExpenses": 75000000,
    "sellingAndMarketingExpenses": 22000000,
    "sellingGeneralAndAdministrativeExpenses": 97000000,
    "otherExpenses": 192000000,
    "operatingExpenses": 293000000,
    "costAndExpenses": 1667000000,
    "interestIncome": 12000000,
    "interestExpense": 98000000,
    "depreciationAndAmortization": 132000000,
    "ebitda": 333000000,
    "ebitdaratio": 0.1778846154,
    "operatingIncome": 205000000,
    "operatingIncomeRatio": 0.109508547,
    "totalOtherIncomeExpensesNet": -102000000,
    "incomeBeforeTax": 103000000,
    "incomeBeforeTaxRatio": 0.0550213675,
    "incomeTaxExpense": -27000000,
    "netIncome": 130000000,
    "netIncomeRatio": 0.0694444444,
    "eps": 0.17,
    "epsdiluted": 0.17,
    "weightedAverageShsOut": 753535000,
    "weightedAverageShsOutDil": 756903000,
    "link": "https://www.sec.gov/Archives/edgar/data/106535/000010653517000055/0000106535-17-000055-index.htm",
    "finalLink": "https://www.sec.gov/Archives/edgar/data/106535/000010653517000055/wy930201710q.htm"
  },
  {
    "date": "2017-06-30",
    "symbol": "WY",
    "reportedCurrency": "USD",
    "cik": "0000106535",
    "fillingDate": "2017-07-28",
    "acceptedDate": "2017-07-28 17:08:09",
    "calendarYear": "2017",
    "period": "Q2",
    "revenue": 1808000000,
    "costOfRevenue": 1336000000,
    "grossProfit": 472000000,
    "grossProfitRatio": 0.2610619469,
    "researchAndDevelopmentExpenses": 4000000,
    "generalAndAdministrativeExpenses": 76000000,
    "sellingAndMarketingExpenses": 22000000,
    "sellingGeneralAndAdministrativeExpenses": 98000000,
    "otherExpenses": 213000000,
    "operatingExpenses": 315000000,
    "costAndExpenses": 1651000000,
    "interestIncome": 9000000,
    "interestExpense": 100000000,
    "depreciationAndAmortization": 129000000,
    "ebitda": 287000000,
    "ebitdaratio": 0.1587389381,
    "operatingIncome": 157000000,
    "operatingIncomeRatio": 0.0868362832,
    "totalOtherIncomeExpensesNet": -99000000,
    "incomeBeforeTax": 58000000,
    "incomeBeforeTaxRatio": 0.032079646,
    "incomeTaxExpense": 34000000,
    "netIncome": 24000000,
    "netIncomeRatio": 0.0132743363,
    "eps": 0.03,
    "epsdiluted": 0.03,
    "weightedAverageShsOut": 752630000,
    "weightedAverageShsOutDil": 756451000,
    "link": "https://www.sec.gov/Archives/edgar/data/106535/000010653517000045/0000106535-17-000045-index.htm",
    "finalLink": "https://www.sec.gov/Archives/edgar/data/106535/000010653517000045/wy630201710q.htm"
  },
  {
    "date": "2017-03-31",
    "symbol": "WY",
    "reportedCurrency": "USD",
    "cik": "0000106535",
    "fillingDate": "2017-04-28",
    "acceptedDate": "2017-04-28 16:48:02",
    "calendarYear": "2017",
    "period": "Q1",
    "revenue": 1693000000,
    "costOfRevenue": 1272000000,
    "grossProfit": 421000000,
    "grossProfitRatio": 0.2486709982,
    "researchAndDevelopmentExpenses": 4000000,
    "generalAndAdministrativeExpenses": 87000000,
    "sellingAndMarketingExpenses": 22000000,
    "sellingGeneralAndAdministrativeExpenses": 109000000,
    "otherExpenses": 15000000,
    "operatingExpenses": 128000000,
    "costAndExpenses": 1400000000,
    "interestIncome": 9000000,
    "interestExpense": 99000000,
    "depreciationAndAmortization": 133000000,
    "ebitda": 413000000,
    "ebitdaratio": 0.2439456586,
    "operatingIncome": 293000000,
    "operatingIncomeRatio": 0.1730655641,
    "totalOtherIncomeExpensesNet": -112000000,
    "incomeBeforeTax": 181000000,
    "incomeBeforeTaxRatio": 0.1069108092,
    "incomeTaxExpense": 24000000,
    "netIncome": 157000000,
    "netIncomeRatio": 0.0927347903,
    "eps": 0.21,
    "epsdiluted": 0.21,
    "weightedAverageShsOut": 750665000,
    "weightedAverageShsOutDil": 754747000,
    "link": "https://www.sec.gov/Archives/edgar/data/106535/000010653517000019/0000106535-17-000019-index.htm",
    "finalLink": "https://www.sec.gov/Archives/edgar/data/106535/000010653517000019/wy331201710q.htm"
  },
  {
    "date": "2016-12-31",
    "symbol": "WY",
    "reportedCurrency": "USD",
    "cik": "0000106535",
    "fillingDate": "2017-02-24",
    "acceptedDate": "2017-02-24 16:07:27",
    "calendarYear": "2016",
    "period": "Q4",
    "revenue": 1596000000,
    "costOfRevenue": 1265000000,
    "grossProfit": 331000000,
    "grossProfitRatio": 0.2073934837,
    "researchAndDevelopmentExpenses": 5000000,
    "generalAndAdministrativeExpenses": 84000000,
    "sellingAndMarketingExpenses": 22000000,
    "sellingGeneralAndAdministrativeExpenses": 106000000,
    "otherExpenses": 35000000,
    "operatingExpenses": 146000000,
    "costAndExpenses": 1411000000,
    "interestIncome": 9000000,
    "interestExpense": 108000000,
    "depreciationAndAmortization": 137000000,
    "ebitda": 332000000,
    "ebitdaratio": 0.2080200501,
    "operatingIncome": 185000000,
    "operatingIncomeRatio": 0.115914787,
    "totalOtherIncomeExpensesNet": -98000000,
    "incomeBeforeTax": 87000000,
    "incomeBeforeTaxRatio": 0.0545112782,
    "incomeTaxExpense": 25000000,
    "netIncome": 551000000,
    "netIncomeRatio": 0.3452380952,
    "eps": 0.74,
    "epsdiluted": 0.73,
    "weightedAverageShsOut": 748835000,
    "weightedAverageShsOutDil": 752768000,
    "link": "https://www.sec.gov/Archives/edgar/data/106535/000010653517000007/0000106535-17-000007-index.htm",
    "finalLink": "https://www.sec.gov/Archives/edgar/data/106535/000010653517000007/wy-123116x10k.htm"
  },
  {
    "date": "2016-09-30",
    "symbol": "WY",
    "reportedCurrency": "USD",
    "cik": "0000106535",
    "fillingDate": "2016-10-28",
    "acceptedDate": "2016-10-28 16:11:59",
    "calendarYear": "2016",
    "period": "Q3",
    "revenue": 1709000000,
    "costOfRevenue": 1328000000,
    "grossProfit": 381000000,
    "grossProfitRatio": 0.2229373903,
    "researchAndDevelopmentExpenses": 5000000,
    "generalAndAdministrativeExpenses": 80000000,
    "sellingAndMarketingExpenses": 22000000,
    "sellingGeneralAndAdministrativeExpenses": 102000000,
    "otherExpenses": 13000000,
    "operatingExpenses": 120000000,
    "costAndExpenses": 1448000000,
    "interestIncome": 15000000,
    "interestExpense": 114000000,
    "depreciationAndAmortization": 139000000,
    "ebitda": 437000000,
    "ebitdaratio": 0.2557050907,
    "operatingIncome": 261000000,
    "operatingIncomeRatio": 0.1527208894,
    "totalOtherIncomeExpensesNet": -90000000,
    "incomeBeforeTax": 184000000,
    "incomeBeforeTaxRatio": 0.1076653013,
    "incomeTaxExpense": 22000000,
    "netIncome": 227000000,
    "netIncomeRatio": 0.1328262142,
    "eps": 0.3,
    "epsdiluted": 0.3,
    "weightedAverageShsOut": 749587000,
    "weightedAverageShsOutDil": 754044000,
    "link": "https://www.sec.gov/Archives/edgar/data/106535/000010653516000094/0000106535-16-000094-index.htm",
    "finalLink": "https://www.sec.gov/Archives/edgar/data/106535/000010653516000094/wy930201610q.htm"
  },
  {
    "date": "2016-06-30",
    "symbol": "WY",
    "reportedCurrency": "USD",
    "cik": "0000106535",
    "fillingDate": "2016-08-05",
    "acceptedDate": "2016-08-05 17:24:34",
    "calendarYear": "2016",
    "period": "Q2",
    "revenue": 1655000000,
    "costOfRevenue": 1271000000,
    "grossProfit": 384000000,
    "grossProfitRatio": 0.2320241692,
    "researchAndDevelopmentExpenses": 4000000,
    "generalAndAdministrativeExpenses": 94000000,
    "sellingAndMarketingExpenses": 22000000,
    "sellingGeneralAndAdministrativeExpenses": 116000000,
    "otherExpenses": 16000000,
    "operatingExpenses": 136000000,
    "costAndExpenses": 1407000000,
    "interestIncome": 10000000,
    "interestExpense": 114000000,
    "depreciationAndAmortization": 147000000,
    "ebitda": 422000000,
    "ebitdaratio": 0.2549848943,
    "operatingIncome": 248000000,
    "operatingIncomeRatio": 0.1498489426,
    "totalOtherIncomeExpensesNet": -87000000,
    "incomeBeforeTax": 161000000,
    "incomeBeforeTaxRatio": 0.0972809668,
    "incomeTaxExpense": 31000000,
    "netIncome": 168000000,
    "netIncomeRatio": 0.101510574,
    "eps": 0.21,
    "epsdiluted": 0.21,
    "weightedAverageShsOut": 743140000,
    "weightedAverageShsOutDil": 747701000,
    "link": "https://www.sec.gov/Archives/edgar/data/106535/000010653516000080/0000106535-16-000080-index.htm",
    "finalLink": "https://www.sec.gov/Archives/edgar/data/106535/000010653516000080/wy630201610q.htm"
  },
  {
    "date": "2016-03-31",
    "symbol": "WY",
    "reportedCurrency": "USD",
    "cik": "0000106535",
    "fillingDate": "2016-05-06",
    "acceptedDate": "2016-05-06 16:22:31",
    "calendarYear": "2016",
    "period": "Q1",
    "revenue": 1405000000,
    "costOfRevenue": 1103000000,
    "grossProfit": 302000000,
    "grossProfitRatio": 0.2149466192,
    "researchAndDevelopmentExpenses": 5000000,
    "generalAndAdministrativeExpenses": 79000000,
    "sellingAndMarketingExpenses": 27000000,
    "sellingGeneralAndAdministrativeExpenses": 102000000,
    "otherExpenses": 56000000,
    "operatingExpenses": 163000000,
    "costAndExpenses": 1266000000,
    "interestIncome": 9000000,
    "interestExpense": 95000000,
    "depreciationAndAmortization": 142000000,
    "ebitda": 309000000,
    "ebitdaratio": 0.2199288256,
    "operatingIncome": 139000000,
    "operatingIncomeRatio": 0.0989323843,
    "totalOtherIncomeExpensesNet": -38000000,
    "incomeBeforeTax": 101000000,
    "incomeBeforeTaxRatio": 0.071886121,
    "incomeTaxExpense": 20000000,
    "netIncome": 81000000,
    "netIncomeRatio": 0.0576512456,
    "eps": 0.11,
    "epsdiluted": 0.11,
    "weightedAverageShsOut": 632004000,
    "weightedAverageShsOutDil": 634872000,
    "link": "https://www.sec.gov/Archives/edgar/data/106535/000010653516000062/0000106535-16-000062-index.htm",
    "finalLink": "https://www.sec.gov/Archives/edgar/data/106535/000010653516000062/wy331201610q.htm"
  },
  {
    "date": "2015-12-31",
    "symbol": "WY",
    "reportedCurrency": "USD",
    "cik": "0000106535",
    "fillingDate": "2016-02-17",
    "acceptedDate": "2016-02-17 16:03:03",
    "calendarYear": "2015",
    "period": "Q4",
    "revenue": 1734000000,
    "costOfRevenue": 1390000000,
    "grossProfit": 344000000,
    "grossProfitRatio": 0.1983852364,
    "researchAndDevelopmentExpenses": 7000000,
    "generalAndAdministrativeExpenses": 84000000,
    "sellingAndMarketingExpenses": 30000000,
    "sellingGeneralAndAdministrativeExpenses": 114000000,
    "otherExpenses": 6000000,
    "operatingExpenses": 127000000,
    "costAndExpenses": 1517000000,
    "interestIncome": 27000000,
    "interestExpense": 88000000,
    "depreciationAndAmortization": 120000000,
    "ebitda": 259000000,
    "ebitdaratio": 0.1493656286,
    "operatingIncome": 217000000,
    "operatingIncomeRatio": 0.1251441753,
    "totalOtherIncomeExpensesNet": -166000000,
    "incomeBeforeTax": 51000000,
    "incomeBeforeTaxRatio": 0.0294117647,
    "incomeTaxExpense": -19000000,
    "netIncome": 70000000,
    "netIncomeRatio": 0.0403690888,
    "eps": 0.11,
    "epsdiluted": 0.11,
    "weightedAverageShsOut": 511175000,
    "weightedAverageShsOutDil": 514167000,
    "link": "https://www.sec.gov/Archives/edgar/data/106535/000010653516000046/0000106535-16-000046-index.htm",
    "finalLink": "https://www.sec.gov/Archives/edgar/data/106535/000010653516000046/wy-123115x10k.htm"
  },
  {
    "date": "2015-09-30",
    "symbol": "WY",
    "reportedCurrency": "USD",
    "cik": "0000106535",
    "fillingDate": "2015-10-30",
    "acceptedDate": "2015-10-30 13:33:37",
    "calendarYear": "2015",
    "period": "Q3",
    "revenue": 1355000000,
    "costOfRevenue": 1073000000,
    "grossProfit": 282000000,
    "grossProfitRatio": 0.2081180812,
    "researchAndDevelopmentExpenses": 4000000,
    "generalAndAdministrativeExpenses": 55000000,
    "sellingAndMarketingExpenses": 27000000,
    "sellingGeneralAndAdministrativeExpenses": 79000000,
    "otherExpenses": 33000000,
    "operatingExpenses": 116000000,
    "costAndExpenses": 1189000000,
    "interestIncome": 9000000,
    "interestExpense": 87000000,
    "depreciationAndAmortization": 118000000,
    "ebitda": 293000000,
    "ebitdaratio": 0.2162361624,
    "operatingIncome": 166000000,
    "operatingIncomeRatio": 0.1225092251,
    "totalOtherIncomeExpensesNet": -78000000,
    "incomeBeforeTax": 175000000,
    "incomeBeforeTaxRatio": 0.1291512915,
    "incomeTaxExpense": -16000000,
    "netIncome": 191000000,
    "netIncomeRatio": 0.1409594096,
    "eps": 0.35,
    "epsdiluted": 0.35,
    "weightedAverageShsOut": 514301000,
    "weightedAverageShsOutDil": 517088000,
    "link": "https://www.sec.gov/Archives/edgar/data/106535/000010653515000037/0000106535-15-000037-index.htm",
    "finalLink": "https://www.sec.gov/Archives/edgar/data/106535/000010653515000037/wy-93015x10q.htm"
  },
  {
    "date": "2015-06-30",
    "symbol": "WY",
    "reportedCurrency": "USD",
    "cik": "0000106535",
    "fillingDate": "2015-07-31",
    "acceptedDate": "2015-07-31 12:40:08",
    "calendarYear": "2015",
    "period": "Q2",
    "revenue": 1345000000,
    "costOfRevenue": 1057000000,
    "grossProfit": 288000000,
    "grossProfitRatio": 0.2141263941,
    "researchAndDevelopmentExpenses": 5000000,
    "generalAndAdministrativeExpenses": 63000000,
    "sellingAndMarketingExpenses": 28000000,
    "sellingGeneralAndAdministrativeExpenses": 87000000,
    "otherExpenses": -4000000,
    "operatingExpenses": 88000000,
    "costAndExpenses": 1145000000,
    "interestIncome": 9000000,
    "interestExpense": 85000000,
    "depreciationAndAmortization": 118000000,
    "ebitda": 327000000,
    "ebitdaratio": 0.2431226766,
    "operatingIncome": 200000000,
    "operatingIncomeRatio": 0.1486988848,
    "totalOtherIncomeExpensesNet": -76000000,
    "incomeBeforeTax": 157000000,
    "incomeBeforeTaxRatio": 0.1167286245,
    "incomeTaxExpense": 13000000,
    "netIncome": 144000000,
    "netIncomeRatio": 0.107063197,
    "eps": 0.26,
    "epsdiluted": 0.26,
    "weightedAverageShsOut": 516626000,
    "weightedAverageShsOutDil": 519804000,
    "link": "https://www.sec.gov/Archives/edgar/data/106535/000010653515000030/0000106535-15-000030-index.htm",
    "finalLink": "https://www.sec.gov/Archives/edgar/data/106535/000010653515000030/wy-63015x10q.htm"
  },
  {
    "date": "2015-03-31",
    "symbol": "WY",
    "reportedCurrency": "USD",
    "cik": "0000106535",
    "fillingDate": "2015-05-01",
    "acceptedDate": "2015-05-01 13:04:05",
    "calendarYear": "2015",
    "period": "Q1",
    "revenue": 1727000000,
    "costOfRevenue": 1385000000,
    "grossProfit": 342000000,
    "grossProfitRatio": 0.1980312681,
    "researchAndDevelopmentExpenses": 5000000,
    "generalAndAdministrativeExpenses": 74000000,
    "sellingAndMarketingExpenses": 28000000,
    "sellingGeneralAndAdministrativeExpenses": 102000000,
    "otherExpenses": 35000000,
    "operatingExpenses": 142000000,
    "costAndExpenses": 1527000000,
    "interestIncome": 9000000,
    "interestExpense": 83000000,
    "depreciationAndAmortization": 123000000,
    "ebitda": 326000000,
    "ebitdaratio": 0.1887666474,
    "operatingIncome": 200000000,
    "operatingIncomeRatio": 0.1158077591,
    "totalOtherIncomeExpensesNet": -80000000,
    "incomeBeforeTax": 120000000,
    "incomeBeforeTaxRatio": 0.0694846555,
    "incomeTaxExpense": 19000000,
    "netIncome": 101000000,
    "netIncomeRatio": 0.0584829184,
    "eps": 0.17,
    "epsdiluted": 0.17,
    "weightedAverageShsOut": 523426000,
    "weightedAverageShsOutDil": 527423000,
    "link": "https://www.sec.gov/Archives/edgar/data/106535/000010653515000016/0000106535-15-000016-index.htm",
    "finalLink": "https://www.sec.gov/Archives/edgar/data/106535/000010653515000016/wy-33115x10q.htm"
  },
  {
    "date": "2014-12-31",
    "symbol": "WY",
    "reportedCurrency": "USD",
    "cik": "0000106535",
    "fillingDate": "2015-02-13",
    "acceptedDate": "2015-02-13 16:36:22",
    "calendarYear": "2014",
    "period": "Q4",
    "revenue": 1788000000,
    "costOfRevenue": 1399000000,
    "grossProfit": 389000000,
    "grossProfitRatio": 0.2175615213,
    "researchAndDevelopmentExpenses": 8000000,
    "generalAndAdministrativeExpenses": 89000000,
    "sellingAndMarketingExpenses": 29000000,
    "sellingGeneralAndAdministrativeExpenses": 118000000,
    "otherExpenses": -31000000,
    "operatingExpenses": 95000000,
    "costAndExpenses": 1494000000,
    "interestIncome": 10000000,
    "interestExpense": 90000000,
    "depreciationAndAmortization": 125000000,
    "ebitda": 429000000,
    "ebitdaratio": 0.2399328859,
    "operatingIncome": 294000000,
    "operatingIncomeRatio": 0.1644295302,
    "totalOtherIncomeExpensesNet": -80000000,
    "incomeBeforeTax": 214000000,
    "incomeBeforeTaxRatio": 0.1196868009,
    "incomeTaxExpense": 37000000,
    "netIncome": 177000000,
    "netIncomeRatio": 0.0989932886,
    "eps": 0.32,
    "epsdiluted": 0.31,
    "weightedAverageShsOut": 524838000,
    "weightedAverageShsOutDil": 529411000,
    "link": "https://www.sec.gov/Archives/edgar/data/106535/000010653515000006/0000106535-15-000006-index.htm",
    "finalLink": "https://www.sec.gov/Archives/edgar/data/106535/000010653515000006/wy-123114x10k.htm"
  },
  {
    "date": "2014-09-30",
    "symbol": "WY",
    "reportedCurrency": "USD",
    "cik": "0000106535",
    "fillingDate": "2014-10-31",
    "acceptedDate": "2014-10-31 15:09:05",
    "calendarYear": "2014",
    "period": "Q3",
    "revenue": 1915000000,
    "costOfRevenue": 1504000000,
    "grossProfit": 411000000,
    "grossProfitRatio": 0.2146214099,
    "researchAndDevelopmentExpenses": 5000000,
    "generalAndAdministrativeExpenses": 73000000,
    "sellingAndMarketingExpenses": 28000000,
    "sellingGeneralAndAdministrativeExpenses": 101000000,
    "otherExpenses": -13000000,
    "operatingExpenses": 93000000,
    "costAndExpenses": 1597000000,
    "interestIncome": 7000000,
    "interestExpense": 88000000,
    "depreciationAndAmortization": 123000000,
    "ebitda": 448000000,
    "ebitdaratio": 0.2339425587,
    "operatingIncome": 318000000,
    "operatingIncomeRatio": 0.1660574413,
    "totalOtherIncomeExpensesNet": -81000000,
    "incomeBeforeTax": 237000000,
    "incomeBeforeTaxRatio": 0.1237597911,
    "incomeTaxExpense": 39000000,
    "netIncome": 1164000000,
    "netIncomeRatio": 0.6078328982,
    "eps": 2.17,
    "epsdiluted": 2.15,
    "weightedAverageShsOut": 531913000,
    "weightedAverageShsOutDil": 536012000,
    "link": "https://www.sec.gov/Archives/edgar/data/106535/000010653514000061/0000106535-14-000061-index.htm",
    "finalLink": "https://www.sec.gov/Archives/edgar/data/106535/000010653514000061/wy-93014x10q.htm"
  },
  {
    "date": "2014-06-30",
    "symbol": "WY",
    "reportedCurrency": "USD",
    "cik": "0000106535",
    "fillingDate": "2014-08-04",
    "acceptedDate": "2014-08-04 16:24:21",
    "calendarYear": "2014",
    "period": "Q2",
    "revenue": 1964000000,
    "costOfRevenue": 1499000000,
    "grossProfit": 465000000,
    "grossProfitRatio": 0.2367617108,
    "researchAndDevelopmentExpenses": 7000000,
    "generalAndAdministrativeExpenses": 88000000,
    "sellingAndMarketingExpenses": 27000000,
    "sellingGeneralAndAdministrativeExpenses": 115000000,
    "otherExpenses": -57000000,
    "operatingExpenses": 65000000,
    "costAndExpenses": 1564000000,
    "interestIncome": 11000000,
    "interestExpense": 83000000,
    "depreciationAndAmortization": 126000000,
    "ebitda": 537000000,
    "ebitdaratio": 0.2734215886,
    "operatingIncome": 400000000,
    "operatingIncomeRatio": 0.2036659878,
    "totalOtherIncomeExpensesNet": -72000000,
    "incomeBeforeTax": 328000000,
    "incomeBeforeTaxRatio": 0.16700611,
    "incomeTaxExpense": 59000000,
    "netIncome": 291000000,
    "netIncomeRatio": 0.1481670061,
    "eps": 0.48,
    "epsdiluted": 0.47,
    "weightedAverageShsOut": 586061000,
    "weightedAverageShsOutDil": 589766000,
    "link": "https://www.sec.gov/Archives/edgar/data/106535/000010653514000051/0000106535-14-000051-index.htm",
    "finalLink": "https://www.sec.gov/Archives/edgar/data/106535/000010653514000051/wy-63014x10q.htm"
  },
  {
    "date": "2014-03-31",
    "symbol": "WY",
    "reportedCurrency": "USD",
    "cik": "0000106535",
    "fillingDate": "2014-04-30",
    "acceptedDate": "2014-04-30 17:27:11",
    "calendarYear": "2014",
    "period": "Q1",
    "revenue": 1736000000,
    "costOfRevenue": 1361000000,
    "grossProfit": 375000000,
    "grossProfitRatio": 0.2160138249,
    "researchAndDevelopmentExpenses": 7000000,
    "generalAndAdministrativeExpenses": 88000000,
    "sellingAndMarketingExpenses": 49000000,
    "sellingGeneralAndAdministrativeExpenses": 116000000,
    "otherExpenses": -56000000,
    "operatingExpenses": 67000000,
    "costAndExpenses": 1428000000,
    "interestIncome": 9000000,
    "interestExpense": 83000000,
    "depreciationAndAmortization": 126000000,
    "ebitda": 443000000,
    "ebitdaratio": 0.2551843318,
    "operatingIncome": 308000000,
    "operatingIncomeRatio": 0.1774193548,
    "totalOtherIncomeExpensesNet": -74000000,
    "incomeBeforeTax": 250000000,
    "incomeBeforeTaxRatio": 0.1440092166,
    "incomeTaxExpense": 56000000,
    "netIncome": 194000000,
    "netIncomeRatio": 0.1117511521,
    "eps": 0.31,
    "epsdiluted": 0.31,
    "weightedAverageShsOut": 584915000,
    "weightedAverageShsOutDil": 589312000,
    "link": "https://www.sec.gov/Archives/edgar/data/106535/000010653514000031/0000106535-14-000031-index.htm",
    "finalLink": "https://www.sec.gov/Archives/edgar/data/106535/000010653514000031/wy-33114x10q.htm"
  },
  {
    "date": "2013-12-31",
    "symbol": "WY",
    "reportedCurrency": "USD",
    "cik": "0000106535",
    "fillingDate": "2014-02-18",
    "acceptedDate": "2014-02-18 17:29:52",
    "calendarYear": "2013",
    "period": "Q4",
    "revenue": 2256000000,
    "costOfRevenue": 1784000000,
    "grossProfit": 472000000,
    "grossProfitRatio": 0.2092198582,
    "researchAndDevelopmentExpenses": 10000000,
    "generalAndAdministrativeExpenses": 117000000,
    "sellingAndMarketingExpenses": 59000000,
    "sellingGeneralAndAdministrativeExpenses": 176000000,
    "otherExpenses": 383000000,
    "operatingExpenses": 569000000,
    "costAndExpenses": 2353000000,
    "interestIncome": 16000000,
    "interestExpense": 113000000,
    "depreciationAndAmortization": 129000000,
    "ebitda": 48000000,
    "ebitdaratio": 0.0212765957,
    "operatingIncome": -97000000,
    "operatingIncomeRatio": -0.0429964539,
    "totalOtherIncomeExpensesNet": -39000000,
    "incomeBeforeTax": -194000000,
    "incomeBeforeTaxRatio": -0.0859929078,
    "incomeTaxExpense": -248000000,
    "netIncome": 54000000,
    "netIncomeRatio": 0.0239361702,
    "eps": 0.07,
    "epsdiluted": 0.07,
    "weightedAverageShsOut": 583610000,
    "weightedAverageShsOutDil": 588616000,
    "link": "https://www.sec.gov/Archives/edgar/data/106535/000010653514000010/0000106535-14-000010-index.htm",
    "finalLink": "https://www.sec.gov/Archives/edgar/data/106535/000010653514000010/wy-123113x10k.htm"
  },
  {
    "date": "2013-09-30",
    "symbol": "WY",
    "reportedCurrency": "USD",
    "cik": "0000106535",
    "fillingDate": "2013-11-04",
    "acceptedDate": "2013-11-04 16:00:42",
    "calendarYear": "2013",
    "period": "Q3",
    "revenue": 1857000000,
    "costOfRevenue": 1479000000,
    "grossProfit": 378000000,
    "grossProfitRatio": 0.2035541195,
    "researchAndDevelopmentExpenses": 8000000,
    "generalAndAdministrativeExpenses": 98000000,
    "sellingAndMarketingExpenses": 56000000,
    "sellingGeneralAndAdministrativeExpenses": 130000000,
    "otherExpenses": -3000000,
    "operatingExpenses": 135000000,
    "costAndExpenses": 1614000000,
    "interestIncome": 21000000,
    "interestExpense": 94000000,
    "depreciationAndAmortization": 120000000,
    "ebitda": 384000000,
    "ebitdaratio": 0.2067851373,
    "operatingIncome": 243000000,
    "operatingIncomeRatio": 0.1308562197,
    "totalOtherIncomeExpensesNet": -73000000,
    "incomeBeforeTax": 203000000,
    "incomeBeforeTaxRatio": 0.1093161012,
    "incomeTaxExpense": 36000000,
    "netIncome": 167000000,
    "netIncomeRatio": 0.0899299946,
    "eps": 0.27,
    "epsdiluted": 0.27,
    "weightedAverageShsOut": 582828000,
    "weightedAverageShsOutDil": 587179000,
    "link": "https://www.sec.gov/Archives/edgar/data/106535/000010653513000060/0000106535-13-000060-index.htm",
    "finalLink": "https://www.sec.gov/Archives/edgar/data/106535/000010653513000060/wy-93013x10q.htm"
  },
  {
    "date": "2013-06-30",
    "symbol": "WY",
    "reportedCurrency": "USD",
    "cik": "0000106535",
    "fillingDate": "2013-08-01",
    "acceptedDate": "2013-07-31 18:58:42",
    "calendarYear": "2013",
    "period": "Q2",
    "revenue": 1874000000,
    "costOfRevenue": 1453000000,
    "grossProfit": 421000000,
    "grossProfitRatio": 0.2246531483,
    "researchAndDevelopmentExpenses": 8000000,
    "generalAndAdministrativeExpenses": 96000000,
    "sellingAndMarketingExpenses": 54000000,
    "sellingGeneralAndAdministrativeExpenses": 127000000,
    "otherExpenses": -7000000,
    "operatingExpenses": 128000000,
    "costAndExpenses": 1581000000,
    "interestIncome": 8000000,
    "interestExpense": 80000000,
    "depreciationAndAmortization": 111000000,
    "ebitda": 412000000,
    "ebitdaratio": 0.219850587,
    "operatingIncome": 293000000,
    "operatingIncomeRatio": 0.1563500534,
    "totalOtherIncomeExpensesNet": -72000000,
    "incomeBeforeTax": 240000000,
    "incomeBeforeTaxRatio": 0.1280683031,
    "incomeTaxExpense": 42000000,
    "netIncome": 198000000,
    "netIncomeRatio": 0.1056563501,
    "eps": 0.35,
    "epsdiluted": 0.35,
    "weightedAverageShsOut": 552855000,
    "weightedAverageShsOutDil": 557588000,
    "link": "https://www.sec.gov/Archives/edgar/data/106535/000010653513000040/0000106535-13-000040-index.htm",
    "finalLink": "https://www.sec.gov/Archives/edgar/data/106535/000010653513000040/wy-63013x10q.htm"
  },
  {
    "date": "2013-03-31",
    "symbol": "WY",
    "reportedCurrency": "USD",
    "cik": "0000106535",
    "fillingDate": "2013-04-30",
    "acceptedDate": "2013-04-30 16:50:43",
    "calendarYear": "2013",
    "period": "Q1",
    "revenue": 1951000000,
    "costOfRevenue": 1533000000,
    "grossProfit": 418000000,
    "grossProfitRatio": 0.214249103,
    "researchAndDevelopmentExpenses": 7000000,
    "generalAndAdministrativeExpenses": 118000000,
    "sellingAndMarketingExpenses": 51000000,
    "sellingGeneralAndAdministrativeExpenses": 169000000,
    "otherExpenses": -14000000,
    "operatingExpenses": 162000000,
    "costAndExpenses": 1695000000,
    "interestIncome": 11000000,
    "interestExpense": 82000000,
    "depreciationAndAmortization": 112000000,
    "ebitda": 379000000,
    "ebitdaratio": 0.1942593542,
    "operatingIncome": 256000000,
    "operatingIncomeRatio": 0.1312147617,
    "totalOtherIncomeExpensesNet": -69000000,
    "incomeBeforeTax": 185000000,
    "incomeBeforeTaxRatio": 0.0948231676,
    "incomeTaxExpense": 41000000,
    "netIncome": 144000000,
    "netIncomeRatio": 0.0738083034,
    "eps": 0.26,
    "epsdiluted": 0.26,
    "weightedAverageShsOut": 545234000,
    "weightedAverageShsOutDil": 550785000,
    "link": "https://www.sec.gov/Archives/edgar/data/106535/000010653513000020/0000106535-13-000020-index.htm",
    "finalLink": "https://www.sec.gov/Archives/edgar/data/106535/000010653513000020/wy-33113x10q.htm"
  },
  {
    "date": "2012-12-31",
    "symbol": "WY",
    "reportedCurrency": "USD",
    "cik": "0000106535",
    "fillingDate": "2013-02-19",
    "acceptedDate": "2013-02-19 15:42:18",
    "calendarYear": "2012",
    "period": "Q4",
    "revenue": 2000000000,
    "costOfRevenue": 1580000000,
    "grossProfit": 420000000,
    "grossProfitRatio": 0.21,
    "researchAndDevelopmentExpenses": 9000000,
    "generalAndAdministrativeExpenses": 0,
    "sellingAndMarketingExpenses": 56000000,
    "sellingGeneralAndAdministrativeExpenses": 182000000,
    "otherExpenses": -27000000,
    "operatingExpenses": 164000000,
    "costAndExpenses": 1744000000,
    "interestIncome": 14000000,
    "interestExpense": 88000000,
    "depreciationAndAmortization": 118000000,
    "ebitda": 388000000,
    "ebitdaratio": 0.194,
    "operatingIncome": 256000000,
    "operatingIncomeRatio": 0.128,
    "totalOtherIncomeExpensesNet": -74000000,
    "incomeBeforeTax": 182000000,
    "incomeBeforeTaxRatio": 0.091,
    "incomeTaxExpense": 40000000,
    "netIncome": 143000000,
    "netIncomeRatio": 0.0715,
    "eps": 0.26,
    "epsdiluted": 0.26,
    "weightedAverageShsOut": 542101000,
    "weightedAverageShsOutDil": 547137000,
    "link": "https://www.sec.gov/Archives/edgar/data/106535/000010653513000011/0000106535-13-000011-index.htm",
    "finalLink": "https://www.sec.gov/Archives/edgar/data/106535/000010653513000011/wy-123112x10k.htm"
  },
  {
    "date": "2012-09-30",
    "symbol": "WY",
    "reportedCurrency": "USD",
    "cik": "0000106535",
    "fillingDate": "2012-11-02",
    "acceptedDate": "2012-11-02 13:40:39",
    "calendarYear": "2012",
    "period": "Q3",
    "revenue": 1772000000,
    "costOfRevenue": 1424000000,
    "grossProfit": 348000000,
    "grossProfitRatio": 0.1963882619,
    "researchAndDevelopmentExpenses": 8000000,
    "generalAndAdministrativeExpenses": 107000000,
    "sellingAndMarketingExpenses": 0,
    "sellingGeneralAndAdministrativeExpenses": 156000000,
    "otherExpenses": -18000000,
    "operatingExpenses": 146000000,
    "costAndExpenses": 1570000000,
    "interestIncome": 15000000,
    "interestExpense": 87000000,
    "depreciationAndAmortization": 112000000,
    "ebitda": 329000000,
    "ebitdaratio": 0.1856659142,
    "operatingIncome": 202000000,
    "operatingIncomeRatio": 0.1139954853,
    "totalOtherIncomeExpensesNet": -72000000,
    "incomeBeforeTax": 130000000,
    "incomeBeforeTaxRatio": 0.0733634312,
    "incomeTaxExpense": 13000000,
    "netIncome": 117000000,
    "netIncomeRatio": 0.066027088,
    "eps": 0.22,
    "epsdiluted": 0.22,
    "weightedAverageShsOut": 539094000,
    "weightedAverageShsOutDil": 542311000,
    "link": "https://www.sec.gov/Archives/edgar/data/106535/000010653512000084/0000106535-12-000084-index.htm",
    "finalLink": "https://www.sec.gov/Archives/edgar/data/106535/000010653512000084/wy-93012x10q.htm"
  },
  {
    "date": "2012-06-30",
    "symbol": "WY",
    "reportedCurrency": "USD",
    "cik": "0000106535",
    "fillingDate": "2012-08-03",
    "acceptedDate": "2012-08-03 15:02:08",
    "calendarYear": "2012",
    "period": "Q2",
    "revenue": 1793000000,
    "costOfRevenue": 1516000000,
    "grossProfit": 277000000,
    "grossProfitRatio": 0.1544896821,
    "researchAndDevelopmentExpenses": 8000000,
    "generalAndAdministrativeExpenses": 95000000,
    "sellingAndMarketingExpenses": 0,
    "sellingGeneralAndAdministrativeExpenses": 142000000,
    "otherExpenses": -49000000,
    "operatingExpenses": 101000000,
    "costAndExpenses": 1617000000,
    "interestIncome": 11000000,
    "interestExpense": 86000000,
    "depreciationAndAmortization": 113000000,
    "ebitda": 300000000,
    "ebitdaratio": 0.1673173452,
    "operatingIncome": 176000000,
    "operatingIncomeRatio": 0.0981595092,
    "totalOtherIncomeExpensesNet": 154000000,
    "incomeBeforeTax": 101000000,
    "incomeBeforeTaxRatio": 0.0563301729,
    "incomeTaxExpense": 17000000,
    "netIncome": 84000000,
    "netIncomeRatio": 0.0468488567,
    "eps": 0.16,
    "epsdiluted": 0.16,
    "weightedAverageShsOut": 537966000,
    "weightedAverageShsOutDil": 540033000,
    "link": "https://www.sec.gov/Archives/edgar/data/106535/000010653512000070/0000106535-12-000070-index.htm",
    "finalLink": "https://www.sec.gov/Archives/edgar/data/106535/000010653512000070/wy-63012x10q.htm"
  },
  {
    "date": "2012-03-31",
    "symbol": "WY",
    "reportedCurrency": "USD",
    "cik": "0000106535",
    "fillingDate": "2012-05-04",
    "acceptedDate": "2012-05-04 12:11:25",
    "calendarYear": "2012",
    "period": "Q1",
    "revenue": 1494000000,
    "costOfRevenue": 1290000000,
    "grossProfit": 204000000,
    "grossProfitRatio": 0.1365461847,
    "researchAndDevelopmentExpenses": 7000000,
    "generalAndAdministrativeExpenses": 108000000,
    "sellingAndMarketingExpenses": 0,
    "sellingGeneralAndAdministrativeExpenses": 150000000,
    "otherExpenses": -54000000,
    "operatingExpenses": 103000000,
    "costAndExpenses": 1393000000,
    "interestIncome": 12000000,
    "interestExpense": 87000000,
    "depreciationAndAmortization": 113000000,
    "ebitda": 226000000,
    "ebitdaratio": 0.1512717537,
    "operatingIncome": 101000000,
    "operatingIncomeRatio": 0.0676037483,
    "totalOtherIncomeExpensesNet": 92000000,
    "incomeBeforeTax": 26000000,
    "incomeBeforeTaxRatio": 0.0174029451,
    "incomeTaxExpense": -15000000,
    "netIncome": 41000000,
    "netIncomeRatio": 0.0274431058,
    "eps": 0.08,
    "epsdiluted": 0.076,
    "weightedAverageShsOut": 537368000,
    "weightedAverageShsOutDil": 539728000,
    "link": "https://www.sec.gov/Archives/edgar/data/106535/000010653512000023/0000106535-12-000023-index.htm",
    "finalLink": "https://www.sec.gov/Archives/edgar/data/106535/000010653512000023/wy-33112x10q.htm"
  },
  {
    "date": "2011-12-31",
    "symbol": "WY",
    "reportedCurrency": "USD",
    "cik": "0000106535",
    "fillingDate": "2012-02-22",
    "acceptedDate": "2012-02-22 17:13:32",
    "calendarYear": "2011",
    "period": "Q4",
    "revenue": 1615000000,
    "costOfRevenue": 1317000000,
    "grossProfit": 298000000,
    "grossProfitRatio": 0.1845201238,
    "researchAndDevelopmentExpenses": 9000000,
    "generalAndAdministrativeExpenses": 0,
    "sellingAndMarketingExpenses": 0,
    "sellingGeneralAndAdministrativeExpenses": 149000000,
    "otherExpenses": 9000000,
    "operatingExpenses": 167000000,
    "costAndExpenses": 1484000000,
    "interestIncome": 12000000,
    "interestExpense": 88000000,
    "depreciationAndAmortization": 117000000,
    "ebitda": 260000000,
    "ebitdaratio": 0.1609907121,
    "operatingIncome": 131000000,
    "operatingIncomeRatio": 0.0811145511,
    "totalOtherIncomeExpensesNet": -76000000,
    "incomeBeforeTax": 55000000,
    "incomeBeforeTaxRatio": 0.0340557276,
    "incomeTaxExpense": -10000000,
    "netIncome": 65000000,
    "netIncomeRatio": 0.040247678,
    "eps": 0.12,
    "epsdiluted": 0.12,
    "weightedAverageShsOut": 536432000,
    "weightedAverageShsOutDil": 538119000,
    "link": "https://www.sec.gov/Archives/edgar/data/106535/000010653512000016/0000106535-12-000016-index.htm",
    "finalLink": "https://www.sec.gov/Archives/edgar/data/106535/000010653512000016/wy-123111x10k.htm"
  },
  {
    "date": "2011-09-30",
    "symbol": "WY",
    "reportedCurrency": "USD",
    "cik": "0000106535",
    "fillingDate": "2011-11-04",
    "acceptedDate": "2011-11-04 13:23:34",
    "calendarYear": "2011",
    "period": "Q3",
    "revenue": 1569000000,
    "costOfRevenue": 1283000000,
    "grossProfit": 286000000,
    "grossProfitRatio": 0.1822817081,
    "researchAndDevelopmentExpenses": 7000000,
    "generalAndAdministrativeExpenses": 0,
    "sellingAndMarketingExpenses": 0,
    "sellingGeneralAndAdministrativeExpenses": 135000000,
    "otherExpenses": 44000000,
    "operatingExpenses": 186000000,
    "costAndExpenses": 1469000000,
    "interestIncome": 15000000,
    "interestExpense": 86000000,
    "depreciationAndAmortization": 120000000,
    "ebitda": 235000000,
    "ebitdaratio": 0.149776928,
    "operatingIncome": 100000000,
    "operatingIncomeRatio": 0.063734863,
    "totalOtherIncomeExpensesNet": -71000000,
    "incomeBeforeTax": 29000000,
    "incomeBeforeTaxRatio": 0.0184831103,
    "incomeTaxExpense": -104000000,
    "netIncome": 157000000,
    "netIncomeRatio": 0.1000637349,
    "eps": 0.29,
    "epsdiluted": 0.29,
    "weightedAverageShsOut": 537969000,
    "weightedAverageShsOutDil": 539827000,
    "link": "https://www.sec.gov/Archives/edgar/data/106535/000010653511000024/0000106535-11-000024-index.htm",
    "finalLink": "https://www.sec.gov/Archives/edgar/data/106535/000010653511000024/wy-93011x10q.htm"
  },
  {
    "date": "2011-06-30",
    "symbol": "WY",
    "reportedCurrency": "USD",
    "cik": "0000106535",
    "fillingDate": "2011-08-05",
    "acceptedDate": "2011-08-05 13:33:53",
    "calendarYear": "2011",
    "period": "Q2",
    "revenue": 1610000000,
    "costOfRevenue": 1343000000,
    "grossProfit": 267000000,
    "grossProfitRatio": 0.1658385093,
    "researchAndDevelopmentExpenses": 7000000,
    "generalAndAdministrativeExpenses": 0,
    "sellingAndMarketingExpenses": 0,
    "sellingGeneralAndAdministrativeExpenses": 145000000,
    "otherExpenses": -12000000,
    "operatingExpenses": 140000000,
    "costAndExpenses": 1483000000,
    "interestIncome": 9000000,
    "interestExpense": 117000000,
    "depreciationAndAmortization": 120000000,
    "ebitda": 256000000,
    "ebitdaratio": 0.1590062112,
    "operatingIncome": 127000000,
    "operatingIncomeRatio": 0.0788819876,
    "totalOtherIncomeExpensesNet": -108000000,
    "incomeBeforeTax": 19000000,
    "incomeBeforeTaxRatio": 0.0118012422,
    "incomeTaxExpense": -4000000,
    "netIncome": 10000000,
    "netIncomeRatio": 0.0062111801,
    "eps": 0.02,
    "epsdiluted": 0.0185,
    "weightedAverageShsOut": 538599000,
    "weightedAverageShsOutDil": 541095000,
    "link": "https://www.sec.gov/Archives/edgar/data/106535/000010653511000016/0000106535-11-000016-index.htm",
    "finalLink": "https://www.sec.gov/Archives/edgar/data/106535/000010653511000016/wy-63011x10q.htm"
  },
  {
    "date": "2011-03-31",
    "symbol": "WY",
    "reportedCurrency": "USD",
    "cik": "0000106535",
    "fillingDate": "2011-05-06",
    "acceptedDate": "2011-05-06 16:22:37",
    "calendarYear": "2011",
    "period": "Q1",
    "revenue": 1422000000,
    "costOfRevenue": 1177000000,
    "grossProfit": 245000000,
    "grossProfitRatio": 0.1722925457,
    "researchAndDevelopmentExpenses": 7000000,
    "generalAndAdministrativeExpenses": 0,
    "sellingAndMarketingExpenses": 0,
    "sellingGeneralAndAdministrativeExpenses": 172000000,
    "otherExpenses": -170000000,
    "operatingExpenses": 9000000,
    "costAndExpenses": 1186000000,
    "interestIncome": 11000000,
    "interestExpense": 93000000,
    "depreciationAndAmortization": 123000000,
    "ebitda": 370000000,
    "ebitdaratio": 0.2601969058,
    "operatingIncome": 236000000,
    "operatingIncomeRatio": 0.1659634318,
    "totalOtherIncomeExpensesNet": -84000000,
    "incomeBeforeTax": 156000000,
    "incomeBeforeTaxRatio": 0.1097046414,
    "incomeTaxExpense": 57000000,
    "netIncome": 99000000,
    "netIncomeRatio": 0.0696202532,
    "eps": 0.18,
    "epsdiluted": 0.18,
    "weightedAverageShsOut": 537140000,
    "weightedAverageShsOutDil": 540476000,
    "link": "https://www.sec.gov/Archives/edgar/data/106535/000119312511130770/0001193125-11-130770-index.htm",
    "finalLink": "https://www.sec.gov/Archives/edgar/data/106535/000119312511130770/d10q.htm"
  },
  {
    "date": "2010-12-31",
    "symbol": "WY",
    "reportedCurrency": "USD",
    "cik": "0000106535",
    "fillingDate": "2011-02-25",
    "acceptedDate": "2011-02-25 17:00:06",
    "calendarYear": "2010",
    "period": "Q4",
    "revenue": 1664000000,
    "costOfRevenue": 1689000000,
    "grossProfit": -25000000,
    "grossProfitRatio": -0.0150240385,
    "researchAndDevelopmentExpenses": 10000000,
    "generalAndAdministrativeExpenses": 0,
    "sellingAndMarketingExpenses": 0,
    "sellingGeneralAndAdministrativeExpenses": 227000000,
    "otherExpenses": -315000000,
    "operatingExpenses": -78000000,
    "costAndExpenses": 1611000000,
    "interestIncome": 26000000,
    "interestExpense": 125000000,
    "depreciationAndAmortization": 127000000,
    "ebitda": 216000000,
    "ebitdaratio": 0.1298076923,
    "operatingIncome": 53000000,
    "operatingIncomeRatio": 0.0318509615,
    "totalOtherIncomeExpensesNet": -89000000,
    "incomeBeforeTax": -36000000,
    "incomeBeforeTaxRatio": -0.0216346154,
    "incomeTaxExpense": -207000000,
    "netIncome": 171000000,
    "netIncomeRatio": 0.1027644231,
    "eps": 0.32,
    "epsdiluted": 0.32,
    "weightedAverageShsOut": 535975518,
    "weightedAverageShsOutDil": 535975518,
    "link": "https://www.sec.gov/Archives/edgar/data/106535/000119312511047563/0001193125-11-047563-index.htm",
    "finalLink": "https://www.sec.gov/Archives/edgar/data/106535/000119312511047563/d10k.htm"
  },
  {
    "date": "2010-09-30",
    "symbol": "WY",
    "reportedCurrency": "USD",
    "cik": "0000106535",
    "fillingDate": "2010-11-05",
    "acceptedDate": "2010-11-05 15:20:18",
    "calendarYear": "2010",
    "period": "Q3",
    "revenue": 1514000000,
    "costOfRevenue": 1193000000,
    "grossProfit": 321000000,
    "grossProfitRatio": 0.2120211361,
    "researchAndDevelopmentExpenses": 8000000,
    "generalAndAdministrativeExpenses": 101000000,
    "sellingAndMarketingExpenses": 50000000,
    "sellingGeneralAndAdministrativeExpenses": 161000000,
    "otherExpenses": -8000000,
    "operatingExpenses": 161000000,
    "costAndExpenses": 1354000000,
    "interestIncome": 19000000,
    "interestExpense": 95000000,
    "depreciationAndAmortization": 124000000,
    "ebitda": 303000000,
    "ebitdaratio": 0.2001321004,
    "operatingIncome": 160000000,
    "operatingIncomeRatio": 0.105680317,
    "totalOtherIncomeExpensesNet": -83000000,
    "incomeBeforeTax": 91000000,
    "incomeBeforeTaxRatio": 0.0601056803,
    "incomeTaxExpense": -1025000000,
    "netIncome": 1116000000,
    "netIncomeRatio": 0.7371202114,
    "eps": 2.1,
    "epsdiluted": 2.09,
    "weightedAverageShsOut": 532487759,
    "weightedAverageShsOutDil": 533116509,
    "link": "https://www.sec.gov/Archives/edgar/data/106535/000119312510249955/0001193125-10-249955-index.htm",
    "finalLink": "https://www.sec.gov/Archives/edgar/data/106535/000119312510249955/d10q.htm"
  },
  {
    "date": "2010-06-30",
    "symbol": "WY",
    "reportedCurrency": "USD",
    "cik": "0000106535",
    "fillingDate": "2010-08-06",
    "acceptedDate": "2010-08-06 13:08:53",
    "calendarYear": "2010",
    "period": "Q2",
    "revenue": 1641000000,
    "costOfRevenue": 1314000000,
    "grossProfit": 327000000,
    "grossProfitRatio": 0.1992687386,
    "researchAndDevelopmentExpenses": 8000000,
    "generalAndAdministrativeExpenses": 97000000,
    "sellingAndMarketingExpenses": 55000000,
    "sellingGeneralAndAdministrativeExpenses": 162000000,
    "otherExpenses": 2000000,
    "operatingExpenses": 172000000,
    "costAndExpenses": 1486000000,
    "interestIncome": 12000000,
    "interestExpense": 155000000,
    "depreciationAndAmortization": 126000000,
    "ebitda": 293000000,
    "ebitdaratio": 0.1785496648,
    "operatingIncome": 155000000,
    "operatingIncomeRatio": 0.0944546009,
    "totalOtherIncomeExpensesNet": -152000000,
    "incomeBeforeTax": 21000000,
    "incomeBeforeTaxRatio": 0.012797075,
    "incomeTaxExpense": 7000000,
    "netIncome": 14000000,
    "netIncomeRatio": 0.0085313833,
    "eps": 0.028,
    "epsdiluted": 0.028,
    "weightedAverageShsOut": 529000000,
    "weightedAverageShsOutDil": 530257500,
    "link": "https://www.sec.gov/Archives/edgar/data/106535/000119312510180941/0001193125-10-180941-index.htm",
    "finalLink": "https://www.sec.gov/Archives/edgar/data/106535/000119312510180941/d10q.htm"
  },
  {
    "date": "2010-03-31",
    "symbol": "WY",
    "reportedCurrency": "USD",
    "cik": "0000106535",
    "fillingDate": "2010-05-07",
    "acceptedDate": "2010-05-07 15:07:08",
    "calendarYear": "2010",
    "period": "Q1",
    "revenue": 1419000000,
    "costOfRevenue": 1232000000,
    "grossProfit": 187000000,
    "grossProfitRatio": 0.1317829457,
    "researchAndDevelopmentExpenses": 8000000,
    "generalAndAdministrativeExpenses": 98000000,
    "sellingAndMarketingExpenses": 49000000,
    "sellingGeneralAndAdministrativeExpenses": 163000000,
    "otherExpenses": -68000000,
    "operatingExpenses": 103000000,
    "costAndExpenses": 1335000000,
    "interestIncome": 42000000,
    "interestExpense": 106000000,
    "depreciationAndAmortization": 126000000,
    "ebitda": 252000000,
    "ebitdaratio": 0.177589852,
    "operatingIncome": 84000000,
    "operatingIncomeRatio": 0.0591966173,
    "totalOtherIncomeExpensesNet": -64000000,
    "incomeBeforeTax": 20000000,
    "incomeBeforeTaxRatio": 0.0140944327,
    "incomeTaxExpense": 38000000,
    "netIncome": -20000000,
    "netIncomeRatio": -0.0140944327,
    "eps": -0.0378,
    "epsdiluted": -0.0378,
    "weightedAverageShsOut": 528600000,
    "weightedAverageShsOutDil": 528600000,
    "link": "https://www.sec.gov/Archives/edgar/data/106535/000119312510112709/0001193125-10-112709-index.htm",
    "finalLink": "https://www.sec.gov/Archives/edgar/data/106535/000119312510112709/d10q.htm"
  },
  {
    "date": "2009-12-31",
    "symbol": "WY",
    "reportedCurrency": "USD",
    "cik": "0000106535",
    "fillingDate": "2010-02-26",
    "acceptedDate": "2010-02-25 21:36:17",
    "calendarYear": "2009",
    "period": "Q4",
    "revenue": 1455000000,
    "costOfRevenue": 1205000000,
    "grossProfit": 250000000,
    "grossProfitRatio": 0.1718213058,
    "researchAndDevelopmentExpenses": 13000000,
    "generalAndAdministrativeExpenses": -29000000,
    "sellingAndMarketingExpenses": 60000000,
    "sellingGeneralAndAdministrativeExpenses": 31000000,
    "otherExpenses": 384000000,
    "operatingExpenses": 428000000,
    "costAndExpenses": 1633000000,
    "interestIncome": 0,
    "interestExpense": 90000000,
    "depreciationAndAmortization": 127000000,
    "ebitda": -65000000,
    "ebitdaratio": -0.0446735395,
    "operatingIncome": -178000000,
    "operatingIncomeRatio": -0.1223367698,
    "totalOtherIncomeExpensesNet": -104000000,
    "incomeBeforeTax": -282000000,
    "incomeBeforeTaxRatio": -0.193814433,
    "incomeTaxExpense": -101000000,
    "netIncome": -175000000,
    "netIncomeRatio": -0.1202749141,
    "eps": -0.31,
    "epsdiluted": -0.31,
    "weightedAverageShsOut": 571276786,
    "weightedAverageShsOutDil": 571276786,
    "link": "https://www.sec.gov/Archives/edgar/data/106535/000119312510041278/0001193125-10-041278-index.htm",
    "finalLink": "https://www.sec.gov/Archives/edgar/data/106535/000119312510041278/d10k.htm"
  },
  {
    "date": "2009-09-30",
    "symbol": "WY",
    "reportedCurrency": "USD",
    "cik": "0000106535",
    "fillingDate": "2009-11-06",
    "acceptedDate": "2009-11-05 17:57:16",
    "calendarYear": "2009",
    "period": "Q3",
    "revenue": 1407000000,
    "costOfRevenue": 1137000000,
    "grossProfit": 270000000,
    "grossProfitRatio": 0.1918976546,
    "researchAndDevelopmentExpenses": 10000000,
    "generalAndAdministrativeExpenses": 95000000,
    "sellingAndMarketingExpenses": 52000000,
    "sellingGeneralAndAdministrativeExpenses": 147000000,
    "otherExpenses": -10000000,
    "operatingExpenses": 147000000,
    "costAndExpenses": 1284000000,
    "interestIncome": 25000000,
    "interestExpense": 115000000,
    "depreciationAndAmortization": 149000000,
    "ebitda": 294000000,
    "ebitdaratio": 0.2089552239,
    "operatingIncome": 123000000,
    "operatingIncomeRatio": 0.0874200426,
    "totalOtherIncomeExpensesNet": -93000000,
    "incomeBeforeTax": 30000000,
    "incomeBeforeTaxRatio": 0.0213219616,
    "incomeTaxExpense": 35000000,
    "netIncome": -5000000,
    "netIncomeRatio": -0.0035536603,
    "eps": -0.0095,
    "epsdiluted": -0.0095,
    "weightedAverageShsOut": 528392500,
    "weightedAverageShsOutDil": 528392500,
    "link": "https://www.sec.gov/Archives/edgar/data/106535/000119312509225868/0001193125-09-225868-index.htm",
    "finalLink": "https://www.sec.gov/Archives/edgar/data/106535/000119312509225868/d10q.htm"
  },
  {
    "date": "2009-06-30",
    "symbol": "WY",
    "reportedCurrency": "USD",
    "cik": "0000106535",
    "fillingDate": "2009-08-10",
    "acceptedDate": "2009-08-07 21:17:13",
    "calendarYear": "2009",
    "period": "Q2",
    "revenue": 1391000000,
    "costOfRevenue": 1214000000,
    "grossProfit": 177000000,
    "grossProfitRatio": 0.1272465852,
    "researchAndDevelopmentExpenses": 15000000,
    "generalAndAdministrativeExpenses": 100000000,
    "sellingAndMarketingExpenses": 118000000,
    "sellingGeneralAndAdministrativeExpenses": 153000000,
    "otherExpenses": 71000000,
    "operatingExpenses": 239000000,
    "costAndExpenses": 1453000000,
    "interestIncome": 23000000,
    "interestExpense": 114000000,
    "depreciationAndAmortization": 129000000,
    "ebitda": 95000000,
    "ebitdaratio": 0.0682961898,
    "operatingIncome": -62000000,
    "operatingIncomeRatio": -0.0445722502,
    "totalOtherIncomeExpensesNet": -71000000,
    "incomeBeforeTax": -590000000,
    "incomeBeforeTaxRatio": -0.424155284,
    "incomeTaxExpense": -208000000,
    "netIncome": -382000000,
    "netIncomeRatio": -0.2746225737,
    "eps": -0.72,
    "epsdiluted": -0.72,
    "weightedAverageShsOut": 528320000,
    "weightedAverageShsOutDil": 528320000,
    "link": "https://www.sec.gov/Archives/edgar/data/106535/000119312509169473/0001193125-09-169473-index.htm",
    "finalLink": "https://www.sec.gov/Archives/edgar/data/106535/000119312509169473/d10q.htm"
  },
  {
    "date": "2009-03-31",
    "symbol": "WY",
    "reportedCurrency": "USD",
    "cik": "0000106535",
    "fillingDate": "2009-05-08",
    "acceptedDate": "2009-05-08 16:48:21",
    "calendarYear": "2009",
    "period": "Q1",
    "revenue": 1275000000,
    "costOfRevenue": 1129000000,
    "grossProfit": 146000000,
    "grossProfitRatio": 0.1145098039,
    "researchAndDevelopmentExpenses": 13000000,
    "generalAndAdministrativeExpenses": 124000000,
    "sellingAndMarketingExpenses": 65000000,
    "sellingGeneralAndAdministrativeExpenses": 189000000,
    "otherExpenses": 274000000,
    "operatingExpenses": 476000000,
    "costAndExpenses": 1605000000,
    "interestIncome": 15000000,
    "interestExpense": 115000000,
    "depreciationAndAmortization": 126000000,
    "ebitda": -201000000,
    "ebitdaratio": -0.1576470588,
    "operatingIncome": -330000000,
    "operatingIncomeRatio": -0.2588235294,
    "totalOtherIncomeExpensesNet": -176000000,
    "incomeBeforeTax": -442000000,
    "incomeBeforeTaxRatio": -0.3466666667,
    "incomeTaxExpense": -176000000,
    "netIncome": -264000000,
    "netIncomeRatio": -0.2070588235,
    "eps": -0.5,
    "epsdiluted": -0.5,
    "weightedAverageShsOut": 528245000,
    "weightedAverageShsOutDil": 528245000,
    "link": "https://www.sec.gov/Archives/edgar/data/106535/000119312509105500/0001193125-09-105500-index.htm",
    "finalLink": "https://www.sec.gov/Archives/edgar/data/106535/000119312509105500/d10q.htm"
  },
  {
    "date": "2008-12-31",
    "symbol": "WY",
    "reportedCurrency": "USD",
    "cik": "0000106535",
    "fillingDate": "2009-02-27",
    "acceptedDate": "2009-02-26 21:35:58",
    "calendarYear": "2008",
    "period": "Q4",
    "revenue": 1695000000,
    "costOfRevenue": 1651000000,
    "grossProfit": 44000000,
    "grossProfitRatio": 0.0259587021,
    "researchAndDevelopmentExpenses": 15000000,
    "generalAndAdministrativeExpenses": 0,
    "sellingAndMarketingExpenses": 0,
    "sellingGeneralAndAdministrativeExpenses": 176000000,
    "otherExpenses": 1392000000,
    "operatingExpenses": 1583000000,
    "costAndExpenses": 3234000000,
    "interestIncome": 0,
    "interestExpense": 0,
    "depreciationAndAmortization": 143000000,
    "ebitda": -1260000000,
    "ebitdaratio": -0.7433628319,
    "operatingIncome": -1539000000,
    "operatingIncomeRatio": -0.9079646018,
    "totalOtherIncomeExpensesNet": 48000000,
    "incomeBeforeTax": -1491000000,
    "incomeBeforeTaxRatio": -0.8796460177,
    "incomeTaxExpense": -314000000,
    "netIncome": -1212000000,
    "netIncomeRatio": -0.7150442478,
    "eps": -2.29,
    "epsdiluted": -2.29,
    "weightedAverageShsOut": 528227500,
    "weightedAverageShsOutDil": 528227500,
    "link": "https://www.sec.gov/Archives/edgar/data/106535/000119312509039546/0001193125-09-039546-index.htm",
    "finalLink": "https://www.sec.gov/Archives/edgar/data/106535/000119312509039546/d10k.htm"
  },
  {
    "date": "2008-09-28",
    "symbol": "WY",
    "reportedCurrency": "USD",
    "cik": "0000106535",
    "fillingDate": "2008-11-07",
    "acceptedDate": "2008-11-06 20:21:57",
    "calendarYear": "2008",
    "period": "Q3",
    "revenue": 2107000000,
    "costOfRevenue": 1778000000,
    "grossProfit": 329000000,
    "grossProfitRatio": 0.1561461794,
    "researchAndDevelopmentExpenses": 14000000,
    "generalAndAdministrativeExpenses": 135000000,
    "sellingAndMarketingExpenses": 57000000,
    "sellingGeneralAndAdministrativeExpenses": 224000000,
    "otherExpenses": 447000000,
    "operatingExpenses": 685000000,
    "costAndExpenses": 2463000000,
    "interestIncome": 51000000,
    "interestExpense": 136000000,
    "depreciationAndAmortization": 152000000,
    "ebitda": -138000000,
    "ebitdaratio": -0.0654959658,
    "operatingIncome": -356000000,
    "operatingIncomeRatio": -0.1689606075,
    "totalOtherIncomeExpensesNet": -70000000,
    "incomeBeforeTax": -421000000,
    "incomeBeforeTaxRatio": -0.1998101566,
    "incomeTaxExpense": -221000000,
    "netIncome": 280000000,
    "netIncomeRatio": 0.1328903654,
    "eps": 0.53,
    "epsdiluted": 0.53,
    "weightedAverageShsOut": 528210000,
    "weightedAverageShsOutDil": 528210000,
    "link": "https://www.sec.gov/Archives/edgar/data/106535/000119312508228335/0001193125-08-228335-index.htm",
    "finalLink": "https://www.sec.gov/Archives/edgar/data/106535/000119312508228335/d10q.htm"
  },
  {
    "date": "2008-06-29",
    "symbol": "WY",
    "reportedCurrency": "USD",
    "cik": "0000106535",
    "fillingDate": "2008-08-08",
    "acceptedDate": "2008-08-08 11:01:07",
    "calendarYear": "2008",
    "period": "Q2",
    "revenue": 2174000000,
    "costOfRevenue": 1831000000,
    "grossProfit": 343000000,
    "grossProfitRatio": 0.1577736891,
    "researchAndDevelopmentExpenses": 18000000,
    "generalAndAdministrativeExpenses": 152000000,
    "sellingAndMarketingExpenses": 57000000,
    "sellingGeneralAndAdministrativeExpenses": 246000000,
    "otherExpenses": 485000000,
    "operatingExpenses": 749000000,
    "costAndExpenses": 2580000000,
    "interestIncome": 51000000,
    "interestExpense": 140000000,
    "depreciationAndAmortization": 153000000,
    "ebitda": -181000000,
    "ebitdaratio": -0.0832566697,
    "operatingIncome": -406000000,
    "operatingIncomeRatio": -0.1867525299,
    "totalOtherIncomeExpensesNet": -91000000,
    "incomeBeforeTax": -421000000,
    "incomeBeforeTaxRatio": -0.1936522539,
    "incomeTaxExpense": -214000000,
    "netIncome": -96000000,
    "netIncomeRatio": -0.0441582337,
    "eps": -0.18,
    "epsdiluted": -0.18,
    "weightedAverageShsOut": 528155000,
    "weightedAverageShsOutDil": 528155000,
    "link": "https://www.sec.gov/Archives/edgar/data/106535/000119312508171313/0001193125-08-171313-index.htm",
    "finalLink": "https://www.sec.gov/Archives/edgar/data/106535/000119312508171313/d10q.htm"
  },
  {
    "date": "2008-03-30",
    "symbol": "WY",
    "reportedCurrency": "USD",
    "cik": "0000106535",
    "fillingDate": "2008-05-09",
    "acceptedDate": "2008-05-08 19:49:17",
    "calendarYear": "2008",
    "period": "Q1",
    "revenue": 2042000000,
    "costOfRevenue": 1722000000,
    "grossProfit": 320000000,
    "grossProfitRatio": 0.1567091087,
    "researchAndDevelopmentExpenses": 17000000,
    "generalAndAdministrativeExpenses": 177000000,
    "sellingAndMarketingExpenses": 0,
    "sellingGeneralAndAdministrativeExpenses": 272000000,
    "otherExpenses": 289000000,
    "operatingExpenses": 578000000,
    "costAndExpenses": 2300000000,
    "interestIncome": 14000000,
    "interestExpense": 108000000,
    "depreciationAndAmortization": 211000000,
    "ebitda": -61000000,
    "ebitdaratio": -0.0298726738,
    "operatingIncome": -258000000,
    "operatingIncomeRatio": -0.1263467189,
    "totalOtherIncomeExpensesNet": -121000000,
    "incomeBeforeTax": -366000000,
    "incomeBeforeTaxRatio": -0.1792360431,
    "incomeTaxExpense": -137000000,
    "netIncome": -148000000,
    "netIncomeRatio": -0.0724779628,
    "eps": -0.28,
    "epsdiluted": -0.28,
    "weightedAverageShsOut": 527987500,
    "weightedAverageShsOutDil": 527987500,
    "link": "https://www.sec.gov/Archives/edgar/data/106535/000119312508108227/0001193125-08-108227-index.htm",
    "finalLink": "https://www.sec.gov/Archives/edgar/data/106535/000119312508108227/d10q.htm"
  },
  {
    "date": "2007-12-30",
    "symbol": "WY",
    "reportedCurrency": "USD",
    "cik": "0000106535",
    "fillingDate": "2008-02-28",
    "acceptedDate": "2008-02-28 17:25:03",
    "calendarYear": "2007",
    "period": "Q4",
    "revenue": 3937000000,
    "costOfRevenue": 3167000000,
    "grossProfit": 770000000,
    "grossProfitRatio": 0.1955803912,
    "researchAndDevelopmentExpenses": 19000000,
    "generalAndAdministrativeExpenses": 0,
    "sellingAndMarketingExpenses": 0,
    "sellingGeneralAndAdministrativeExpenses": 356000000,
    "otherExpenses": 386000000,
    "operatingExpenses": 761000000,
    "costAndExpenses": 3928000000,
    "interestIncome": 0,
    "interestExpense": 0,
    "depreciationAndAmortization": 221000000,
    "ebitda": 327000000,
    "ebitdaratio": 0.0830581661,
    "operatingIncome": 9000000,
    "operatingIncomeRatio": 0.0022860046,
    "totalOtherIncomeExpensesNet": -107000000,
    "incomeBeforeTax": -98000000,
    "incomeBeforeTaxRatio": -0.0248920498,
    "incomeTaxExpense": -54000000,
    "netIncome": -98000000,
    "netIncomeRatio": -0.0248920498,
    "eps": -0.19,
    "epsdiluted": -0.19,
    "weightedAverageShsOut": 527840000,
    "weightedAverageShsOutDil": 527840000,
    "link": "https://www.sec.gov/Archives/edgar/data/106535/000119312508042058/0001193125-08-042058-index.htm",
    "finalLink": "https://www.sec.gov/Archives/edgar/data/106535/000119312508042058/d10k.htm"
  },
  {
    "date": "2007-09-30",
    "symbol": "WY",
    "reportedCurrency": "USD",
    "cik": "0000106535",
    "fillingDate": "2007-11-09",
    "acceptedDate": "2007-11-08 20:37:27",
    "calendarYear": "2007",
    "period": "Q3",
    "revenue": 2797000000,
    "costOfRevenue": 2227000000,
    "grossProfit": 570000000,
    "grossProfitRatio": 0.2037897748,
    "researchAndDevelopmentExpenses": 18000000,
    "generalAndAdministrativeExpenses": 0,
    "sellingAndMarketingExpenses": 0,
    "sellingGeneralAndAdministrativeExpenses": 275000000,
    "otherExpenses": 224000000,
    "operatingExpenses": 517000000,
    "costAndExpenses": 2744000000,
    "interestIncome": 0,
    "interestExpense": 0,
    "depreciationAndAmortization": 236000000,
    "ebitda": 305000000,
    "ebitdaratio": 0.1090454058,
    "operatingIncome": 53000000,
    "operatingIncomeRatio": 0.0189488738,
    "totalOtherIncomeExpensesNet": -69000000,
    "incomeBeforeTax": 115000000,
    "incomeBeforeTaxRatio": 0.0411154809,
    "incomeTaxExpense": 41000000,
    "netIncome": 101000000,
    "netIncomeRatio": 0.036110118,
    "eps": 0.19,
    "epsdiluted": 0.19,
    "weightedAverageShsOut": 537885000,
    "weightedAverageShsOutDil": 537885000,
    "link": "https://www.sec.gov/Archives/edgar/data/106535/000119312507240789/0001193125-07-240789-index.htm",
    "finalLink": "https://www.sec.gov/Archives/edgar/data/106535/000119312507240789/d10q.htm"
  },
  {
    "date": "2007-07-01",
    "symbol": "WY",
    "reportedCurrency": "USD",
    "cik": "0000106535",
    "fillingDate": "2007-08-09",
    "acceptedDate": "2007-08-09 16:51:00",
    "calendarYear": "2007",
    "period": "Q2",
    "revenue": 4334000000,
    "costOfRevenue": 3500000000,
    "grossProfit": 834000000,
    "grossProfitRatio": 0.1924319335,
    "researchAndDevelopmentExpenses": 18000000,
    "generalAndAdministrativeExpenses": 0,
    "sellingAndMarketingExpenses": 109000000,
    "sellingGeneralAndAdministrativeExpenses": 380000000,
    "otherExpenses": 270000000,
    "operatingExpenses": 668000000,
    "costAndExpenses": 4168000000,
    "interestIncome": 0,
    "interestExpense": 0,
    "depreciationAndAmortization": 228000000,
    "ebitda": 396000000,
    "ebitdaratio": 0.0913705584,
    "operatingIncome": 166000000,
    "operatingIncomeRatio": 0.0383017997,
    "totalOtherIncomeExpensesNet": -111000000,
    "incomeBeforeTax": 55000000,
    "incomeBeforeTaxRatio": 0.0126903553,
    "incomeTaxExpense": 18000000,
    "netIncome": 32000000,
    "netIncomeRatio": 0.0073834795,
    "eps": 0.06,
    "epsdiluted": 0.06,
    "weightedAverageShsOut": 533333333,
    "weightedAverageShsOutDil": 533333333,
    "link": "https://www.sec.gov/Archives/edgar/data/106535/000119312507177591/0001193125-07-177591-index.htm",
    "finalLink": "https://www.sec.gov/Archives/edgar/data/106535/000119312507177591/d10q.htm"
  },
  {
    "date": "2007-04-01",
    "symbol": "WY",
    "reportedCurrency": "USD",
    "cik": "0000106535",
    "fillingDate": "2007-05-10",
    "acceptedDate": "2007-05-10 13:14:39",
    "calendarYear": "2007",
    "period": "Q1",
    "revenue": 2665000000,
    "costOfRevenue": 2172000000,
    "grossProfit": 493000000,
    "grossProfitRatio": 0.1849906191,
    "researchAndDevelopmentExpenses": 16000000,
    "generalAndAdministrativeExpenses": 0,
    "sellingAndMarketingExpenses": 0,
    "sellingGeneralAndAdministrativeExpenses": 306000000,
    "otherExpenses": 210000000,
    "operatingExpenses": 532000000,
    "costAndExpenses": 2704000000,
    "interestIncome": 0,
    "interestExpense": 0,
    "depreciationAndAmortization": 289000000,
    "ebitda": 253000000,
    "ebitdaratio": 0.094934334,
    "operatingIncome": -39000000,
    "operatingIncomeRatio": -0.0146341463,
    "totalOtherIncomeExpensesNet": 26000000,
    "incomeBeforeTax": -13000000,
    "incomeBeforeTaxRatio": -0.0048780488,
    "incomeTaxExpense": 3000000,
    "netIncome": 755000000,
    "netIncomeRatio": 0.2833020638,
    "eps": 1.3,
    "epsdiluted": 1.3,
    "weightedAverageShsOut": 583105000,
    "weightedAverageShsOutDil": 583105000,
    "link": "https://www.sec.gov/Archives/edgar/data/106535/000119312507109821/0001193125-07-109821-index.htm",
    "finalLink": "https://www.sec.gov/Archives/edgar/data/106535/000119312507109821/d10q.htm"
  },
  {
    "date": "2006-12-31",
    "symbol": "WY",
    "reportedCurrency": "USD",
    "cik": "0000106535",
    "fillingDate": "2007-03-01",
    "acceptedDate": "2007-03-01 15:35:12",
    "calendarYear": "2006",
    "period": "Q4",
    "revenue": 5655000000,
    "costOfRevenue": 4551000000,
    "grossProfit": 1104000000,
    "grossProfitRatio": 0.1952254642,
    "researchAndDevelopmentExpenses": 15000000,
    "generalAndAdministrativeExpenses": 0,
    "sellingAndMarketingExpenses": 0,
    "sellingGeneralAndAdministrativeExpenses": 501000000,
    "otherExpenses": -181000000,
    "operatingExpenses": 335000000,
    "costAndExpenses": 4886000000,
    "interestIncome": 0,
    "interestExpense": 0,
    "depreciationAndAmortization": 341000000,
    "ebitda": 1049000000,
    "ebitdaratio": 0.1854995579,
    "operatingIncome": 769000000,
    "operatingIncomeRatio": 0.1359858532,
    "totalOtherIncomeExpensesNet": -100000000,
    "incomeBeforeTax": 669000000,
    "incomeBeforeTaxRatio": 0.1183023873,
    "incomeTaxExpense": 213000000,
    "netIncome": 508000000,
    "netIncomeRatio": 0.0898320071,
    "eps": 0.83,
    "epsdiluted": 0.82,
    "weightedAverageShsOut": 607739558,
    "weightedAverageShsOutDil": 621047431,
    "link": "https://www.sec.gov/Archives/edgar/data/106535/000119312507044292/0001193125-07-044292-index.htm",
    "finalLink": "https://www.sec.gov/Archives/edgar/data/106535/000119312507044292/d10k.htm"
  },
  {
    "date": "2006-09-24",
    "symbol": "WY",
    "reportedCurrency": "USD",
    "cik": "0000106535",
    "fillingDate": "2006-11-03",
    "acceptedDate": "2006-11-02 21:15:38",
    "calendarYear": "2006",
    "period": "Q3",
    "revenue": 4554000000,
    "costOfRevenue": 3577000000,
    "grossProfit": 977000000,
    "grossProfitRatio": 0.2145366711,
    "researchAndDevelopmentExpenses": 23000000,
    "generalAndAdministrativeExpenses": 0,
    "sellingAndMarketingExpenses": 123000000,
    "sellingGeneralAndAdministrativeExpenses": 399000000,
    "otherExpenses": 236000000,
    "operatingExpenses": 658000000,
    "costAndExpenses": 4235000000,
    "interestIncome": 0,
    "interestExpense": 0,
    "depreciationAndAmortization": 314000000,
    "ebitda": 652000000,
    "ebitdaratio": 0.1431708388,
    "operatingIncome": 319000000,
    "operatingIncomeRatio": 0.0700483092,
    "totalOtherIncomeExpensesNet": -90000000,
    "incomeBeforeTax": 274000000,
    "incomeBeforeTaxRatio": 0.0601668863,
    "incomeTaxExpense": 89000000,
    "netIncome": 211000000,
    "netIncomeRatio": 0.0463328942,
    "eps": 0.36,
    "epsdiluted": 0.36,
    "weightedAverageShsOut": 615384615,
    "weightedAverageShsOutDil": 615384615,
    "link": "https://www.sec.gov/Archives/edgar/data/106535/000119312506222479/0001193125-06-222479-index.htm",
    "finalLink": "https://www.sec.gov/Archives/edgar/data/106535/000119312506222479/d10q.htm"
  },
  {
    "date": "2006-06-25",
    "symbol": "WY",
    "reportedCurrency": "USD",
    "cik": "0000106535",
    "fillingDate": "2006-08-03",
    "acceptedDate": "2006-08-03 17:12:10",
    "calendarYear": "2006",
    "period": "Q2",
    "revenue": 4867000000,
    "costOfRevenue": 3743000000,
    "grossProfit": 1124000000,
    "grossProfitRatio": 0.2309430861,
    "researchAndDevelopmentExpenses": 15000000,
    "generalAndAdministrativeExpenses": 0,
    "sellingAndMarketingExpenses": 126000000,
    "sellingGeneralAndAdministrativeExpenses": 400000000,
    "otherExpenses": 238000000,
    "operatingExpenses": 653000000,
    "costAndExpenses": 4396000000,
    "interestIncome": 0,
    "interestExpense": 0,
    "depreciationAndAmortization": 313000000,
    "ebitda": 802000000,
    "ebitdaratio": 0.164783234,
    "operatingIncome": 471000000,
    "operatingIncomeRatio": 0.0967741935,
    "totalOtherIncomeExpensesNet": -74000000,
    "incomeBeforeTax": 382000000,
    "incomeBeforeTaxRatio": 0.0784877748,
    "incomeTaxExpense": 82000000,
    "netIncome": 314000000,
    "netIncomeRatio": 0.064516129,
    "eps": 0.48,
    "epsdiluted": 0.48,
    "weightedAverageShsOut": 620833333,
    "weightedAverageShsOutDil": 626050420,
    "link": "https://www.sec.gov/Archives/edgar/data/106535/000119312506161066/0001193125-06-161066-index.htm",
    "finalLink": "https://www.sec.gov/Archives/edgar/data/106535/000119312506161066/d10q.htm"
  },
  {
    "date": "2006-03-26",
    "symbol": "WY",
    "reportedCurrency": "USD",
    "cik": "0000106535",
    "fillingDate": "2006-05-04",
    "acceptedDate": "2006-05-04 16:56:17",
    "calendarYear": "2006",
    "period": "Q1",
    "revenue": 4452000000,
    "costOfRevenue": 3430000000,
    "grossProfit": 1022000000,
    "grossProfitRatio": 0.2295597484,
    "researchAndDevelopmentExpenses": 16000000,
    "generalAndAdministrativeExpenses": 0,
    "sellingAndMarketingExpenses": 0,
    "sellingGeneralAndAdministrativeExpenses": 402000000,
    "otherExpenses": 265000000,
    "operatingExpenses": 683000000,
    "costAndExpenses": 4113000000,
    "interestIncome": 0,
    "interestExpense": 0,
    "depreciationAndAmortization": 315000000,
    "ebitda": 655000000,
    "ebitdaratio": 0.1471248877,
    "operatingIncome": 339000000,
    "operatingIncomeRatio": 0.0761455526,
    "totalOtherIncomeExpensesNet": -831000000,
    "incomeBeforeTax": -492000000,
    "incomeBeforeTaxRatio": -0.1105121294,
    "incomeTaxExpense": 88000000,
    "netIncome": -580000000,
    "netIncomeRatio": -0.1302785265,
    "eps": -0.94,
    "epsdiluted": -0.94,
    "weightedAverageShsOut": 614485000,
    "weightedAverageShsOutDil": 617425000,
    "link": "https://www.sec.gov/Archives/edgar/data/106535/000119312506100454/0001193125-06-100454-index.htm",
    "finalLink": "https://www.sec.gov/Archives/edgar/data/106535/000119312506100454/d10q.htm"
  },
  {
    "date": "2005-12-25",
    "symbol": "WY",
    "reportedCurrency": "USD",
    "cik": "0000106535",
    "fillingDate": "2006-02-22",
    "acceptedDate": "2006-02-22 16:36:21",
    "calendarYear": "2005",
    "period": "Q4",
    "revenue": 5783000000,
    "costOfRevenue": 4577000000,
    "grossProfit": 1206000000,
    "grossProfitRatio": 0.2085422791,
    "researchAndDevelopmentExpenses": 17000000,
    "generalAndAdministrativeExpenses": 0,
    "sellingAndMarketingExpenses": 0,
    "sellingGeneralAndAdministrativeExpenses": 401000000,
    "otherExpenses": 1167000000,
    "operatingExpenses": 1585000000,
    "costAndExpenses": 6162000000,
    "interestIncome": 0,
    "interestExpense": 0,
    "depreciationAndAmortization": 338000000,
    "ebitda": -31000000,
    "ebitdaratio": -0.0053605395,
    "operatingIncome": -379000000,
    "operatingIncomeRatio": -0.0655369186,
    "totalOtherIncomeExpensesNet": -126000000,
    "incomeBeforeTax": -394000000,
    "incomeBeforeTaxRatio": -0.068130728,
    "incomeTaxExpense": -153000000,
    "netIncome": -211000000,
    "netIncomeRatio": -0.0364862528,
    "eps": -0.35,
    "epsdiluted": -0.34,
    "weightedAverageShsOut": 609136442,
    "weightedAverageShsOutDil": 620770505,
    "link": "https://www.sec.gov/Archives/edgar/data/106535/000119312506036731/0001193125-06-036731-index.htm",
    "finalLink": "https://www.sec.gov/Archives/edgar/data/106535/000119312506036731/d10k.htm"
  },
  {
    "date": "2005-09-25",
    "symbol": "WY",
    "reportedCurrency": "USD",
    "cik": "0000106535",
    "fillingDate": "2005-11-04",
    "acceptedDate": "2005-11-04 14:34:07",
    "calendarYear": "2005",
    "period": "Q3",
    "revenue": 5432000000,
    "costOfRevenue": 4201000000,
    "grossProfit": 1231000000,
    "grossProfitRatio": 0.2266200295,
    "researchAndDevelopmentExpenses": 18000000,
    "generalAndAdministrativeExpenses": 0,
    "sellingAndMarketingExpenses": 119000000,
    "sellingGeneralAndAdministrativeExpenses": 413000000,
    "otherExpenses": 367000000,
    "operatingExpenses": 798000000,
    "costAndExpenses": 4999000000,
    "interestIncome": 0,
    "interestExpense": 0,
    "depreciationAndAmortization": 333000000,
    "ebitda": 768000000,
    "ebitdaratio": 0.1413843888,
    "operatingIncome": 433000000,
    "operatingIncomeRatio": 0.079712813,
    "totalOtherIncomeExpensesNet": -27000000,
    "incomeBeforeTax": 406000000,
    "incomeBeforeTaxRatio": 0.074742268,
    "incomeTaxExpense": 120000000,
    "netIncome": 285000000,
    "netIncomeRatio": 0.052466863,
    "eps": 0.46,
    "epsdiluted": 0.46,
    "weightedAverageShsOut": 614224138,
    "weightedAverageShsOutDil": 614224138,
    "link": "https://www.sec.gov/Archives/edgar/data/106535/000119312505216775/0001193125-05-216775-index.htm",
    "finalLink": "https://www.sec.gov/Archives/edgar/data/106535/000119312505216775/d10q.htm"
  },
  {
    "date": "2005-06-26",
    "symbol": "WY",
    "reportedCurrency": "USD",
    "cik": "0000106535",
    "fillingDate": "2005-08-04",
    "acceptedDate": "2005-08-04 17:24:41",
    "calendarYear": "2005",
    "period": "Q2",
    "revenue": 5690000000,
    "costOfRevenue": 4287000000,
    "grossProfit": 1403000000,
    "grossProfitRatio": 0.246572935,
    "researchAndDevelopmentExpenses": 12000000,
    "generalAndAdministrativeExpenses": 0,
    "sellingAndMarketingExpenses": 119000000,
    "sellingGeneralAndAdministrativeExpenses": 395000000,
    "otherExpenses": 338000000,
    "operatingExpenses": 745000000,
    "costAndExpenses": 5032000000,
    "interestIncome": 0,
    "interestExpense": 0,
    "depreciationAndAmortization": 332000000,
    "ebitda": 997000000,
    "ebitdaratio": 0.1752196837,
    "operatingIncome": 658000000,
    "operatingIncomeRatio": 0.1156414763,
    "totalOtherIncomeExpensesNet": -142000000,
    "incomeBeforeTax": 528000000,
    "incomeBeforeTaxRatio": 0.0927943761,
    "incomeTaxExpense": 229000000,
    "netIncome": 420000000,
    "netIncomeRatio": 0.0738137083,
    "eps": 0.69,
    "epsdiluted": 0.68,
    "weightedAverageShsOut": 610465116,
    "weightedAverageShsOutDil": 614035088,
    "link": "https://www.sec.gov/Archives/edgar/data/106535/000119312505157920/0001193125-05-157920-index.htm",
    "finalLink": "https://www.sec.gov/Archives/edgar/data/106535/000119312505157920/d10q.htm"
  },
  {
    "date": "2005-03-27",
    "symbol": "WY",
    "reportedCurrency": "USD",
    "cik": "0000106535",
    "fillingDate": "2005-05-05",
    "acceptedDate": "2005-05-05 17:16:30",
    "calendarYear": "2005",
    "period": "Q1",
    "revenue": 5371000000,
    "costOfRevenue": 4047000000,
    "grossProfit": 1324000000,
    "grossProfitRatio": 0.24650903,
    "researchAndDevelopmentExpenses": 14000000,
    "generalAndAdministrativeExpenses": 0,
    "sellingAndMarketingExpenses": 0,
    "sellingGeneralAndAdministrativeExpenses": 396000000,
    "otherExpenses": 392000000,
    "operatingExpenses": 802000000,
    "costAndExpenses": 4849000000,
    "interestIncome": 0,
    "interestExpense": 0,
    "depreciationAndAmortization": 334000000,
    "ebitda": 856000000,
    "ebitdaratio": 0.1593744182,
    "operatingIncome": 522000000,
    "operatingIncomeRatio": 0.0971886055,
    "totalOtherIncomeExpensesNet": -154000000,
    "incomeBeforeTax": 366000000,
    "incomeBeforeTaxRatio": 0.0681437349,
    "incomeTaxExpense": 128000000,
    "netIncome": 239000000,
    "netIncomeRatio": 0.0444982312,
    "eps": 0.39,
    "epsdiluted": 0.39,
    "weightedAverageShsOut": 607157500,
    "weightedAverageShsOutDil": 610462500,
    "link": "https://www.sec.gov/Archives/edgar/data/106535/000119312505097652/0001193125-05-097652-index.htm",
    "finalLink": "https://www.sec.gov/Archives/edgar/data/106535/000119312505097652/d10q.htm"
  },
  {
    "date": "2004-12-26",
    "symbol": "WY",
    "reportedCurrency": "USD",
    "cik": "0000106535",
    "fillingDate": "2005-03-03",
    "acceptedDate": "2005-03-03 17:29:16",
    "calendarYear": "2004",
    "period": "Q4",
    "revenue": 5886000000,
    "costOfRevenue": 4820000000,
    "grossProfit": 1066000000,
    "grossProfitRatio": 0.1811077132,
    "researchAndDevelopmentExpenses": 17000000,
    "generalAndAdministrativeExpenses": 0,
    "sellingAndMarketingExpenses": 0,
    "sellingGeneralAndAdministrativeExpenses": 433000000,
    "otherExpenses": 110000000,
    "operatingExpenses": 560000000,
    "costAndExpenses": 5380000000,
    "interestIncome": 0,
    "interestExpense": 0,
    "depreciationAndAmortization": 334000000,
    "ebitda": 857000000,
    "ebitdaratio": 0.1455997282,
    "operatingIncome": 506000000,
    "operatingIncomeRatio": 0.0859667006,
    "totalOtherIncomeExpensesNet": -203000000,
    "incomeBeforeTax": 303000000,
    "incomeBeforeTaxRatio": 0.0514780836,
    "incomeTaxExpense": 104000000,
    "netIncome": 199000000,
    "netIncomeRatio": 0.0338090384,
    "eps": 0.32,
    "epsdiluted": 0.32,
    "weightedAverageShsOut": 605741344,
    "weightedAverageShsOutDil": 605741344,
    "link": "https://www.sec.gov/Archives/edgar/data/106535/000119312505041798/0001193125-05-041798-index.htm",
    "finalLink": "https://www.sec.gov/Archives/edgar/data/106535/000119312505041798/d10k.htm"
  },
  {
    "date": "2004-09-26",
    "symbol": "WY",
    "reportedCurrency": "USD",
    "cik": "0000106535",
    "fillingDate": "2004-11-04",
    "acceptedDate": "2004-11-04 16:10:32",
    "calendarYear": "2004",
    "period": "Q3",
    "revenue": 5679000000,
    "costOfRevenue": 4172000000,
    "grossProfit": 1507000000,
    "grossProfitRatio": 0.2653636204,
    "researchAndDevelopmentExpenses": 13000000,
    "generalAndAdministrativeExpenses": 0,
    "sellingAndMarketingExpenses": 125000000,
    "sellingGeneralAndAdministrativeExpenses": 399000000,
    "otherExpenses": 73000000,
    "operatingExpenses": 485000000,
    "costAndExpenses": 4657000000,
    "interestIncome": 0,
    "interestExpense": 0,
    "depreciationAndAmortization": 329000000,
    "ebitda": 1359000000,
    "ebitdaratio": 0.2393026941,
    "operatingIncome": 1022000000,
    "operatingIncomeRatio": 0.1799612608,
    "totalOtherIncomeExpensesNet": -160000000,
    "incomeBeforeTax": 900000000,
    "incomeBeforeTaxRatio": 0.1584786054,
    "incomeTaxExpense": 306000000,
    "netIncome": 594000000,
    "netIncomeRatio": 0.1045958796,
    "eps": 0.98,
    "epsdiluted": 0.98,
    "weightedAverageShsOut": 603658537,
    "weightedAverageShsOutDil": 606122449,
    "link": "https://www.sec.gov/Archives/edgar/data/106535/000095012404005319/0000950124-04-005319-index.htm",
    "finalLink": "https://www.sec.gov/Archives/edgar/data/106535/000095012404005319/v02890e10vq.htm"
  },
  {
    "date": "2004-06-27",
    "symbol": "WY",
    "reportedCurrency": "USD",
    "cik": "0000106535",
    "fillingDate": "2004-08-05",
    "acceptedDate": "2004-08-05 17:18:19",
    "calendarYear": "2004",
    "period": "Q2",
    "revenue": 5728000000,
    "costOfRevenue": 4215000000,
    "grossProfit": 1513000000,
    "grossProfitRatio": 0.2641410615,
    "researchAndDevelopmentExpenses": 13000000,
    "generalAndAdministrativeExpenses": 0,
    "sellingAndMarketingExpenses": 122000000,
    "sellingGeneralAndAdministrativeExpenses": 404000000,
    "otherExpenses": 382000000,
    "operatingExpenses": 799000000,
    "costAndExpenses": 5014000000,
    "interestIncome": 0,
    "interestExpense": 0,
    "depreciationAndAmortization": 332000000,
    "ebitda": 1059000000,
    "ebitdaratio": 0.1848812849,
    "operatingIncome": 714000000,
    "operatingIncomeRatio": 0.124650838,
    "totalOtherIncomeExpensesNet": -176000000,
    "incomeBeforeTax": 559000000,
    "incomeBeforeTaxRatio": 0.0975907821,
    "incomeTaxExpense": 190000000,
    "netIncome": 369000000,
    "netIncomeRatio": 0.0644203911,
    "eps": 0.63,
    "epsdiluted": 0.63,
    "weightedAverageShsOut": 587579618,
    "weightedAverageShsOutDil": 587579618,
    "link": "https://www.sec.gov/Archives/edgar/data/106535/000095012404003595/0000950124-04-003595-index.htm",
    "finalLink": "https://www.sec.gov/Archives/edgar/data/106535/000095012404003595/v00807e10vq.htm"
  },
  {
    "date": "2004-03-28",
    "symbol": "WY",
    "reportedCurrency": "USD",
    "cik": "0000106535",
    "fillingDate": "2004-05-06",
    "acceptedDate": "2004-05-06 16:17:46",
    "calendarYear": "2004",
    "period": "Q1",
    "revenue": 4911000000,
    "costOfRevenue": 3753000000,
    "grossProfit": 1158000000,
    "grossProfitRatio": 0.23579719,
    "researchAndDevelopmentExpenses": 12000000,
    "generalAndAdministrativeExpenses": 0,
    "sellingAndMarketingExpenses": 0,
    "sellingGeneralAndAdministrativeExpenses": 403000000,
    "otherExpenses": 405000000,
    "operatingExpenses": 820000000,
    "costAndExpenses": 4573000000,
    "interestIncome": 0,
    "interestExpense": 0,
    "depreciationAndAmortization": 327000000,
    "ebitda": 684000000,
    "ebitdaratio": 0.1392791692,
    "operatingIncome": 338000000,
    "operatingIncomeRatio": 0.0688250865,
    "totalOtherIncomeExpensesNet": -155000000,
    "incomeBeforeTax": 183000000,
    "incomeBeforeTaxRatio": 0.0372632865,
    "incomeTaxExpense": 62000000,
    "netIncome": 121000000,
    "netIncomeRatio": 0.0246385665,
    "eps": 0.22,
    "epsdiluted": 0.22,
    "weightedAverageShsOut": 559320000,
    "weightedAverageShsOutDil": 562680000,
    "link": "https://www.sec.gov/Archives/edgar/data/106535/000095012404002101/0000950124-04-002101-index.htm",
    "finalLink": "https://www.sec.gov/Archives/edgar/data/106535/000095012404002101/v98675e10vq.htm"
  },
  {
    "date": "2003-12-28",
    "symbol": "WY",
    "reportedCurrency": "USD",
    "cik": "0000106535",
    "fillingDate": "2004-03-05",
    "acceptedDate": "2004-03-05 17:25:40",
    "calendarYear": "2003",
    "period": "Q4",
    "revenue": 5145000000,
    "costOfRevenue": 4168000000,
    "grossProfit": 977000000,
    "grossProfitRatio": 0.1898931001,
    "researchAndDevelopmentExpenses": 17000000,
    "generalAndAdministrativeExpenses": 0,
    "sellingAndMarketingExpenses": 0,
    "sellingGeneralAndAdministrativeExpenses": 411000000,
    "otherExpenses": 219000000,
    "operatingExpenses": 647000000,
    "costAndExpenses": 4815000000,
    "interestIncome": 0,
    "interestExpense": 0,
    "depreciationAndAmortization": 356000000,
    "ebitda": 838000000,
    "ebitdaratio": 0.1628765792,
    "operatingIncome": 330000000,
    "operatingIncomeRatio": 0.0641399417,
    "totalOtherIncomeExpensesNet": -191000000,
    "incomeBeforeTax": 139000000,
    "incomeBeforeTaxRatio": 0.0270165209,
    "incomeTaxExpense": 47000000,
    "netIncome": 92000000,
    "netIncomeRatio": 0.0178814383,
    "eps": 0.17,
    "epsdiluted": 0.17,
    "weightedAverageShsOut": 544313253,
    "weightedAverageShsOutDil": 556362500,
    "link": "https://www.sec.gov/Archives/edgar/data/106535/000095012404000703/0000950124-04-000703-index.htm",
    "finalLink": "https://www.sec.gov/Archives/edgar/data/106535/000095012404000703/v96705e10vk.htm"
  },
  {
    "date": "2003-09-28",
    "symbol": "WY",
    "reportedCurrency": "USD",
    "cik": "0000106535",
    "fillingDate": "2003-11-10",
    "acceptedDate": "2003-11-10 15:52:26",
    "calendarYear": "2003",
    "period": "Q3",
    "revenue": 5184000000,
    "costOfRevenue": 4022000000,
    "grossProfit": 1162000000,
    "grossProfitRatio": 0.2241512346,
    "researchAndDevelopmentExpenses": 10000000,
    "generalAndAdministrativeExpenses": 0,
    "sellingAndMarketingExpenses": 117000000,
    "sellingGeneralAndAdministrativeExpenses": 408000000,
    "otherExpenses": 440000000,
    "operatingExpenses": 858000000,
    "costAndExpenses": 4880000000,
    "interestIncome": 0,
    "interestExpense": 0,
    "depreciationAndAmortization": 323000000,
    "ebitda": 651000000,
    "ebitdaratio": 0.1255787037,
    "operatingIncome": 304000000,
    "operatingIncomeRatio": 0.0586419753,
    "totalOtherIncomeExpensesNet": -180000000,
    "incomeBeforeTax": 124000000,
    "incomeBeforeTaxRatio": 0.0239197531,
    "incomeTaxExpense": 42000000,
    "netIncome": 82000000,
    "netIncomeRatio": 0.0158179012,
    "eps": 0.15,
    "epsdiluted": 0.15,
    "weightedAverageShsOut": 554054054,
    "weightedAverageShsOutDil": 554054054,
    "link": "https://www.sec.gov/Archives/edgar/data/106535/000089102003002627/0000891020-03-002627-index.htm",
    "finalLink": "https://www.sec.gov/Archives/edgar/data/106535/000089102003002627/v93912e10vq.htm"
  },
  {
    "date": "2003-06-29",
    "symbol": "WY",
    "reportedCurrency": "USD",
    "cik": "0000106535",
    "fillingDate": "2003-08-12",
    "acceptedDate": "2003-08-12 10:24:07",
    "calendarYear": "2003",
    "period": "Q2",
    "revenue": 4930000000,
    "costOfRevenue": 3927000000,
    "grossProfit": 1003000000,
    "grossProfitRatio": 0.2034482759,
    "researchAndDevelopmentExpenses": 12000000,
    "generalAndAdministrativeExpenses": 0,
    "sellingAndMarketingExpenses": 111000000,
    "sellingGeneralAndAdministrativeExpenses": 349000000,
    "otherExpenses": 229000000,
    "operatingExpenses": 590000000,
    "costAndExpenses": 4517000000,
    "interestIncome": 0,
    "interestExpense": 0,
    "depreciationAndAmortization": 315000000,
    "ebitda": 753000000,
    "ebitdaratio": 0.1527383367,
    "operatingIncome": 413000000,
    "operatingIncomeRatio": 0.0837728195,
    "totalOtherIncomeExpensesNet": -175000000,
    "incomeBeforeTax": 238000000,
    "incomeBeforeTaxRatio": 0.0482758621,
    "incomeTaxExpense": 81000000,
    "netIncome": 157000000,
    "netIncomeRatio": 0.0318458418,
    "eps": 0.28,
    "epsdiluted": 0.28,
    "weightedAverageShsOut": 552816901,
    "weightedAverageShsOutDil": 553212500,
    "link": "https://www.sec.gov/Archives/edgar/data/106535/000089102003002105/0000891020-03-002105-index.htm",
    "finalLink": "https://www.sec.gov/Archives/edgar/data/106535/000089102003002105/v91787e10vq.htm"
  },
  {
    "date": "2003-03-30",
    "symbol": "WY",
    "reportedCurrency": "USD",
    "cik": "0000106535",
    "fillingDate": "2003-05-14",
    "acceptedDate": "2003-05-14 16:14:49",
    "calendarYear": "2003",
    "period": "Q1",
    "revenue": 4614000000,
    "costOfRevenue": 3682000000,
    "grossProfit": 932000000,
    "grossProfitRatio": 0.2019939315,
    "researchAndDevelopmentExpenses": 12000000,
    "generalAndAdministrativeExpenses": 0,
    "sellingAndMarketingExpenses": 0,
    "sellingGeneralAndAdministrativeExpenses": 398000000,
    "otherExpenses": 401000000,
    "operatingExpenses": 811000000,
    "costAndExpenses": 4493000000,
    "interestIncome": 0,
    "interestExpense": 0,
    "depreciationAndAmortization": 324000000,
    "ebitda": 474000000,
    "ebitdaratio": 0.1027308192,
    "operatingIncome": 121000000,
    "operatingIncomeRatio": 0.026224534,
    "totalOtherIncomeExpensesNet": -186000000,
    "incomeBeforeTax": -65000000,
    "incomeBeforeTaxRatio": -0.0140875596,
    "incomeTaxExpense": -22000000,
    "netIncome": -54000000,
    "netIncomeRatio": -0.0117035111,
    "eps": -0.0976,
    "epsdiluted": -0.0976,
    "weightedAverageShsOut": 553212500,
    "weightedAverageShsOutDil": 553212500,
    "link": "https://www.sec.gov/Archives/edgar/data/106535/000089102003001577/0000891020-03-001577-index.htm",
    "finalLink": "https://www.sec.gov/Archives/edgar/data/106535/000089102003001577/v90106e10vq.htm"
  },
  {
    "date": "2002-12-29",
    "symbol": "WY",
    "reportedCurrency": "USD",
    "cik": "0000106535",
    "fillingDate": "2003-03-05",
    "acceptedDate": "2003-03-05 17:13:24",
    "calendarYear": "2002",
    "period": "Q4",
    "revenue": 4652000000,
    "costOfRevenue": 3578000000,
    "grossProfit": 1074000000,
    "grossProfitRatio": 0.2308684437,
    "researchAndDevelopmentExpenses": 16000000,
    "generalAndAdministrativeExpenses": 0,
    "sellingAndMarketingExpenses": 0,
    "sellingGeneralAndAdministrativeExpenses": 383000000,
    "otherExpenses": 312000000,
    "operatingExpenses": 711000000,
    "costAndExpenses": 4289000000,
    "interestIncome": 0,
    "interestExpense": 0,
    "depreciationAndAmortization": 342000000,
    "ebitda": 872000000,
    "ebitdaratio": 0.1874462597,
    "operatingIncome": 363000000,
    "operatingIncomeRatio": 0.0780309544,
    "totalOtherIncomeExpensesNet": -204000000,
    "incomeBeforeTax": 159000000,
    "incomeBeforeTaxRatio": 0.0341788478,
    "incomeTaxExpense": 56000000,
    "netIncome": 126000000,
    "netIncomeRatio": 0.0270851247,
    "eps": 0.23,
    "epsdiluted": 0.23,
    "weightedAverageShsOut": 554874174,
    "weightedAverageShsOutDil": 554874174,
    "link": "https://www.sec.gov/Archives/edgar/data/106535/000089102003000649/0000891020-03-000649-index.htm",
    "finalLink": "https://www.sec.gov/Archives/edgar/data/106535/000089102003000649/v88083e10vk.htm"
  },
  {
    "date": "2002-09-29",
    "symbol": "WY",
    "reportedCurrency": "USD",
    "cik": "0000106535",
    "fillingDate": "2002-11-12",
    "acceptedDate": "2002-11-12 16:58:34",
    "calendarYear": "2002",
    "period": "Q3",
    "revenue": 4890000000,
    "costOfRevenue": 3960000000,
    "grossProfit": 930000000,
    "grossProfitRatio": 0.1901840491,
    "researchAndDevelopmentExpenses": 11000000,
    "generalAndAdministrativeExpenses": 0,
    "sellingAndMarketingExpenses": 0,
    "sellingGeneralAndAdministrativeExpenses": 354000000,
    "otherExpenses": 371000000,
    "operatingExpenses": 736000000,
    "costAndExpenses": 4696000000,
    "interestIncome": 0,
    "interestExpense": 0,
    "depreciationAndAmortization": 305000000,
    "ebitda": 499000000,
    "ebitdaratio": 0.1020449898,
    "operatingIncome": 194000000,
    "operatingIncomeRatio": 0.0396728016,
    "totalOtherIncomeExpensesNet": -174000000,
    "incomeBeforeTax": 20000000,
    "incomeBeforeTaxRatio": 0.0040899796,
    "incomeTaxExpense": 7000000,
    "netIncome": 13000000,
    "netIncomeRatio": 0.0026584867,
    "eps": 0.024,
    "epsdiluted": 0.024,
    "weightedAverageShsOut": 553127500,
    "weightedAverageShsOutDil": 554057500,
    "link": "https://www.sec.gov/Archives/edgar/data/106535/000010653502000037/0000106535-02-000037-index.htm",
    "finalLink": "https://www.sec.gov/Archives/edgar/data/106535/000010653502000037/f10qsep02.txt"
  },
  {
    "date": "2002-06-30",
    "symbol": "WY",
    "reportedCurrency": "USD",
    "cik": "0000106535",
    "fillingDate": "2002-08-14",
    "acceptedDate": "2002-08-14 17:27:02",
    "calendarYear": "2002",
    "period": "Q2",
    "revenue": 4949000000,
    "costOfRevenue": 3863000000,
    "grossProfit": 1086000000,
    "grossProfitRatio": 0.2194382704,
    "researchAndDevelopmentExpenses": 13000000,
    "generalAndAdministrativeExpenses": 0,
    "sellingAndMarketingExpenses": 0,
    "sellingGeneralAndAdministrativeExpenses": 382000000,
    "otherExpenses": 392000000,
    "operatingExpenses": 787000000,
    "costAndExpenses": 4650000000,
    "interestIncome": 0,
    "interestExpense": 0,
    "depreciationAndAmortization": 312000000,
    "ebitda": 611000000,
    "ebitdaratio": 0.1234592847,
    "operatingIncome": 299000000,
    "operatingIncomeRatio": 0.0604162457,
    "totalOtherIncomeExpensesNet": -188000000,
    "incomeBeforeTax": 111000000,
    "incomeBeforeTaxRatio": 0.0224287735,
    "incomeTaxExpense": 39000000,
    "netIncome": 72000000,
    "netIncomeRatio": 0.0145483936,
    "eps": 0.13,
    "epsdiluted": 0.13,
    "weightedAverageShsOut": 562500000,
    "weightedAverageShsOutDil": 562500000,
    "link": "https://www.sec.gov/Archives/edgar/data/106535/000010653502000024/0000106535-02-000024-index.htm",
    "finalLink": "https://www.sec.gov/Archives/edgar/data/106535/000010653502000024/f10qjun02.txt"
  },
  {
    "date": "2002-03-31",
    "symbol": "WY",
    "reportedCurrency": "USD",
    "cik": "0000106535",
    "fillingDate": "2002-05-15",
    "acceptedDate": "2002-05-15 13:15:56",
    "calendarYear": "2002",
    "period": "Q1",
    "revenue": 3991000000,
    "costOfRevenue": 3118000000,
    "grossProfit": 873000000,
    "grossProfitRatio": 0.2187421699,
    "researchAndDevelopmentExpenses": 12000000,
    "generalAndAdministrativeExpenses": 0,
    "sellingAndMarketingExpenses": 0,
    "sellingGeneralAndAdministrativeExpenses": 347000000,
    "otherExpenses": 307000000,
    "operatingExpenses": 666000000,
    "costAndExpenses": 3784000000,
    "interestIncome": 0,
    "interestExpense": 0,
    "depreciationAndAmortization": 266000000,
    "ebitda": 475000000,
    "ebitdaratio": 0.11901779,
    "operatingIncome": 207000000,
    "operatingIncomeRatio": 0.0518667001,
    "totalOtherIncomeExpensesNet": -161000000,
    "incomeBeforeTax": 81000000,
    "incomeBeforeTaxRatio": 0.0202956652,
    "incomeTaxExpense": 28000000,
    "netIncome": 30000000,
    "netIncomeRatio": 0.0075169131,
    "eps": 0.016,
    "epsdiluted": 0.016,
    "weightedAverageShsOut": 550460000,
    "weightedAverageShsOutDil": 552775000,
    "link": "https://www.sec.gov/Archives/edgar/data/106535/000010653502000009/0000106535-02-000009-index.htm",
    "finalLink": "https://www.sec.gov/Archives/edgar/data/106535/000010653502000009/f10qmar02.txt"
  },
  {
    "date": "2001-12-30",
    "symbol": "WY",
    "reportedCurrency": "USD",
    "cik": "0000106535",
    "fillingDate": "2002-02-28",
    "acceptedDate": "2002-02-28 00:00:00",
    "calendarYear": "2001",
    "period": "Q4",
    "revenue": 3408000000,
    "costOfRevenue": 2717000000,
    "grossProfit": 691000000,
    "grossProfitRatio": 0.202758216,
    "researchAndDevelopmentExpenses": 17000000,
    "generalAndAdministrativeExpenses": 0,
    "sellingAndMarketingExpenses": 0,
    "sellingGeneralAndAdministrativeExpenses": 273000000,
    "otherExpenses": 219000000,
    "operatingExpenses": 509000000,
    "costAndExpenses": 3226000000,
    "interestIncome": 0,
    "interestExpense": 0,
    "depreciationAndAmortization": 231000000,
    "ebitda": 413000000,
    "ebitdaratio": 0.121185446,
    "operatingIncome": 182000000,
    "operatingIncomeRatio": 0.0534037559,
    "totalOtherIncomeExpensesNet": -206000000,
    "incomeBeforeTax": -24000000,
    "incomeBeforeTaxRatio": -0.0070422535,
    "incomeTaxExpense": -9000000,
    "netIncome": -15000000,
    "netIncomeRatio": -0.0044014085,
    "eps": -0.0272,
    "epsdiluted": -0.0272,
    "weightedAverageShsOut": 551930264,
    "weightedAverageShsOutDil": 551930264,
    "link": "https://www.sec.gov/Archives/edgar/data/106535/000089102002000172/0000891020-02-000172-index.htm",
    "finalLink": "https://www.sec.gov/Archives/edgar/data/106535/000089102002000172/v79391e10-k405.htm"
  },
  {
    "date": "2001-09-30",
    "symbol": "WY",
    "reportedCurrency": "USD",
    "cik": "0000106535",
    "fillingDate": "2001-11-14",
    "acceptedDate": "2001-11-14 00:00:00",
    "calendarYear": "2001",
    "period": "Q3",
    "revenue": 3752000000,
    "costOfRevenue": 2960000000,
    "grossProfit": 792000000,
    "grossProfitRatio": 0.21108742,
    "researchAndDevelopmentExpenses": 11000000,
    "generalAndAdministrativeExpenses": 0,
    "sellingAndMarketingExpenses": 95000000,
    "sellingGeneralAndAdministrativeExpenses": 292000000,
    "otherExpenses": 300000000,
    "operatingExpenses": 603000000,
    "costAndExpenses": 3563000000,
    "interestIncome": 0,
    "interestExpense": 0,
    "depreciationAndAmortization": 227000000,
    "ebitda": 416000000,
    "ebitdaratio": 0.1108742004,
    "operatingIncome": 189000000,
    "operatingIncomeRatio": 0.0503731343,
    "totalOtherIncomeExpensesNet": -67000000,
    "incomeBeforeTax": 122000000,
    "incomeBeforeTaxRatio": 0.0325159915,
    "incomeTaxExpense": 31000000,
    "netIncome": 91000000,
    "netIncomeRatio": 0.0242537313,
    "eps": 0.16,
    "epsdiluted": 0.16,
    "weightedAverageShsOut": 549502500,
    "weightedAverageShsOutDil": 550762500,
    "link": "https://www.sec.gov/Archives/edgar/data/106535/000089102001500307/0000891020-01-500307-index.htm",
    "finalLink": "https://www.sec.gov/Archives/edgar/data/106535/000089102001500307/v76818e10-q.htm"
  },
  {
    "date": "2001-06-30",
    "symbol": "WY",
    "reportedCurrency": "USD",
    "cik": "0000106535",
    "fillingDate": "2001-08-16",
    "acceptedDate": "2001-08-16 00:00:00",
    "calendarYear": "2001",
    "period": "Q2",
    "revenue": 3852000000,
    "costOfRevenue": 2939000000,
    "grossProfit": 913000000,
    "grossProfitRatio": 0.23701973,
    "researchAndDevelopmentExpenses": 14000000,
    "generalAndAdministrativeExpenses": 198000000,
    "sellingAndMarketingExpenses": 110000000,
    "sellingGeneralAndAdministrativeExpenses": 308000000,
    "otherExpenses": 286000000,
    "operatingExpenses": 608000000,
    "costAndExpenses": 3547000000,
    "interestIncome": 0,
    "interestExpense": 0,
    "depreciationAndAmortization": 217000000,
    "ebitda": 526000000,
    "ebitdaratio": 0.1365524403,
    "operatingIncome": 305000000,
    "operatingIncomeRatio": 0.0791796469,
    "totalOtherIncomeExpensesNet": -57000000,
    "incomeBeforeTax": 248000000,
    "incomeBeforeTaxRatio": 0.0643821391,
    "incomeTaxExpense": 77000000,
    "netIncome": 171000000,
    "netIncomeRatio": 0.0443925234,
    "eps": 0.31,
    "epsdiluted": 0.31,
    "weightedAverageShsOut": 548076923,
    "weightedAverageShsOutDil": 548076923,
    "link": "https://www.sec.gov/Archives/edgar/data/106535/000010653501500017/0000106535-01-500017-index.html",
    "finalLink": "https://www.sec.gov/Archives/edgar/data/106535/000010653501500017/f10qjun01.txt"
  },
  {
    "date": "2001-04-17",
    "symbol": "WY",
    "reportedCurrency": "USD",
    "cik": "0000106535",
    "fillingDate": "2001-05-11",
    "acceptedDate": "2001-05-11 00:00:00",
    "calendarYear": "2001",
    "period": "Q1",
    "revenue": 3553000000,
    "costOfRevenue": 2744000000,
    "grossProfit": 809000000,
    "grossProfitRatio": 0.2276949057,
    "researchAndDevelopmentExpenses": 13000000,
    "generalAndAdministrativeExpenses": 184000000,
    "sellingAndMarketingExpenses": 103000000,
    "sellingGeneralAndAdministrativeExpenses": 287000000,
    "otherExpenses": 289000000,
    "operatingExpenses": 589000000,
    "costAndExpenses": 3333000000,
    "interestIncome": 0,
    "interestExpense": 0,
    "depreciationAndAmortization": 208000000,
    "ebitda": 435000000,
    "ebitdaratio": 0.1224317478,
    "operatingIncome": 220000000,
    "operatingIncomeRatio": 0.0619195046,
    "totalOtherIncomeExpensesNet": -50000000,
    "incomeBeforeTax": 170000000,
    "incomeBeforeTaxRatio": 0.04784689,
    "incomeTaxExpense": 63000000,
    "netIncome": 107000000,
    "netIncomeRatio": 0.0301153954,
    "eps": 0.2,
    "epsdiluted": 0.2,
    "weightedAverageShsOut": 548297500,
    "weightedAverageShsOutDil": 548875000,
    "link": "https://www.sec.gov/Archives/edgar/data/106535/000010653501500012/0000106535-01-500012-index.htm",
    "finalLink": "https://www.sec.gov/Archives/edgar/data/106535/000010653501500012/f10qmar.txt"
  },
  {
    "date": "2000-12-31",
    "symbol": "WY",
    "reportedCurrency": "USD",
    "cik": "0000106535",
    "fillingDate": "2001-03-16",
    "acceptedDate": "2001-03-16 00:00:00",
    "calendarYear": "2000",
    "period": "Q4",
    "revenue": 4464000000,
    "costOfRevenue": 3454000000,
    "grossProfit": 1010000000,
    "grossProfitRatio": 0.2262544803,
    "researchAndDevelopmentExpenses": 15000000,
    "generalAndAdministrativeExpenses": 0,
    "sellingAndMarketingExpenses": 0,
    "sellingGeneralAndAdministrativeExpenses": 346000000,
    "otherExpenses": 308000000,
    "operatingExpenses": 669000000,
    "costAndExpenses": 4123000000,
    "interestIncome": 0,
    "interestExpense": 0,
    "depreciationAndAmortization": 262000000,
    "ebitda": 603000000,
    "ebitdaratio": 0.1350806452,
    "operatingIncome": 341000000,
    "operatingIncomeRatio": 0.0763888889,
    "totalOtherIncomeExpensesNet": -35000000,
    "incomeBeforeTax": 306000000,
    "incomeBeforeTaxRatio": 0.0685483871,
    "incomeTaxExpense": 112000000,
    "netIncome": 194000000,
    "netIncomeRatio": 0.0434587814,
    "eps": 0.35,
    "epsdiluted": 0.35,
    "weightedAverageShsOut": 550494516,
    "weightedAverageShsOutDil": 550494516,
    "link": "https://www.sec.gov/Archives/edgar/data/106535/000010653501500006/0000106535-01-500006-index.htm",
    "finalLink": "https://www.sec.gov/Archives/edgar/data/106535/000010653501500006/f10k2000.txt"
  },
  {
    "date": "2000-09-24",
    "symbol": "WY",
    "reportedCurrency": "USD",
    "cik": "0000106535",
    "fillingDate": "2000-11-03",
    "acceptedDate": "2000-11-03 00:00:00",
    "calendarYear": "2000",
    "period": "Q3",
    "revenue": 3934000000,
    "costOfRevenue": 3045000000,
    "grossProfit": 889000000,
    "grossProfitRatio": 0.2259786477,
    "researchAndDevelopmentExpenses": 14000000,
    "generalAndAdministrativeExpenses": 0,
    "sellingAndMarketingExpenses": 0,
    "sellingGeneralAndAdministrativeExpenses": 259000000,
    "otherExpenses": 253000000,
    "operatingExpenses": 526000000,
    "costAndExpenses": 3571000000,
    "interestIncome": 0,
    "interestExpense": 0,
    "depreciationAndAmortization": 195000000,
    "ebitda": 568000000,
    "ebitdaratio": 0.1443823081,
    "operatingIncome": 363000000,
    "operatingIncomeRatio": 0.0922724962,
    "totalOtherIncomeExpensesNet": -50000000,
    "incomeBeforeTax": 313000000,
    "incomeBeforeTaxRatio": 0.079562786,
    "incomeTaxExpense": 114000000,
    "netIncome": 199000000,
    "netIncomeRatio": 0.0505846467,
    "eps": 0.36,
    "epsdiluted": 0.36,
    "weightedAverageShsOut": 551237500,
    "weightedAverageShsOutDil": 551360000,
    "link": "https://www.sec.gov/Archives/edgar/data/106535/000010653500000025/0000106535-00-000025-index.htm",
    "finalLink": "https://www.sec.gov/Archives/edgar/data/106535/000010653500000025/0000106535-00-000025-0001.txt"
  },
  {
    "date": "2000-06-25",
    "symbol": "WY",
    "reportedCurrency": "USD",
    "cik": "0000106535",
    "fillingDate": "2000-08-04",
    "acceptedDate": "2000-08-04 00:00:00",
    "calendarYear": "2000",
    "period": "Q2",
    "revenue": 4187000000,
    "costOfRevenue": 3170000000,
    "grossProfit": 1017000000,
    "grossProfitRatio": 0.242894674,
    "researchAndDevelopmentExpenses": 15000000,
    "generalAndAdministrativeExpenses": 0,
    "sellingAndMarketingExpenses": 0,
    "sellingGeneralAndAdministrativeExpenses": 273000000,
    "otherExpenses": 238000000,
    "operatingExpenses": 526000000,
    "costAndExpenses": 3696000000,
    "interestIncome": 0,
    "interestExpense": 0,
    "depreciationAndAmortization": 195000000,
    "ebitda": 692000000,
    "ebitdaratio": 0.1652734655,
    "operatingIncome": 491000000,
    "operatingIncomeRatio": 0.1172677335,
    "totalOtherIncomeExpensesNet": -174000000,
    "incomeBeforeTax": 317000000,
    "incomeBeforeTaxRatio": 0.0757105326,
    "incomeTaxExpense": 114000000,
    "netIncome": 203000000,
    "netIncomeRatio": 0.048483401,
    "eps": 0.36,
    "epsdiluted": 0.36,
    "weightedAverageShsOut": 570224719,
    "weightedAverageShsOutDil": 570224719,
    "link": "https://www.sec.gov/Archives/edgar/data/106535/000010653500000020/0000106535-00-000020-index.htm",
    "finalLink": "https://www.sec.gov/Archives/edgar/data/106535/000010653500000020/0000106535-00-000020-0001.txt"
  },
  {
    "date": "2000-03-26",
    "symbol": "WY",
    "reportedCurrency": "USD",
    "cik": "0000106535",
    "fillingDate": "2000-05-05",
    "acceptedDate": "2000-05-05 00:00:00",
    "calendarYear": "2000",
    "period": "Q1",
    "revenue": 3925000000,
    "costOfRevenue": 2921000000,
    "grossProfit": 1004000000,
    "grossProfitRatio": 0.2557961783,
    "researchAndDevelopmentExpenses": 12000000,
    "generalAndAdministrativeExpenses": 0,
    "sellingAndMarketingExpenses": 0,
    "sellingGeneralAndAdministrativeExpenses": 280000000,
    "otherExpenses": 279000000,
    "operatingExpenses": 571000000,
    "costAndExpenses": 3492000000,
    "interestIncome": 0,
    "interestExpense": 0,
    "depreciationAndAmortization": 207000000,
    "ebitda": 653000000,
    "ebitdaratio": 0.1663694268,
    "operatingIncome": 433000000,
    "operatingIncomeRatio": 0.1103184713,
    "totalOtherIncomeExpensesNet": -46000000,
    "incomeBeforeTax": 387000000,
    "incomeBeforeTaxRatio": 0.0985987261,
    "incomeTaxExpense": 143000000,
    "netIncome": 244000000,
    "netIncomeRatio": 0.0621656051,
    "eps": 0.42,
    "epsdiluted": 0.42,
    "weightedAverageShsOut": 585532500,
    "weightedAverageShsOutDil": 587335000,
    "link": "https://www.sec.gov/Archives/edgar/data/106535/000010653500000013/0000106535-00-000013-index.html",
    "finalLink": "https://www.sec.gov/Archives/edgar/data/106535/000010653500000013/"
  },
  {
    "date": "1999-12-26",
    "symbol": "WY",
    "reportedCurrency": "USD",
    "cik": "0000106535",
    "fillingDate": "2000-03-10",
    "acceptedDate": "2000-03-10 00:00:00",
    "calendarYear": "1999",
    "period": "Q4",
    "revenue": 3433000000,
    "costOfRevenue": 2643000000,
    "grossProfit": 790000000,
    "grossProfitRatio": 0.2301194291,
    "researchAndDevelopmentExpenses": 17000000,
    "generalAndAdministrativeExpenses": 0,
    "sellingAndMarketingExpenses": 0,
    "sellingGeneralAndAdministrativeExpenses": 256000000,
    "otherExpenses": 212000000,
    "operatingExpenses": 485000000,
    "costAndExpenses": 3128000000,
    "interestIncome": 0,
    "interestExpense": 0,
    "depreciationAndAmortization": 176000000,
    "ebitda": 481000000,
    "ebitdaratio": 0.1401106904,
    "operatingIncome": 305000000,
    "operatingIncomeRatio": 0.088843577,
    "totalOtherIncomeExpensesNet": -32000000,
    "incomeBeforeTax": 273000000,
    "incomeBeforeTaxRatio": 0.0795222837,
    "incomeTaxExpense": 100000000,
    "netIncome": 174000000,
    "netIncomeRatio": 0.0506845325,
    "eps": 0.32,
    "epsdiluted": 0.32,
    "weightedAverageShsOut": 554332386,
    "weightedAverageShsOutDil": 562405303,
    "link": "https://www.sec.gov/Archives/edgar/data/106535/000010653500000007/0000106535-00-000007-index.html",
    "finalLink": "https://www.sec.gov/Archives/edgar/data/106535/000010653500000007/"
  },
  {
    "date": "1999-09-26",
    "symbol": "WY",
    "reportedCurrency": "USD",
    "cik": "0000106535",
    "fillingDate": "1999-11-12",
    "acceptedDate": "1999-11-12 00:00:00",
    "calendarYear": "1999",
    "period": "Q3",
    "revenue": 3120000000,
    "costOfRevenue": 2303000000,
    "grossProfit": 817000000,
    "grossProfitRatio": 0.2618589744,
    "researchAndDevelopmentExpenses": 12000000,
    "generalAndAdministrativeExpenses": 0,
    "sellingAndMarketingExpenses": 0,
    "sellingGeneralAndAdministrativeExpenses": 203000000,
    "otherExpenses": 188000000,
    "operatingExpenses": 403000000,
    "costAndExpenses": 2706000000,
    "interestIncome": 0,
    "interestExpense": 0,
    "depreciationAndAmortization": 154000000,
    "ebitda": 568000000,
    "ebitdaratio": 0.1820512821,
    "operatingIncome": 414000000,
    "operatingIncomeRatio": 0.1326923077,
    "totalOtherIncomeExpensesNet": -41000000,
    "incomeBeforeTax": 373000000,
    "incomeBeforeTaxRatio": 0.1195512821,
    "incomeTaxExpense": 136000000,
    "netIncome": 237000000,
    "netIncomeRatio": 0.0759615385,
    "eps": 0.47,
    "epsdiluted": 0.47,
    "weightedAverageShsOut": 502118644,
    "weightedAverageShsOutDil": 502118644,
    "link": "https://www.sec.gov/Archives/edgar/data/106535/000010653599000043/0000106535-99-000043-index.html",
    "finalLink": "https://www.sec.gov/Archives/edgar/data/106535/000010653599000043/"
  },
  {
    "date": "1999-06-27",
    "symbol": "WY",
    "reportedCurrency": "USD",
    "cik": "0000106535",
    "fillingDate": "1999-08-11",
    "acceptedDate": "1999-08-11 00:00:00",
    "calendarYear": "1999",
    "period": "Q2",
    "revenue": 3044000000,
    "costOfRevenue": 2317000000,
    "grossProfit": 727000000,
    "grossProfitRatio": 0.2388304862,
    "researchAndDevelopmentExpenses": 13000000,
    "generalAndAdministrativeExpenses": 0,
    "sellingAndMarketingExpenses": 0,
    "sellingGeneralAndAdministrativeExpenses": 207000000,
    "otherExpenses": 189000000,
    "operatingExpenses": 409000000,
    "costAndExpenses": 2726000000,
    "interestIncome": 0,
    "interestExpense": 0,
    "depreciationAndAmortization": 154000000,
    "ebitda": 472000000,
    "ebitdaratio": 0.1550591327,
    "operatingIncome": 318000000,
    "operatingIncomeRatio": 0.1044678055,
    "totalOtherIncomeExpensesNet": -60000000,
    "incomeBeforeTax": 258000000,
    "incomeBeforeTaxRatio": 0.0847568988,
    "incomeTaxExpense": 94000000,
    "netIncome": 164000000,
    "netIncomeRatio": 0.0538764783,
    "eps": 0.33,
    "epsdiluted": 0.32,
    "weightedAverageShsOut": 500000000,
    "weightedAverageShsOutDil": 506172840,
    "link": "https://www.sec.gov/Archives/edgar/data/106535/000010653599000021/0000106535-99-000021-index.html",
    "finalLink": "https://www.sec.gov/Archives/edgar/data/106535/000010653599000021/"
  },
  {
    "date": "1999-03-28",
    "symbol": "WY",
    "reportedCurrency": "USD",
    "cik": "0000106535",
    "fillingDate": "1999-05-10",
    "acceptedDate": "1999-05-10 00:00:00",
    "calendarYear": "1999",
    "period": "Q1",
    "revenue": 2665000000,
    "costOfRevenue": 2058000000,
    "grossProfit": 607000000,
    "grossProfitRatio": 0.2277673546,
    "researchAndDevelopmentExpenses": 13000000,
    "generalAndAdministrativeExpenses": 0,
    "sellingAndMarketingExpenses": 0,
    "sellingGeneralAndAdministrativeExpenses": 179000000,
    "otherExpenses": 190000000,
    "operatingExpenses": 382000000,
    "costAndExpenses": 2440000000,
    "interestIncome": 0,
    "interestExpense": 0,
    "depreciationAndAmortization": 156000000,
    "ebitda": 381000000,
    "ebitdaratio": 0.1429643527,
    "operatingIncome": 225000000,
    "operatingIncomeRatio": 0.0844277674,
    "totalOtherIncomeExpensesNet": -159000000,
    "incomeBeforeTax": 66000000,
    "incomeBeforeTaxRatio": 0.0247654784,
    "incomeTaxExpense": 24000000,
    "netIncome": -48000000,
    "netIncomeRatio": -0.018011257,
    "eps": -0.096,
    "epsdiluted": -0.096,
    "weightedAverageShsOut": 500000000,
    "weightedAverageShsOutDil": 500000000,
    "link": "https://www.sec.gov/Archives/edgar/data/106535/000010653599000012/0000106535-99-000012-index.html",
    "finalLink": "https://www.sec.gov/Archives/edgar/data/106535/"
  },
  {
    "date": "1998-12-27",
    "symbol": "WY",
    "reportedCurrency": "USD",
    "cik": "0000106535",
    "fillingDate": "1999-03-12",
    "acceptedDate": "1999-03-12 00:00:00",
    "calendarYear": "1998",
    "period": "Q4",
    "revenue": 2751000000,
    "costOfRevenue": 2168000000,
    "grossProfit": 583000000,
    "grossProfitRatio": 0.2119229371,
    "researchAndDevelopmentExpenses": 16000000,
    "generalAndAdministrativeExpenses": 0,
    "sellingAndMarketingExpenses": 0,
    "sellingGeneralAndAdministrativeExpenses": 163000000,
    "otherExpenses": 209000000,
    "operatingExpenses": 388000000,
    "costAndExpenses": 2556000000,
    "interestIncome": 0,
    "interestExpense": 0,
    "depreciationAndAmortization": 177000000,
    "ebitda": 372000000,
    "ebitdaratio": 0.1352235551,
    "operatingIncome": 195000000,
    "operatingIncomeRatio": 0.0708833152,
    "totalOtherIncomeExpensesNet": -151000000,
    "incomeBeforeTax": 44000000,
    "incomeBeforeTaxRatio": 0.0159941839,
    "incomeTaxExpense": 14000000,
    "netIncome": 30000000,
    "netIncomeRatio": 0.0109051254,
    "eps": 0.06,
    "epsdiluted": 0.06,
    "weightedAverageShsOut": 497764682,
    "weightedAverageShsOutDil": 500000000,
    "link": "https://www.sec.gov/Archives/edgar/data/106535/000010653599000007/0000106535-99-000007-index.html",
    "finalLink": "https://www.sec.gov/Archives/edgar/data/106535/"
  },
  {
    "date": "1998-09-27",
    "symbol": "WY",
    "reportedCurrency": "USD",
    "cik": "0000106535",
    "fillingDate": "1998-11-06",
    "acceptedDate": "1998-11-06 00:00:00",
    "calendarYear": "1998",
    "period": "Q3",
    "revenue": 2736000000,
    "costOfRevenue": 2124000000,
    "grossProfit": 612000000,
    "grossProfitRatio": 0.2236842105,
    "researchAndDevelopmentExpenses": 12000000,
    "generalAndAdministrativeExpenses": 0,
    "sellingAndMarketingExpenses": 0,
    "sellingGeneralAndAdministrativeExpenses": 194000000,
    "otherExpenses": 181000000,
    "operatingExpenses": 387000000,
    "costAndExpenses": 2511000000,
    "interestIncome": 0,
    "interestExpense": 0,
    "depreciationAndAmortization": 146000000,
    "ebitda": 371000000,
    "ebitdaratio": 0.1355994152,
    "operatingIncome": 225000000,
    "operatingIncomeRatio": 0.0822368421,
    "totalOtherIncomeExpensesNet": -50000000,
    "incomeBeforeTax": 175000000,
    "incomeBeforeTaxRatio": 0.0639619883,
    "incomeTaxExpense": 65000000,
    "netIncome": 110000000,
    "netIncomeRatio": 0.0402046784,
    "eps": 0.22,
    "epsdiluted": 0.22,
    "weightedAverageShsOut": 491071429,
    "weightedAverageShsOutDil": 500000000,
    "link": "https://www.sec.gov/Archives/edgar/data/106535/000010653598000020/0000106535-98-000020-index.html",
    "finalLink": "https://www.sec.gov/Archives/edgar/data/106535/"
  },
  {
    "date": "1998-06-28",
    "symbol": "WY",
    "reportedCurrency": "USD",
    "cik": "0000106535",
    "fillingDate": "1998-08-07",
    "acceptedDate": "1998-08-07 00:00:00",
    "calendarYear": "1998",
    "period": "Q2",
    "revenue": 2676000000,
    "costOfRevenue": 2153000000,
    "grossProfit": 523000000,
    "grossProfitRatio": 0.1954409567,
    "researchAndDevelopmentExpenses": 15000000,
    "generalAndAdministrativeExpenses": 0,
    "sellingAndMarketingExpenses": 0,
    "sellingGeneralAndAdministrativeExpenses": 168000000,
    "otherExpenses": 179000000,
    "operatingExpenses": 362000000,
    "costAndExpenses": 2515000000,
    "interestIncome": 0,
    "interestExpense": 0,
    "depreciationAndAmortization": 144000000,
    "ebitda": 305000000,
    "ebitdaratio": 0.1139760837,
    "operatingIncome": 161000000,
    "operatingIncomeRatio": 0.0601644245,
    "totalOtherIncomeExpensesNet": -52000000,
    "incomeBeforeTax": 109000000,
    "incomeBeforeTaxRatio": 0.0407324365,
    "incomeTaxExpense": 40000000,
    "netIncome": 69000000,
    "netIncomeRatio": 0.0257847534,
    "eps": 0.14,
    "epsdiluted": 0.14,
    "weightedAverageShsOut": 507352941,
    "weightedAverageShsOutDil": 507352941,
    "link": "https://www.sec.gov/Archives/edgar/data/106535/000010653598000016/0000106535-98-000016-index.html",
    "finalLink": "https://www.sec.gov/Archives/edgar/data/106535/"
  },
  {
    "date": "1998-03-29",
    "symbol": "WY",
    "reportedCurrency": "USD",
    "cik": "0000106535",
    "fillingDate": "1998-05-12",
    "acceptedDate": "1998-05-12 00:00:00",
    "calendarYear": "1998",
    "period": "Q1",
    "revenue": 2603000000,
    "costOfRevenue": 2039000000,
    "grossProfit": 564000000,
    "grossProfitRatio": 0.2166730695,
    "researchAndDevelopmentExpenses": 14000000,
    "generalAndAdministrativeExpenses": 0,
    "sellingAndMarketingExpenses": 0,
    "sellingGeneralAndAdministrativeExpenses": 177000000,
    "otherExpenses": 185000000,
    "operatingExpenses": 376000000,
    "costAndExpenses": 2415000000,
    "interestIncome": 0,
    "interestExpense": 0,
    "depreciationAndAmortization": 149000000,
    "ebitda": 337000000,
    "ebitdaratio": 0.1294660008,
    "operatingIncome": 188000000,
    "operatingIncomeRatio": 0.0722243565,
    "totalOtherIncomeExpensesNet": -53000000,
    "incomeBeforeTax": 135000000,
    "incomeBeforeTaxRatio": 0.0518632347,
    "incomeTaxExpense": 50000000,
    "netIncome": 85000000,
    "netIncomeRatio": 0.0326546293,
    "eps": 0.17,
    "epsdiluted": 0.17,
    "weightedAverageShsOut": 494186047,
    "weightedAverageShsOutDil": 494186047,
    "link": "https://www.sec.gov/Archives/edgar/data/106535/000010653598000008/0000106535-98-000008-index.html",
    "finalLink": "https://www.sec.gov/Archives/edgar/data/106535/"
  },
  {
    "date": "1997-12-28",
    "symbol": "WY",
    "reportedCurrency": "USD",
    "cik": "0000106535",
    "fillingDate": "1998-03-13",
    "acceptedDate": "1998-03-13 00:00:00",
    "calendarYear": "1997",
    "period": "Q4",
    "revenue": 2870000000,
    "costOfRevenue": 2266000000,
    "grossProfit": 604000000,
    "grossProfitRatio": 0.2104529617,
    "researchAndDevelopmentExpenses": 15000000,
    "generalAndAdministrativeExpenses": 0,
    "sellingAndMarketingExpenses": 0,
    "sellingGeneralAndAdministrativeExpenses": 161000000,
    "otherExpenses": 193000000,
    "operatingExpenses": 369000000,
    "costAndExpenses": 2635000000,
    "interestIncome": 0,
    "interestExpense": 0,
    "depreciationAndAmortization": 158000000,
    "ebitda": 393000000,
    "ebitdaratio": 0.1369337979,
    "operatingIncome": 235000000,
    "operatingIncomeRatio": 0.0818815331,
    "totalOtherIncomeExpensesNet": -81000000,
    "incomeBeforeTax": 154000000,
    "incomeBeforeTaxRatio": 0.0536585366,
    "incomeTaxExpense": 56000000,
    "netIncome": 98000000,
    "netIncomeRatio": 0.0341463415,
    "eps": 0.2,
    "epsdiluted": 0.19,
    "weightedAverageShsOut": 500567215,
    "weightedAverageShsOutDil": 512195122,
    "link": "https://www.sec.gov/Archives/edgar/data/106535/000010653598000004/0000106535-98-000004-index.html",
    "finalLink": "https://www.sec.gov/Archives/edgar/data/106535/"
  },
  {
    "date": "1997-09-28",
    "symbol": "WY",
    "reportedCurrency": "USD",
    "cik": "0000106535",
    "fillingDate": "1997-11-07",
    "acceptedDate": "1997-11-07 00:00:00",
    "calendarYear": "1997",
    "period": "Q3",
    "revenue": 2823000000,
    "costOfRevenue": 2220000000,
    "grossProfit": 603000000,
    "grossProfitRatio": 0.2136025505,
    "researchAndDevelopmentExpenses": 13000000,
    "generalAndAdministrativeExpenses": 0,
    "sellingAndMarketingExpenses": 0,
    "sellingGeneralAndAdministrativeExpenses": 165000000,
    "otherExpenses": 182000000,
    "operatingExpenses": 360000000,
    "costAndExpenses": 2580000000,
    "interestIncome": 0,
    "interestExpense": 0,
    "depreciationAndAmortization": 146000000,
    "ebitda": 389000000,
    "ebitdaratio": 0.1377966702,
    "operatingIncome": 243000000,
    "operatingIncomeRatio": 0.0860786397,
    "totalOtherIncomeExpensesNet": -63000000,
    "incomeBeforeTax": 180000000,
    "incomeBeforeTaxRatio": 0.0637619554,
    "incomeTaxExpense": 66000000,
    "netIncome": 114000000,
    "netIncomeRatio": 0.0403825717,
    "eps": 0.23,
    "epsdiluted": 0.23,
    "weightedAverageShsOut": 500000000,
    "weightedAverageShsOutDil": 500000000,
    "link": "https://www.sec.gov/Archives/edgar/data/106535/000010653597000031/0000106535-97-000031-index.html",
    "finalLink": "https://www.sec.gov/Archives/edgar/data/106535/"
  },
  {
    "date": "1997-06-29",
    "symbol": "WY",
    "reportedCurrency": "USD",
    "cik": "0000106535",
    "fillingDate": "1997-08-11",
    "acceptedDate": "1997-08-11 00:00:00",
    "calendarYear": "1997",
    "period": "Q2",
    "revenue": 2909000000,
    "costOfRevenue": 2248000000,
    "grossProfit": 661000000,
    "grossProfitRatio": 0.2272258508,
    "researchAndDevelopmentExpenses": 15000000,
    "generalAndAdministrativeExpenses": 0,
    "sellingAndMarketingExpenses": 0,
    "sellingGeneralAndAdministrativeExpenses": 220000000,
    "otherExpenses": 199000000,
    "operatingExpenses": 434000000,
    "costAndExpenses": 2682000000,
    "interestIncome": 0,
    "interestExpense": 0,
    "depreciationAndAmortization": 159000000,
    "ebitda": 386000000,
    "ebitdaratio": 0.1326916466,
    "operatingIncome": 227000000,
    "operatingIncomeRatio": 0.0780336886,
    "totalOtherIncomeExpensesNet": -55000000,
    "incomeBeforeTax": 172000000,
    "incomeBeforeTaxRatio": 0.0591268477,
    "incomeTaxExpense": 63000000,
    "netIncome": 109000000,
    "netIncomeRatio": 0.0374699209,
    "eps": 0.22,
    "epsdiluted": 0.22,
    "weightedAverageShsOut": 486607143,
    "weightedAverageShsOutDil": 495454545,
    "link": "https://www.sec.gov/Archives/edgar/data/106535/000010653597000025/0000106535-97-000025-index.html",
    "finalLink": "https://www.sec.gov/Archives/edgar/data/106535/"
  },
  {
    "date": "1997-03-30",
    "symbol": "WY",
    "reportedCurrency": "USD",
    "cik": "0000106535",
    "fillingDate": "1997-05-09",
    "acceptedDate": "1997-05-09 00:00:00",
    "calendarYear": "1997",
    "period": "Q1",
    "revenue": 2608000000,
    "costOfRevenue": 2041000000,
    "grossProfit": 567000000,
    "grossProfitRatio": 0.2174079755,
    "researchAndDevelopmentExpenses": 13000000,
    "generalAndAdministrativeExpenses": 0,
    "sellingAndMarketingExpenses": 0,
    "sellingGeneralAndAdministrativeExpenses": 197000000,
    "otherExpenses": 204000000,
    "operatingExpenses": 414000000,
    "costAndExpenses": 2455000000,
    "interestIncome": 0,
    "interestExpense": 0,
    "depreciationAndAmortization": 165000000,
    "ebitda": 318000000,
    "ebitdaratio": 0.1219325153,
    "operatingIncome": 153000000,
    "operatingIncomeRatio": 0.0586656442,
    "totalOtherIncomeExpensesNet": -120000000,
    "incomeBeforeTax": 33000000,
    "incomeBeforeTaxRatio": 0.0126533742,
    "incomeTaxExpense": 12000000,
    "netIncome": 21000000,
    "netIncomeRatio": 0.0080521472,
    "eps": 0.04,
    "epsdiluted": 0.04,
    "weightedAverageShsOut": 525000000,
    "weightedAverageShsOutDil": 525000000,
    "link": "https://www.sec.gov/Archives/edgar/data/106535/000010653597000011/0000106535-97-000011-index.html",
    "finalLink": "https://www.sec.gov/Archives/edgar/data/106535/"
  },
  {
    "date": "1996-12-29",
    "symbol": "WY",
    "reportedCurrency": "USD",
    "cik": "0000106535",
    "fillingDate": "1997-03-14",
    "acceptedDate": "1997-03-14 00:00:00",
    "calendarYear": "1996",
    "period": "Q4",
    "revenue": 2771000000,
    "costOfRevenue": 2082000000,
    "grossProfit": 689000000,
    "grossProfitRatio": 0.2486466979,
    "researchAndDevelopmentExpenses": 0,
    "generalAndAdministrativeExpenses": 0,
    "sellingAndMarketingExpenses": 0,
    "sellingGeneralAndAdministrativeExpenses": 247000000,
    "otherExpenses": 210000000,
    "operatingExpenses": 457000000,
    "costAndExpenses": 2539000000,
    "interestIncome": 0,
    "interestExpense": 0,
    "depreciationAndAmortization": 168000000,
    "ebitda": 400000000,
    "ebitdaratio": 0.1443522194,
    "operatingIncome": 232000000,
    "operatingIncomeRatio": 0.0837242873,
    "totalOtherIncomeExpensesNet": -81900000,
    "incomeBeforeTax": 150100000,
    "incomeBeforeTaxRatio": 0.0541681703,
    "incomeTaxExpense": 52000000,
    "netIncome": 98100000,
    "netIncomeRatio": 0.0354023818,
    "eps": 0.2,
    "epsdiluted": 0.2,
    "weightedAverageShsOut": 491268348,
    "weightedAverageShsOutDil": 491632660,
    "link": "https://www.sec.gov/Archives/edgar/data/106535/000010653597000007/0000106535-97-000007-index.html",
    "finalLink": "https://www.sec.gov/Archives/edgar/data/106535/"
  },
  {
    "date": "1996-09-29",
    "symbol": "WY",
    "reportedCurrency": "USD",
    "cik": "0000106535",
    "fillingDate": "1996-11-04",
    "acceptedDate": "1996-11-04 00:00:00",
    "calendarYear": "1996",
    "period": "Q3",
    "revenue": 2852000000,
    "costOfRevenue": 2143000000,
    "grossProfit": 709000000,
    "grossProfitRatio": 0.2485974755,
    "researchAndDevelopmentExpenses": 0,
    "generalAndAdministrativeExpenses": 0,
    "sellingAndMarketingExpenses": 0,
    "sellingGeneralAndAdministrativeExpenses": 232000000,
    "otherExpenses": 191000000,
    "operatingExpenses": 423000000,
    "costAndExpenses": 2566000000,
    "interestIncome": 0,
    "interestExpense": 0,
    "depreciationAndAmortization": 152000000,
    "ebitda": 438000000,
    "ebitdaratio": 0.1535764376,
    "operatingIncome": 286000000,
    "operatingIncomeRatio": 0.1002805049,
    "totalOtherIncomeExpensesNet": -99000000,
    "incomeBeforeTax": 187000000,
    "incomeBeforeTaxRatio": 0.0655680224,
    "incomeTaxExpense": 67000000,
    "netIncome": 120000000,
    "netIncomeRatio": 0.0420757363,
    "eps": 0.24,
    "epsdiluted": 0.24,
    "weightedAverageShsOut": 500000000,
    "weightedAverageShsOutDil": 500000000,
    "link": "https://www.sec.gov/Archives/edgar/data/106535/000010653596000039/0000106535-96-000039-index.html",
    "finalLink": "https://www.sec.gov/Archives/edgar/data/106535/"
  },
  {
    "date": "1996-06-30",
    "symbol": "WY",
    "reportedCurrency": "USD",
    "cik": "0000106535",
    "fillingDate": "1996-08-09",
    "acceptedDate": "1996-08-09 00:00:00",
    "calendarYear": "1996",
    "period": "Q2",
    "revenue": 2886000000,
    "costOfRevenue": 2208000000,
    "grossProfit": 678000000,
    "grossProfitRatio": 0.2349272349,
    "researchAndDevelopmentExpenses": 0,
    "generalAndAdministrativeExpenses": 0,
    "sellingAndMarketingExpenses": 0,
    "sellingGeneralAndAdministrativeExpenses": 224000000,
    "otherExpenses": 192000000,
    "operatingExpenses": 416000000,
    "costAndExpenses": 2624000000,
    "interestIncome": 0,
    "interestExpense": 0,
    "depreciationAndAmortization": 150000000,
    "ebitda": 412000000,
    "ebitdaratio": 0.1427581428,
    "operatingIncome": 262000000,
    "operatingIncomeRatio": 0.0907830908,
    "totalOtherIncomeExpensesNet": -101000000,
    "incomeBeforeTax": 161000000,
    "incomeBeforeTaxRatio": 0.0557865558,
    "incomeTaxExpense": 58000000,
    "netIncome": 103000000,
    "netIncomeRatio": 0.0356895357,
    "eps": 0.21,
    "epsdiluted": 0.21,
    "weightedAverageShsOut": 495192308,
    "weightedAverageShsOutDil": 495192308,
    "link": "https://www.sec.gov/Archives/edgar/data/106535/000010653596000018/0000106535-96-000018-index.html",
    "finalLink": "https://www.sec.gov/Archives/edgar/data/106535/"
  },
  {
    "date": "1996-03-31",
    "symbol": "WY",
    "reportedCurrency": "USD",
    "cik": "0000106535",
    "fillingDate": "1996-05-10",
    "acceptedDate": "1996-05-10 00:00:00",
    "calendarYear": "1996",
    "period": "Q1",
    "revenue": 2605000000,
    "costOfRevenue": 1903000000,
    "grossProfit": 702000000,
    "grossProfitRatio": 0.2694817658,
    "researchAndDevelopmentExpenses": 0,
    "generalAndAdministrativeExpenses": 0,
    "sellingAndMarketingExpenses": 0,
    "sellingGeneralAndAdministrativeExpenses": 229000000,
    "otherExpenses": 186000000,
    "operatingExpenses": 415000000,
    "costAndExpenses": 2318000000,
    "interestIncome": 0,
    "interestExpense": 0,
    "depreciationAndAmortization": 147000000,
    "ebitda": 434000000,
    "ebitdaratio": 0.1666026871,
    "operatingIncome": 287000000,
    "operatingIncomeRatio": 0.1101727447,
    "totalOtherIncomeExpensesNet": -65000000,
    "incomeBeforeTax": 222000000,
    "incomeBeforeTaxRatio": 0.0852207294,
    "incomeTaxExpense": 80000000,
    "netIncome": 142000000,
    "netIncomeRatio": 0.0545105566,
    "eps": 0.29,
    "epsdiluted": 0.28,
    "weightedAverageShsOut": 493055556,
    "weightedAverageShsOutDil": 500000000,
    "link": "https://www.sec.gov/Archives/edgar/data/106535/000010653596000012/0000106535-96-000012-index.html",
    "finalLink": "https://www.sec.gov/Archives/edgar/data/106535/"
  },
  {
    "date": "1995-12-31",
    "symbol": "WY",
    "reportedCurrency": "USD",
    "cik": "0000106535",
    "fillingDate": "1996-03-15",
    "acceptedDate": "1996-03-15 00:00:00",
    "calendarYear": "1995",
    "period": "Q4",
    "revenue": 2857000000,
    "costOfRevenue": 1900000000,
    "grossProfit": 957000000,
    "grossProfitRatio": 0.3349667483,
    "researchAndDevelopmentExpenses": 0,
    "generalAndAdministrativeExpenses": 0,
    "sellingAndMarketingExpenses": 0,
    "sellingGeneralAndAdministrativeExpenses": 245000000,
    "otherExpenses": 244000000,
    "operatingExpenses": 489000000,
    "costAndExpenses": 2389000000,
    "interestIncome": 0,
    "interestExpense": 0,
    "depreciationAndAmortization": 200000000,
    "ebitda": 668000000,
    "ebitdaratio": 0.2338116906,
    "operatingIncome": 468000000,
    "operatingIncomeRatio": 0.1638081904,
    "totalOtherIncomeExpensesNet": -87100000,
    "incomeBeforeTax": 380900000,
    "incomeBeforeTaxRatio": 0.1333216661,
    "incomeTaxExpense": 130000000,
    "netIncome": 250900000,
    "netIncomeRatio": 0.087819391,
    "eps": 0.5,
    "epsdiluted": 0.5,
    "weightedAverageShsOut": 499216940,
    "weightedAverageShsOutDil": 511287313,
    "link": "https://www.sec.gov/Archives/edgar/data/106535/000010653596000008/0000106535-96-000008-index.html",
    "finalLink": "https://www.sec.gov/Archives/edgar/data/106535/"
  },
  {
    "date": "1995-09-24",
    "symbol": "WY",
    "reportedCurrency": "USD",
    "cik": "0000106535",
    "fillingDate": "1995-11-03",
    "acceptedDate": "1995-11-03 00:00:00",
    "calendarYear": "1995",
    "period": "Q3",
    "revenue": 3112000000,
    "costOfRevenue": 2170000000,
    "grossProfit": 942000000,
    "grossProfitRatio": 0.3026992288,
    "researchAndDevelopmentExpenses": 0,
    "generalAndAdministrativeExpenses": 0,
    "sellingAndMarketingExpenses": 0,
    "sellingGeneralAndAdministrativeExpenses": 242000000,
    "otherExpenses": 166000000,
    "operatingExpenses": 408000000,
    "costAndExpenses": 2578000000,
    "interestIncome": 0,
    "interestExpense": 0,
    "depreciationAndAmortization": 135000000,
    "ebitda": 669000000,
    "ebitdaratio": 0.2149742931,
    "operatingIncome": 534000000,
    "operatingIncomeRatio": 0.1715938303,
    "totalOtherIncomeExpensesNet": -385000000,
    "incomeBeforeTax": 149000000,
    "incomeBeforeTaxRatio": 0.0478791774,
    "incomeTaxExpense": 54000000,
    "netIncome": 95000000,
    "netIncomeRatio": 0.0305269923,
    "eps": 0.19,
    "epsdiluted": 0.19,
    "weightedAverageShsOut": 505319149,
    "weightedAverageShsOutDil": 505319149,
    "link": "https://www.sec.gov/Archives/edgar/data/106535/000010653595000025/0000106535-95-000025-index.html",
    "finalLink": "https://www.sec.gov/Archives/edgar/data/106535/"
  }
]