[
  {
    "date": "2025-06-30",
    "symbol": "WYNN",
    "reportedCurrency": "USD",
    "cik": "0001174922",
    "fillingDate": "2025-08-07",
    "acceptedDate": "2025-08-07 17:03:12",
    "calendarYear": "2025",
    "period": "Q2",
    "revenue": 1737797000,
    "costOfRevenue": 1011591000,
    "grossProfit": 726206000,
    "grossProfitRatio": 0.4178888558,
    "researchAndDevelopmentExpenses": 0,
    "generalAndAdministrativeExpenses": 280815000,
    "sellingAndMarketingExpenses": 0,
    "sellingGeneralAndAdministrativeExpenses": 280815000,
    "otherExpenses": 180791000,
    "operatingExpenses": 461606000,
    "costAndExpenses": 1473197000,
    "interestIncome": 15859000,
    "interestExpense": 154551000,
    "depreciationAndAmortization": 152907000,
    "ebitda": 395007000,
    "ebitdaratio": 0.2273033041,
    "operatingIncome": 264600000,
    "operatingIncomeRatio": 0.1522617429,
    "totalOtherIncomeExpensesNet": -177051000,
    "incomeBeforeTax": 87549000,
    "incomeBeforeTaxRatio": 0.0503793021,
    "incomeTaxExpense": 10588000,
    "netIncome": 66218000,
    "netIncomeRatio": 0.0381045657,
    "eps": 0.64,
    "epsdiluted": 0.64,
    "weightedAverageShsOut": 103491000,
    "weightedAverageShsOutDil": 103780000,
    "link": "https://www.sec.gov/Archives/edgar/data/1174922/000117492225000113/0001174922-25-000113-index.htm",
    "finalLink": "https://www.sec.gov/Archives/edgar/data/1174922/000117492225000113/wynn-20250630.htm"
  },
  {
    "date": "2025-03-31",
    "symbol": "WYNN",
    "reportedCurrency": "USD",
    "cik": "0001174922",
    "fillingDate": "2025-05-06",
    "acceptedDate": "2025-05-06 17:00:26",
    "calendarYear": "2025",
    "period": "Q1",
    "revenue": 1700397000,
    "costOfRevenue": 981783000,
    "grossProfit": 718614000,
    "grossProfitRatio": 0.4226154245,
    "researchAndDevelopmentExpenses": 0,
    "generalAndAdministrativeExpenses": 275689000,
    "sellingAndMarketingExpenses": 0,
    "sellingGeneralAndAdministrativeExpenses": 275689000,
    "otherExpenses": 174336000,
    "operatingExpenses": 450025000,
    "costAndExpenses": 1431808000,
    "interestIncome": 19359000,
    "interestExpense": 157608000,
    "depreciationAndAmortization": 155421000,
    "ebitda": 405456000,
    "ebitdaratio": 0.2384478448,
    "operatingIncome": 268589000,
    "operatingIncomeRatio": 0.1579566419,
    "totalOtherIncomeExpensesNet": -176162000,
    "incomeBeforeTax": 92427000,
    "incomeBeforeTaxRatio": 0.0543561298,
    "incomeTaxExpense": 11022000,
    "netIncome": 72747000,
    "netIncomeRatio": 0.042782362,
    "eps": 0.69,
    "epsdiluted": 0.69,
    "weightedAverageShsOut": 105492000,
    "weightedAverageShsOutDil": 105730000,
    "link": "https://www.sec.gov/Archives/edgar/data/1174922/000117492225000084/0001174922-25-000084-index.htm",
    "finalLink": "https://www.sec.gov/Archives/edgar/data/1174922/000117492225000084/wynn-20250331.htm"
  },
  {
    "date": "2024-12-31",
    "symbol": "WYNN",
    "reportedCurrency": "USD",
    "cik": "0001174922",
    "fillingDate": "2025-02-13",
    "acceptedDate": "2025-02-13 17:00:42",
    "calendarYear": "2024",
    "period": "Q4",
    "revenue": 1838797000,
    "costOfRevenue": 1035519000,
    "grossProfit": 803278000,
    "grossProfitRatio": 0.4368497447,
    "researchAndDevelopmentExpenses": 0,
    "generalAndAdministrativeExpenses": 272303000,
    "sellingAndMarketingExpenses": 0,
    "sellingGeneralAndAdministrativeExpenses": 272303000,
    "otherExpenses": 164080000,
    "operatingExpenses": 436383000,
    "costAndExpenses": 1471902000,
    "interestIncome": 24557000,
    "interestExpense": 163488000,
    "depreciationAndAmortization": 151284000,
    "ebitda": 595738000,
    "ebitdaratio": 0.3239824733,
    "operatingIncome": 366895000,
    "operatingIncomeRatio": 0.19952991,
    "totalOtherIncomeExpensesNet": -85929000,
    "incomeBeforeTax": 280966000,
    "incomeBeforeTaxRatio": 0.1527988136,
    "incomeTaxExpense": -41394000,
    "netIncome": 276972000,
    "netIncomeRatio": 0.1506267413,
    "eps": 2.56,
    "epsdiluted": 2.36,
    "weightedAverageShsOut": 108199000,
    "weightedAverageShsOutDil": 110267000,
    "link": "https://www.sec.gov/Archives/edgar/data/1174922/000117492225000039/0001174922-25-000039-index.htm",
    "finalLink": "https://www.sec.gov/Archives/edgar/data/1174922/000117492225000039/wynn-20241231.htm"
  },
  {
    "date": "2024-09-30",
    "symbol": "WYNN",
    "reportedCurrency": "USD",
    "cik": "0001174922",
    "fillingDate": "2024-11-04",
    "acceptedDate": "2024-11-04 17:00:42",
    "calendarYear": "2024",
    "period": "Q3",
    "revenue": 1693323000,
    "costOfRevenue": 977216000,
    "grossProfit": 716107000,
    "grossProfitRatio": 0.4229004153,
    "researchAndDevelopmentExpenses": 0,
    "generalAndAdministrativeExpenses": 271829000,
    "sellingAndMarketingExpenses": 0,
    "sellingGeneralAndAdministrativeExpenses": 271829000,
    "otherExpenses": 311041000,
    "operatingExpenses": 582870000,
    "costAndExpenses": 1560086000,
    "interestIncome": 30729000,
    "interestExpense": 167922000,
    "depreciationAndAmortization": 156273000,
    "ebitda": 335907000,
    "ebitdaratio": 0.1983714861,
    "operatingIncome": 133237000,
    "operatingIncomeRatio": 0.0786837479,
    "totalOtherIncomeExpensesNet": -121525000,
    "incomeBeforeTax": 11712000,
    "incomeBeforeTaxRatio": 0.0069165776,
    "incomeTaxExpense": 17127000,
    "netIncome": -32053000,
    "netIncomeRatio": -0.0189290525,
    "eps": -0.29,
    "epsdiluted": -0.29,
    "weightedAverageShsOut": 109727000,
    "weightedAverageShsOutDil": 109727000,
    "link": "https://www.sec.gov/Archives/edgar/data/1174922/000117492224000160/0001174922-24-000160-index.htm",
    "finalLink": "https://www.sec.gov/Archives/edgar/data/1174922/000117492224000160/wynn-20240930.htm"
  },
  {
    "date": "2024-06-30",
    "symbol": "WYNN",
    "reportedCurrency": "USD",
    "cik": "0001174922",
    "fillingDate": "2024-08-06",
    "acceptedDate": "2024-08-06 16:51:29",
    "calendarYear": "2024",
    "period": "Q2",
    "revenue": 1732932000,
    "costOfRevenue": 1155745000,
    "grossProfit": 577187000,
    "grossProfitRatio": 0.3330696184,
    "researchAndDevelopmentExpenses": 0,
    "generalAndAdministrativeExpenses": 264727000,
    "sellingAndMarketingExpenses": 2429000,
    "sellingGeneralAndAdministrativeExpenses": 267156000,
    "otherExpenses": 38815000,
    "operatingExpenses": 305971000,
    "costAndExpenses": 1461716000,
    "interestIncome": 34884000,
    "interestExpense": 174596000,
    "depreciationAndAmortization": 176405000,
    "ebitda": 446063000,
    "ebitdaratio": 0.2574036373,
    "operatingIncome": 269658000,
    "operatingIncomeRatio": 0.1556079523,
    "totalOtherIncomeExpensesNet": -115450000,
    "incomeBeforeTax": 154208000,
    "incomeBeforeTaxRatio": 0.0889867577,
    "incomeTaxExpense": 7935000,
    "netIncome": 111943000,
    "netIncomeRatio": 0.0645974568,
    "eps": 1.01,
    "epsdiluted": 0.91,
    "weightedAverageShsOut": 110937000,
    "weightedAverageShsOutDil": 111175000,
    "link": "https://www.sec.gov/Archives/edgar/data/1174922/000117492224000094/0001174922-24-000094-index.htm",
    "finalLink": "https://www.sec.gov/Archives/edgar/data/1174922/000117492224000094/wynn-20240630.htm"
  },
  {
    "date": "2024-03-31",
    "symbol": "WYNN",
    "reportedCurrency": "USD",
    "cik": "0001174922",
    "fillingDate": "2024-05-07",
    "acceptedDate": "2024-05-07 17:16:45",
    "calendarYear": "2024",
    "period": "Q1",
    "revenue": 1862909000,
    "costOfRevenue": 1034349000,
    "grossProfit": 828560000,
    "grossProfitRatio": 0.4447667599,
    "researchAndDevelopmentExpenses": 0,
    "generalAndAdministrativeExpenses": 271616000,
    "sellingAndMarketingExpenses": 0,
    "sellingGeneralAndAdministrativeExpenses": 271616000,
    "otherExpenses": 191968000,
    "operatingExpenses": 463584000,
    "costAndExpenses": 1497933000,
    "interestIncome": 40172000,
    "interestExpense": 182404000,
    "depreciationAndAmortization": 174933000,
    "ebitda": 554374000,
    "ebitdaratio": 0.2975851209,
    "operatingIncome": 362941000,
    "operatingIncomeRatio": 0.194824868,
    "totalOtherIncomeExpensesNet": -166429000,
    "incomeBeforeTax": 196512000,
    "incomeBeforeTaxRatio": 0.1054866341,
    "incomeTaxExpense": 20014000,
    "netIncome": 144216000,
    "netIncomeRatio": 0.0774144094,
    "eps": 1.3,
    "epsdiluted": 1.3,
    "weightedAverageShsOut": 111023000,
    "weightedAverageShsOutDil": 111333000,
    "link": "https://www.sec.gov/Archives/edgar/data/1174922/000117492224000082/0001174922-24-000082-index.htm",
    "finalLink": "https://www.sec.gov/Archives/edgar/data/1174922/000117492224000082/wynn-20240331.htm"
  },
  {
    "date": "2023-12-31",
    "symbol": "WYNN",
    "reportedCurrency": "USD",
    "cik": "0001174922",
    "fillingDate": "2024-02-23",
    "acceptedDate": "2024-02-23 17:08:56",
    "calendarYear": "2023",
    "period": "Q4",
    "revenue": 1840460000,
    "costOfRevenue": 1199643000,
    "grossProfit": 640817000,
    "grossProfitRatio": 0.3481830629,
    "researchAndDevelopmentExpenses": 0,
    "generalAndAdministrativeExpenses": 279484000,
    "sellingAndMarketingExpenses": 0,
    "sellingGeneralAndAdministrativeExpenses": 279484000,
    "otherExpenses": 962000,
    "operatingExpenses": 280446000,
    "costAndExpenses": 1480089000,
    "interestIncome": 44931000,
    "interestExpense": 184955000,
    "depreciationAndAmortization": 176527000,
    "ebitda": 635851000,
    "ebitdaratio": 0.3454848244,
    "operatingIncome": 357725000,
    "operatingIncomeRatio": 0.1943671691,
    "totalOtherIncomeExpensesNet": -83356000,
    "incomeBeforeTax": 274369000,
    "incomeBeforeTaxRatio": 0.1490763179,
    "incomeTaxExpense": -499408000,
    "netIncome": 729156000,
    "netIncomeRatio": 0.3961813894,
    "eps": 6.53,
    "epsdiluted": 6.36,
    "weightedAverageShsOut": 111661000,
    "weightedAverageShsOutDil": 112033000,
    "link": "https://www.sec.gov/Archives/edgar/data/1174922/000117492224000046/0001174922-24-000046-index.htm",
    "finalLink": "https://www.sec.gov/Archives/edgar/data/1174922/000117492224000046/wynn-20231231.htm"
  },
  {
    "date": "2023-09-30",
    "symbol": "WYNN",
    "reportedCurrency": "USD",
    "cik": "0001174922",
    "fillingDate": "2023-11-09",
    "acceptedDate": "2023-11-09 17:04:12",
    "calendarYear": "2023",
    "period": "Q3",
    "revenue": 1671936000,
    "costOfRevenue": 1073200000,
    "grossProfit": 598736000,
    "grossProfitRatio": 0.3581094013,
    "researchAndDevelopmentExpenses": 0,
    "generalAndAdministrativeExpenses": 268445000,
    "sellingAndMarketingExpenses": 0,
    "sellingGeneralAndAdministrativeExpenses": 268445000,
    "otherExpenses": 796984000,
    "operatingExpenses": 1065429000,
    "costAndExpenses": 1609341000,
    "interestIncome": 46534000,
    "interestExpense": 188571000,
    "depreciationAndAmortization": 171969000,
    "ebitda": 237250000,
    "ebitdaratio": 0.1419013646,
    "operatingIncome": 62595000,
    "operatingIncomeRatio": 0.037438634,
    "totalOtherIncomeExpensesNet": -185885000,
    "incomeBeforeTax": -123290000,
    "incomeBeforeTaxRatio": -0.0737408609,
    "incomeTaxExpense": -2749000,
    "netIncome": -116678000,
    "netIncomeRatio": -0.0697861641,
    "eps": -1.03,
    "epsdiluted": -1.03,
    "weightedAverageShsOut": 112797000,
    "weightedAverageShsOutDil": 112797000,
    "link": "https://www.sec.gov/Archives/edgar/data/1174922/000117492223000160/0001174922-23-000160-index.htm",
    "finalLink": "https://www.sec.gov/Archives/edgar/data/1174922/000117492223000160/wynn-20230930.htm"
  },
  {
    "date": "2023-06-30",
    "symbol": "WYNN",
    "reportedCurrency": "USD",
    "cik": "0001174922",
    "fillingDate": "2023-08-09",
    "acceptedDate": "2023-08-09 17:07:35",
    "calendarYear": "2023",
    "period": "Q2",
    "revenue": 1595822000,
    "costOfRevenue": 923366000,
    "grossProfit": 672456000,
    "grossProfitRatio": 0.4213853425,
    "researchAndDevelopmentExpenses": 0,
    "generalAndAdministrativeExpenses": 257321000,
    "sellingAndMarketingExpenses": 0,
    "sellingGeneralAndAdministrativeExpenses": 257321000,
    "otherExpenses": 6959000,
    "operatingExpenses": 422120000,
    "costAndExpenses": 1345486000,
    "interestIncome": 44127000,
    "interestExpense": 190243000,
    "depreciationAndAmortization": 169962000,
    "ebitda": 434498000,
    "ebitdaratio": 0.2722722208,
    "operatingIncome": 250336000,
    "operatingIncomeRatio": 0.1568696258,
    "totalOtherIncomeExpensesNet": -118196000,
    "incomeBeforeTax": 132140000,
    "incomeBeforeTaxRatio": 0.0828037212,
    "incomeTaxExpense": 4305000,
    "netIncome": 105184000,
    "netIncomeRatio": 0.065912113,
    "eps": 0.93,
    "epsdiluted": 0.84,
    "weightedAverageShsOut": 112889000,
    "weightedAverageShsOutDil": 113198000,
    "link": "https://www.sec.gov/Archives/edgar/data/1174922/000117492223000135/0001174922-23-000135-index.htm",
    "finalLink": "https://www.sec.gov/Archives/edgar/data/1174922/000117492223000135/wynn-20230630.htm"
  },
  {
    "date": "2023-03-31",
    "symbol": "WYNN",
    "reportedCurrency": "USD",
    "cik": "0001174922",
    "fillingDate": "2023-05-09",
    "acceptedDate": "2023-05-09 17:08:48",
    "calendarYear": "2023",
    "period": "Q1",
    "revenue": 1423679000,
    "costOfRevenue": 819188000,
    "grossProfit": 604491000,
    "grossProfitRatio": 0.4245978202,
    "researchAndDevelopmentExpenses": 0,
    "generalAndAdministrativeExpenses": 259772000,
    "sellingAndMarketingExpenses": 0,
    "sellingGeneralAndAdministrativeExpenses": 259772000,
    "otherExpenses": 172746000,
    "operatingExpenses": 432518000,
    "costAndExpenses": 1251706000,
    "interestIncome": 40193000,
    "interestExpense": 187740000,
    "depreciationAndAmortization": 168812000,
    "ebitda": 340527000,
    "ebitdaratio": 0.2391880473,
    "operatingIncome": 169515000,
    "operatingIncomeRatio": 0.1190682731,
    "totalOtherIncomeExpensesNet": -167351000,
    "incomeBeforeTax": 2164000,
    "incomeBeforeTaxRatio": 0.0015200056,
    "incomeTaxExpense": 1018000,
    "netIncome": 12332000,
    "netIncomeRatio": 0.008662065,
    "eps": 0.11,
    "epsdiluted": -0.0198,
    "weightedAverageShsOut": 112753000,
    "weightedAverageShsOutDil": 113116000,
    "link": "https://www.sec.gov/Archives/edgar/data/1174922/000117492223000105/0001174922-23-000105-index.htm",
    "finalLink": "https://www.sec.gov/Archives/edgar/data/1174922/000117492223000105/wynn-20230331.htm"
  },
  {
    "date": "2022-12-31",
    "symbol": "WYNN",
    "reportedCurrency": "USD",
    "cik": "0001174922",
    "fillingDate": "2023-02-27",
    "acceptedDate": "2023-02-27 16:55:16",
    "calendarYear": "2022",
    "period": "Q4",
    "revenue": 1004937000,
    "costOfRevenue": 672126000,
    "grossProfit": 332811000,
    "grossProfitRatio": 0.3311759842,
    "researchAndDevelopmentExpenses": 0,
    "generalAndAdministrativeExpenses": 232017000,
    "sellingAndMarketingExpenses": 0,
    "sellingGeneralAndAdministrativeExpenses": 232017000,
    "otherExpenses": 183575000,
    "operatingExpenses": 415592000,
    "costAndExpenses": 1087718000,
    "interestIncome": 18895000,
    "interestExpense": 178620000,
    "depreciationAndAmortization": 172292000,
    "ebitda": 323451000,
    "ebitdaratio": 0.3218619675,
    "operatingIncome": -31985000,
    "operatingIncomeRatio": -0.0318278658,
    "totalOtherIncomeExpensesNet": -126669000,
    "incomeBeforeTax": -27461000,
    "incomeBeforeTaxRatio": -0.0273260911,
    "incomeTaxExpense": 6084000,
    "netIncome": 32411000,
    "netIncomeRatio": 0.032251773,
    "eps": 0.29,
    "epsdiluted": 0.29,
    "weightedAverageShsOut": 112321000,
    "weightedAverageShsOutDil": 112795000,
    "link": "https://www.sec.gov/Archives/edgar/data/1174922/000117492223000048/0001174922-23-000048-index.htm",
    "finalLink": "https://www.sec.gov/Archives/edgar/data/1174922/000117492223000048/wynn-20221231.htm"
  },
  {
    "date": "2022-09-30",
    "symbol": "WYNN",
    "reportedCurrency": "USD",
    "cik": "0001174922",
    "fillingDate": "2022-11-09",
    "acceptedDate": "2022-11-09 16:46:03",
    "calendarYear": "2022",
    "period": "Q3",
    "revenue": 889722000,
    "costOfRevenue": 565942000,
    "grossProfit": 323780000,
    "grossProfitRatio": 0.363911424,
    "researchAndDevelopmentExpenses": 0,
    "generalAndAdministrativeExpenses": 201275000,
    "sellingAndMarketingExpenses": 0,
    "sellingGeneralAndAdministrativeExpenses": 201275000,
    "otherExpenses": 170763000,
    "operatingExpenses": 372038000,
    "costAndExpenses": 937980000,
    "interestIncome": 6892000,
    "interestExpense": 165277000,
    "depreciationAndAmortization": 172502000,
    "ebitda": 131378000,
    "ebitdaratio": 0.1476618539,
    "operatingIncome": -46963000,
    "operatingIncomeRatio": -0.0527839033,
    "totalOtherIncomeExpensesNet": -153410000,
    "incomeBeforeTax": -206401000,
    "incomeBeforeTaxRatio": -0.2319836983,
    "incomeTaxExpense": 1390000,
    "netIncome": -207791000,
    "netIncomeRatio": -0.233545984,
    "eps": -1.85,
    "epsdiluted": -1.84,
    "weightedAverageShsOut": 112513385,
    "weightedAverageShsOutDil": 112709000,
    "link": "https://www.sec.gov/Archives/edgar/data/1174922/000117492222000149/0001174922-22-000149-index.htm",
    "finalLink": "https://www.sec.gov/Archives/edgar/data/1174922/000117492222000149/wynn-20220930.htm"
  },
  {
    "date": "2022-06-30",
    "symbol": "WYNN",
    "reportedCurrency": "USD",
    "cik": "0001174922",
    "fillingDate": "2022-08-09",
    "acceptedDate": "2022-08-09 17:04:10",
    "calendarYear": "2022",
    "period": "Q2",
    "revenue": 908832000,
    "costOfRevenue": 569590000,
    "grossProfit": 339242000,
    "grossProfitRatio": 0.373272508,
    "researchAndDevelopmentExpenses": 0,
    "generalAndAdministrativeExpenses": 200378000,
    "sellingAndMarketingExpenses": 0,
    "sellingGeneralAndAdministrativeExpenses": 200378000,
    "otherExpenses": 163983000,
    "operatingExpenses": 364361000,
    "costAndExpenses": 933951000,
    "interestIncome": 2691000,
    "interestExpense": 154830000,
    "depreciationAndAmortization": 162968000,
    "ebitda": 105094000,
    "ebitdaratio": 0.1156363332,
    "operatingIncome": -59436000,
    "operatingIncomeRatio": -0.0653982254,
    "totalOtherIncomeExpensesNet": -160676000,
    "incomeBeforeTax": -212704000,
    "incomeBeforeTaxRatio": -0.2340410549,
    "incomeTaxExpense": 718000,
    "netIncome": -213422000,
    "netIncomeRatio": -0.2348310799,
    "eps": -1.87,
    "epsdiluted": -1.86,
    "weightedAverageShsOut": 114079823,
    "weightedAverageShsOutDil": 114471000,
    "link": "https://www.sec.gov/Archives/edgar/data/1174922/000117492222000130/0001174922-22-000130-index.htm",
    "finalLink": "https://www.sec.gov/Archives/edgar/data/1174922/000117492222000130/wynn-20220630.htm"
  },
  {
    "date": "2022-03-31",
    "symbol": "WYNN",
    "reportedCurrency": "USD",
    "cik": "0001174922",
    "fillingDate": "2022-05-10",
    "acceptedDate": "2022-05-10 17:03:25",
    "calendarYear": "2022",
    "period": "Q1",
    "revenue": 953334000,
    "costOfRevenue": 618354000,
    "grossProfit": 334980000,
    "grossProfitRatio": 0.3513773767,
    "researchAndDevelopmentExpenses": 0,
    "generalAndAdministrativeExpenses": 196780000,
    "sellingAndMarketingExpenses": 0,
    "sellingGeneralAndAdministrativeExpenses": 196780000,
    "otherExpenses": 187345000,
    "operatingExpenses": 384125000,
    "costAndExpenses": 1002479000,
    "interestIncome": 1280000,
    "interestExpense": 152158000,
    "depreciationAndAmortization": 184556000,
    "ebitda": 83244000,
    "ebitdaratio": 0.0873188201,
    "operatingIncome": -62992000,
    "operatingIncomeRatio": -0.0660754783,
    "totalOtherIncomeExpensesNet": -158605000,
    "incomeBeforeTax": -253470000,
    "incomeBeforeTaxRatio": -0.2658774364,
    "incomeTaxExpense": 1140000,
    "netIncome": -254610000,
    "netIncomeRatio": -0.2670732398,
    "eps": -2.21,
    "epsdiluted": -2.21,
    "weightedAverageShsOut": 115030000,
    "weightedAverageShsOutDil": 115030000,
    "link": "https://www.sec.gov/Archives/edgar/data/1174922/000117492222000085/0001174922-22-000085-index.htm",
    "finalLink": "https://www.sec.gov/Archives/edgar/data/1174922/000117492222000085/wynn-20220331.htm"
  },
  {
    "date": "2021-12-31",
    "symbol": "WYNN",
    "reportedCurrency": "USD",
    "cik": "0001174922",
    "fillingDate": "2022-02-28",
    "acceptedDate": "2022-02-28 16:53:06",
    "calendarYear": "2021",
    "period": "Q4",
    "revenue": 1053124000,
    "costOfRevenue": 718816000,
    "grossProfit": 334308000,
    "grossProfitRatio": 0.3174440997,
    "researchAndDevelopmentExpenses": 0,
    "generalAndAdministrativeExpenses": 221923000,
    "sellingAndMarketingExpenses": 0,
    "sellingGeneralAndAdministrativeExpenses": 221923000,
    "otherExpenses": -30795000,
    "operatingExpenses": 415739000,
    "costAndExpenses": 1134555000,
    "interestIncome": 1082000,
    "interestExpense": 151961000,
    "depreciationAndAmortization": 170424000,
    "ebitda": 64083000,
    "ebitdaratio": 0.0608503842,
    "operatingIncome": -105624000,
    "operatingIncomeRatio": -0.1002958816,
    "totalOtherIncomeExpensesNet": -152678000,
    "incomeBeforeTax": -258302000,
    "incomeBeforeTaxRatio": -0.2452721617,
    "incomeTaxExpense": -1871000,
    "netIncome": -177190000,
    "netIncomeRatio": -0.1682517918,
    "eps": -1.54,
    "epsdiluted": -1.54,
    "weightedAverageShsOut": 114768000,
    "weightedAverageShsOutDil": 114768000,
    "link": "https://www.sec.gov/Archives/edgar/data/1174922/000117492222000031/0001174922-22-000031-index.htm",
    "finalLink": "https://www.sec.gov/Archives/edgar/data/1174922/000117492222000031/wynn-20211231.htm"
  },
  {
    "date": "2021-09-30",
    "symbol": "WYNN",
    "reportedCurrency": "USD",
    "cik": "0001174922",
    "fillingDate": "2021-11-09",
    "acceptedDate": "2021-11-09 16:55:10",
    "calendarYear": "2021",
    "period": "Q3",
    "revenue": 994644000,
    "costOfRevenue": 687561000,
    "grossProfit": 307083000,
    "grossProfitRatio": 0.3087365932,
    "researchAndDevelopmentExpenses": 0,
    "generalAndAdministrativeExpenses": 197350000,
    "sellingAndMarketingExpenses": 0,
    "sellingGeneralAndAdministrativeExpenses": 197350000,
    "otherExpenses": -27085000,
    "operatingExpenses": 375446000,
    "costAndExpenses": 1063007000,
    "interestIncome": 507000,
    "interestExpense": 150325000,
    "depreciationAndAmortization": 177110000,
    "ebitda": 82607000,
    "ebitdaratio": 0.0830518256,
    "operatingIncome": -83664000,
    "operatingIncomeRatio": -0.0841145174,
    "totalOtherIncomeExpensesNet": -161164000,
    "incomeBeforeTax": -244828000,
    "incomeBeforeTaxRatio": -0.2461463599,
    "incomeTaxExpense": 1155000,
    "netIncome": -166249000,
    "netIncomeRatio": -0.1671442245,
    "eps": -1.45,
    "epsdiluted": -1.45,
    "weightedAverageShsOut": 114654482,
    "weightedAverageShsOutDil": 114655000,
    "link": "https://www.sec.gov/Archives/edgar/data/1174922/000117492221000160/0001174922-21-000160-index.htm",
    "finalLink": "https://www.sec.gov/Archives/edgar/data/1174922/000117492221000160/wynn-20210930.htm"
  },
  {
    "date": "2021-06-30",
    "symbol": "WYNN",
    "reportedCurrency": "USD",
    "cik": "0001174922",
    "fillingDate": "2021-08-09",
    "acceptedDate": "2021-08-06 18:14:01",
    "calendarYear": "2021",
    "period": "Q2",
    "revenue": 990113000,
    "costOfRevenue": 630195000,
    "grossProfit": 359918000,
    "grossProfitRatio": 0.3635120436,
    "researchAndDevelopmentExpenses": 0,
    "generalAndAdministrativeExpenses": 197545000,
    "sellingAndMarketingExpenses": 0,
    "sellingGeneralAndAdministrativeExpenses": 197545000,
    "otherExpenses": -98000,
    "operatingExpenses": 383788000,
    "costAndExpenses": 1013983000,
    "interestIncome": 720000,
    "interestExpense": 150424000,
    "depreciationAndAmortization": 183307000,
    "ebitda": 161031000,
    "ebitdaratio": 0.1626390119,
    "operatingIncome": -29521000,
    "operatingIncomeRatio": -0.0298157887,
    "totalOtherIncomeExpensesNet": -143179000,
    "incomeBeforeTax": -172700000,
    "incomeBeforeTaxRatio": -0.1744245354,
    "incomeTaxExpense": 697000,
    "netIncome": -131369000,
    "netIncomeRatio": -0.1326808152,
    "eps": -1.15,
    "epsdiluted": -1.15,
    "weightedAverageShsOut": 114233913,
    "weightedAverageShsOutDil": 114545000,
    "link": "https://www.sec.gov/Archives/edgar/data/1174922/000117492221000104/0001174922-21-000104-index.htm",
    "finalLink": "https://www.sec.gov/Archives/edgar/data/1174922/000117492221000104/wynn-20210630.htm"
  },
  {
    "date": "2021-03-31",
    "symbol": "WYNN",
    "reportedCurrency": "USD",
    "cik": "0001174922",
    "fillingDate": "2021-05-10",
    "acceptedDate": "2021-05-10 16:12:48",
    "calendarYear": "2021",
    "period": "Q1",
    "revenue": 725783000,
    "costOfRevenue": 522009000,
    "grossProfit": 203774000,
    "grossProfitRatio": 0.2807643607,
    "researchAndDevelopmentExpenses": 0,
    "generalAndAdministrativeExpenses": 179774000,
    "sellingAndMarketingExpenses": 0,
    "sellingGeneralAndAdministrativeExpenses": 179774000,
    "otherExpenses": -16710000,
    "operatingExpenses": 373889000,
    "costAndExpenses": 895898000,
    "interestIncome": 904000,
    "interestExpense": 152852000,
    "depreciationAndAmortization": 185121000,
    "ebitda": 2287000,
    "ebitdaratio": 0.0031510796,
    "operatingIncome": -175732000,
    "operatingIncomeRatio": -0.2421274679,
    "totalOtherIncomeExpensesNet": -159954000,
    "incomeBeforeTax": -335686000,
    "incomeBeforeTaxRatio": -0.4625156555,
    "incomeTaxExpense": 493000,
    "netIncome": -280978000,
    "netIncomeRatio": -0.3871377533,
    "eps": -2.53,
    "epsdiluted": -2.53,
    "weightedAverageShsOut": 111020000,
    "weightedAverageShsOutDil": 111020000,
    "link": "https://www.sec.gov/Archives/edgar/data/1174922/000117492221000057/0001174922-21-000057-index.htm",
    "finalLink": "https://www.sec.gov/Archives/edgar/data/1174922/000117492221000057/wynn-20210331.htm"
  },
  {
    "date": "2020-12-31",
    "symbol": "WYNN",
    "reportedCurrency": "USD",
    "cik": "0001174922",
    "fillingDate": "2021-02-26",
    "acceptedDate": "2021-02-26 17:05:22",
    "calendarYear": "2020",
    "period": "Q4",
    "revenue": 685995000,
    "costOfRevenue": 478585000,
    "grossProfit": 207410000,
    "grossProfitRatio": 0.3023491425,
    "researchAndDevelopmentExpenses": 0,
    "generalAndAdministrativeExpenses": 173544000,
    "sellingAndMarketingExpenses": 0,
    "sellingGeneralAndAdministrativeExpenses": 173544000,
    "otherExpenses": -8213000,
    "operatingExpenses": 362267000,
    "costAndExpenses": 840852000,
    "interestIncome": 1415000,
    "interestExpense": 149287000,
    "depreciationAndAmortization": 184004000,
    "ebitda": 23568000,
    "ebitdaratio": 0.0343559355,
    "operatingIncome": -178611000,
    "operatingIncomeRatio": -0.2603677869,
    "totalOtherIncomeExpensesNet": -131112000,
    "incomeBeforeTax": -309723000,
    "incomeBeforeTaxRatio": -0.4514945444,
    "incomeTaxExpense": 568000,
    "netIncome": -269502000,
    "netIncomeRatio": -0.3928629217,
    "eps": -2.52,
    "epsdiluted": -2.52,
    "weightedAverageShsOut": 106818000,
    "weightedAverageShsOutDil": 106818000,
    "link": "https://www.sec.gov/Archives/edgar/data/1174922/000117492221000029/0001174922-21-000029-index.htm",
    "finalLink": "https://www.sec.gov/Archives/edgar/data/1174922/000117492221000029/wynn-20201231.htm"
  },
  {
    "date": "2020-09-30",
    "symbol": "WYNN",
    "reportedCurrency": "USD",
    "cik": "0001174922",
    "fillingDate": "2020-11-09",
    "acceptedDate": "2020-11-06 19:21:50",
    "calendarYear": "2020",
    "period": "Q3",
    "revenue": 370452000,
    "costOfRevenue": 286707000,
    "grossProfit": 83745000,
    "grossProfitRatio": 0.226061676,
    "researchAndDevelopmentExpenses": 0,
    "generalAndAdministrativeExpenses": 160896000,
    "sellingAndMarketingExpenses": 0,
    "sellingGeneralAndAdministrativeExpenses": 160896000,
    "otherExpenses": 412000,
    "operatingExpenses": 356847000,
    "costAndExpenses": 643554000,
    "interestIncome": 2033000,
    "interestExpense": 145142000,
    "depreciationAndAmortization": 183486000,
    "ebitda": -95540000,
    "ebitdaratio": -0.2579011586,
    "operatingIncome": -283007000,
    "operatingIncomeRatio": -0.7639505253,
    "totalOtherIncomeExpensesNet": -141161000,
    "incomeBeforeTax": -424168000,
    "incomeBeforeTaxRatio": -1.1450012417,
    "incomeTaxExpense": 407365000,
    "netIncome": -758142000,
    "netIncomeRatio": -2.0465323443,
    "eps": -7.1,
    "epsdiluted": -7.1,
    "weightedAverageShsOut": 106780563,
    "weightedAverageShsOutDil": 106783000,
    "link": "https://www.sec.gov/Archives/edgar/data/1174922/000117492220000199/0001174922-20-000199-index.htm",
    "finalLink": "https://www.sec.gov/Archives/edgar/data/1174922/000117492220000199/wynn-20200930.htm"
  },
  {
    "date": "2020-06-30",
    "symbol": "WYNN",
    "reportedCurrency": "USD",
    "cik": "0001174922",
    "fillingDate": "2020-08-06",
    "acceptedDate": "2020-08-06 16:51:18",
    "calendarYear": "2020",
    "period": "Q2",
    "revenue": 85698000,
    "costOfRevenue": 240267000,
    "grossProfit": -154569000,
    "grossProfitRatio": -1.8036476931,
    "researchAndDevelopmentExpenses": 0,
    "generalAndAdministrativeExpenses": 152081000,
    "sellingAndMarketingExpenses": 0,
    "sellingGeneralAndAdministrativeExpenses": 152081000,
    "otherExpenses": 2233000,
    "operatingExpenses": 361880000,
    "costAndExpenses": 602147000,
    "interestIncome": 3983000,
    "interestExpense": 133218000,
    "depreciationAndAmortization": 179266000,
    "ebitda": -341447000,
    "ebitdaratio": -3.9843053514,
    "operatingIncome": -523016000,
    "operatingIncomeRatio": -6.1030129058,
    "totalOtherIncomeExpensesNet": -130915000,
    "incomeBeforeTax": -653931000,
    "incomeBeforeTaxRatio": -7.6306448225,
    "incomeTaxExpense": 80938000,
    "netIncome": -637564000,
    "netIncomeRatio": -7.4396602021,
    "eps": -5.97,
    "epsdiluted": -5.97,
    "weightedAverageShsOut": 106713000,
    "weightedAverageShsOutDil": 106713000,
    "link": "https://www.sec.gov/Archives/edgar/data/1174922/000117492220000143/0001174922-20-000143-index.htm",
    "finalLink": "https://www.sec.gov/Archives/edgar/data/1174922/000117492220000143/wynn-20200630.htm"
  },
  {
    "date": "2020-03-31",
    "symbol": "WYNN",
    "reportedCurrency": "USD",
    "cik": "0001174922",
    "fillingDate": "2020-05-08",
    "acceptedDate": "2020-05-08 16:32:00",
    "calendarYear": "2020",
    "period": "Q1",
    "revenue": 953716000,
    "costOfRevenue": 737660000,
    "grossProfit": 216056000,
    "grossProfitRatio": 0.2265412345,
    "researchAndDevelopmentExpenses": 0,
    "generalAndAdministrativeExpenses": 234328000,
    "sellingAndMarketingExpenses": 0,
    "sellingGeneralAndAdministrativeExpenses": 234328000,
    "otherExpenses": 10335000,
    "operatingExpenses": 436238000,
    "costAndExpenses": 1173898000,
    "interestIncome": 7953000,
    "interestExpense": 128827000,
    "depreciationAndAmortization": 178746000,
    "ebitda": -66880000,
    "ebitdaratio": -0.0701256978,
    "operatingIncome": -247411000,
    "operatingIncomeRatio": -0.259417898,
    "totalOtherIncomeExpensesNet": -127042000,
    "incomeBeforeTax": -374453000,
    "incomeBeforeTaxRatio": -0.3926252679,
    "incomeTaxExpense": 75800000,
    "netIncome": -402037000,
    "netIncomeRatio": -0.4215479241,
    "eps": -3.77,
    "epsdiluted": -3.77,
    "weightedAverageShsOut": 106641114,
    "weightedAverageShsOutDil": 106663000,
    "link": "https://www.sec.gov/Archives/edgar/data/1174922/000117492220000085/0001174922-20-000085-index.htm",
    "finalLink": "https://www.sec.gov/Archives/edgar/data/1174922/000117492220000085/wynn-20200331.htm"
  },
  {
    "date": "2019-12-31",
    "symbol": "WYNN",
    "reportedCurrency": "USD",
    "cik": "0001174922",
    "fillingDate": "2020-02-28",
    "acceptedDate": "2020-02-28 16:32:03",
    "calendarYear": "2019",
    "period": "Q4",
    "revenue": 1653459000,
    "costOfRevenue": 1007123000,
    "grossProfit": 646336000,
    "grossProfitRatio": 0.3908993208,
    "researchAndDevelopmentExpenses": 0,
    "generalAndAdministrativeExpenses": 230682000,
    "sellingAndMarketingExpenses": 0,
    "sellingGeneralAndAdministrativeExpenses": 230682000,
    "otherExpenses": 18505000,
    "operatingExpenses": 417392000,
    "costAndExpenses": 1424515000,
    "interestIncome": 4470000,
    "interestExpense": 113049000,
    "depreciationAndAmortization": 175054000,
    "ebitda": 428052000,
    "ebitdaratio": 0.2588827422,
    "operatingIncome": 226578000,
    "operatingIncomeRatio": 0.1370327296,
    "totalOtherIncomeExpensesNet": -86629000,
    "incomeBeforeTax": 139949000,
    "incomeBeforeTaxRatio": 0.0846401392,
    "incomeTaxExpense": 157419000,
    "netIncome": -72942000,
    "netIncomeRatio": -0.0441147921,
    "eps": -0.68,
    "epsdiluted": -0.68,
    "weightedAverageShsOut": 106607000,
    "weightedAverageShsOutDil": 106608000,
    "link": "https://www.sec.gov/Archives/edgar/data/1174922/000117492220000024/0001174922-20-000024-index.htm",
    "finalLink": "https://www.sec.gov/Archives/edgar/data/1174922/000117492220000024/wynn-20191231.htm"
  },
  {
    "date": "2019-09-30",
    "symbol": "WYNN",
    "reportedCurrency": "USD",
    "cik": "0001174922",
    "fillingDate": "2019-11-06",
    "acceptedDate": "2019-11-06 17:13:20",
    "calendarYear": "2019",
    "period": "Q3",
    "revenue": 1647762000,
    "costOfRevenue": 1036619000,
    "grossProfit": 611143000,
    "grossProfitRatio": 0.3708927624,
    "researchAndDevelopmentExpenses": 0,
    "generalAndAdministrativeExpenses": 246442000,
    "sellingAndMarketingExpenses": 0,
    "sellingGeneralAndAdministrativeExpenses": 246442000,
    "otherExpenses": -8703000,
    "operatingExpenses": 425092000,
    "costAndExpenses": 1461711000,
    "interestIncome": 6427000,
    "interestExpense": 114652000,
    "depreciationAndAmortization": 172998000,
    "ebitda": 350833000,
    "ebitdaratio": 0.2129148506,
    "operatingIncome": 177835000,
    "operatingIncomeRatio": 0.1079251737,
    "totalOtherIncomeExpensesNet": -131225000,
    "incomeBeforeTax": 46610000,
    "incomeBeforeTaxRatio": 0.0282868521,
    "incomeTaxExpense": 19727000,
    "netIncome": -3496000,
    "netIncomeRatio": -0.0021216656,
    "eps": -0.0328,
    "epsdiluted": -0.0328,
    "weightedAverageShsOut": 106707000,
    "weightedAverageShsOutDil": 106707000,
    "link": "https://www.sec.gov/Archives/edgar/data/1174922/000117492219000115/0001174922-19-000115-index.htm",
    "finalLink": "https://www.sec.gov/Archives/edgar/data/1174922/000117492219000115/wrl-q31910q.htm"
  },
  {
    "date": "2019-06-30",
    "symbol": "WYNN",
    "reportedCurrency": "USD",
    "cik": "0001174922",
    "fillingDate": "2019-08-08",
    "acceptedDate": "2019-08-08 16:20:17",
    "calendarYear": "2019",
    "period": "Q2",
    "revenue": 1658332000,
    "costOfRevenue": 1016729000,
    "grossProfit": 641603000,
    "grossProfitRatio": 0.3868965925,
    "researchAndDevelopmentExpenses": 0,
    "generalAndAdministrativeExpenses": 202224000,
    "sellingAndMarketingExpenses": 0,
    "sellingGeneralAndAdministrativeExpenses": 202224000,
    "otherExpenses": 11715000,
    "operatingExpenses": 415957000,
    "costAndExpenses": 1432686000,
    "interestIncome": 6265000,
    "interestExpense": 93149000,
    "depreciationAndAmortization": 140269000,
    "ebitda": 358985000,
    "ebitdaratio": 0.2164735409,
    "operatingIncome": 218716000,
    "operatingIncomeRatio": 0.1318891513,
    "totalOtherIncomeExpensesNet": -78473000,
    "incomeBeforeTax": 140243000,
    "incomeBeforeTaxRatio": 0.0845687112,
    "incomeTaxExpense": -1991000,
    "netIncome": 94551000,
    "netIncomeRatio": 0.0570157242,
    "eps": 0.88,
    "epsdiluted": 0.88,
    "weightedAverageShsOut": 106876000,
    "weightedAverageShsOutDil": 107141000,
    "link": "https://www.sec.gov/Archives/edgar/data/1174922/000117492219000080/0001174922-19-000080-index.htm",
    "finalLink": "https://www.sec.gov/Archives/edgar/data/1174922/000117492219000080/wrl-q21910q.htm"
  },
  {
    "date": "2019-03-31",
    "symbol": "WYNN",
    "reportedCurrency": "USD",
    "cik": "0001174922",
    "fillingDate": "2019-05-09",
    "acceptedDate": "2019-05-09 17:23:24",
    "calendarYear": "2019",
    "period": "Q1",
    "revenue": 1651546000,
    "costOfRevenue": 1006582000,
    "grossProfit": 644964000,
    "grossProfitRatio": 0.390521366,
    "researchAndDevelopmentExpenses": 0,
    "generalAndAdministrativeExpenses": 217322000,
    "sellingAndMarketingExpenses": 0,
    "sellingGeneralAndAdministrativeExpenses": 217322000,
    "otherExpenses": -6358000,
    "operatingExpenses": 387014000,
    "costAndExpenses": 1393596000,
    "interestIncome": 7287000,
    "interestExpense": 93180000,
    "depreciationAndAmortization": 136557000,
    "ebitda": 391733000,
    "ebitdaratio": 0.237191698,
    "operatingIncome": 255176000,
    "operatingIncomeRatio": 0.1545073525,
    "totalOtherIncomeExpensesNet": -93760000,
    "incomeBeforeTax": 161416000,
    "incomeBeforeTaxRatio": 0.0977363028,
    "incomeTaxExpense": 1685000,
    "netIncome": 104872000,
    "netIncomeRatio": 0.063499291,
    "eps": 0.98,
    "epsdiluted": 0.98,
    "weightedAverageShsOut": 106792000,
    "weightedAverageShsOutDil": 107073000,
    "link": "https://www.sec.gov/Archives/edgar/data/1174922/000117492219000065/0001174922-19-000065-index.htm",
    "finalLink": "https://www.sec.gov/Archives/edgar/data/1174922/000117492219000065/wrl-1q1910q.htm"
  },
  {
    "date": "2018-12-31",
    "symbol": "WYNN",
    "reportedCurrency": "USD",
    "cik": "0001174922",
    "fillingDate": "2019-02-28",
    "acceptedDate": "2019-02-28 16:41:29",
    "calendarYear": "2018",
    "period": "Q4",
    "revenue": 1687586000,
    "costOfRevenue": 1034760000,
    "grossProfit": 652826000,
    "grossProfitRatio": 0.3868401373,
    "researchAndDevelopmentExpenses": 0,
    "generalAndAdministrativeExpenses": 175272000,
    "sellingAndMarketingExpenses": 40600000,
    "sellingGeneralAndAdministrativeExpenses": 215872000,
    "otherExpenses": -5113000,
    "operatingExpenses": 365209000,
    "costAndExpenses": 1399969000,
    "interestIncome": 8837000,
    "interestExpense": 100717000,
    "depreciationAndAmortization": 138911000,
    "ebitda": 443294000,
    "ebitdaratio": 0.2626793538,
    "operatingIncome": 258033000,
    "operatingIncomeRatio": 0.1529006522,
    "totalOtherIncomeExpensesNet": -103486000,
    "incomeBeforeTax": 154547000,
    "incomeBeforeTaxRatio": 0.0915787403,
    "incomeTaxExpense": -372713000,
    "netIncome": 476616000,
    "netIncomeRatio": 0.2824247179,
    "eps": 4.43,
    "epsdiluted": 4.41,
    "weightedAverageShsOut": 107619000,
    "weightedAverageShsOutDil": 107974000,
    "link": "https://www.sec.gov/Archives/edgar/data/1174922/000117492219000021/0001174922-19-000021-index.htm",
    "finalLink": "https://www.sec.gov/Archives/edgar/data/1174922/000117492219000021/wrl-20181231x10k.htm"
  },
  {
    "date": "2018-09-30",
    "symbol": "WYNN",
    "reportedCurrency": "USD",
    "cik": "0001174922",
    "fillingDate": "2018-11-07",
    "acceptedDate": "2018-11-07 17:20:14",
    "calendarYear": "2018",
    "period": "Q3",
    "revenue": 1709072000,
    "costOfRevenue": 1052475000,
    "grossProfit": 656597000,
    "grossProfitRatio": 0.3841833463,
    "researchAndDevelopmentExpenses": 0,
    "generalAndAdministrativeExpenses": 192327000,
    "sellingAndMarketingExpenses": 0,
    "sellingGeneralAndAdministrativeExpenses": 192327000,
    "otherExpenses": 11216000,
    "operatingExpenses": 346784000,
    "costAndExpenses": 1399259000,
    "interestIncome": 6948000,
    "interestExpense": 93007000,
    "depreciationAndAmortization": 137458000,
    "ebitda": 428441000,
    "ebitdaratio": 0.2506863374,
    "operatingIncome": 290983000,
    "operatingIncomeRatio": 0.1702578943,
    "totalOtherIncomeExpensesNet": -75095000,
    "incomeBeforeTax": 215888000,
    "incomeBeforeTaxRatio": 0.1263188444,
    "incomeTaxExpense": -3884000,
    "netIncome": 156115000,
    "netIncomeRatio": 0.0913448936,
    "eps": 1.44,
    "epsdiluted": 1.44,
    "weightedAverageShsOut": 108064000,
    "weightedAverageShsOutDil": 108533000,
    "link": "https://www.sec.gov/Archives/edgar/data/1174922/000117492218000175/0001174922-18-000175-index.htm",
    "finalLink": "https://www.sec.gov/Archives/edgar/data/1174922/000117492218000175/wrl-20180930x10q.htm"
  },
  {
    "date": "2018-06-30",
    "symbol": "WYNN",
    "reportedCurrency": "USD",
    "cik": "0001174922",
    "fillingDate": "2018-08-08",
    "acceptedDate": "2018-08-08 16:27:18",
    "calendarYear": "2018",
    "period": "Q2",
    "revenue": 1605424000,
    "costOfRevenue": 985754000,
    "grossProfit": 619670000,
    "grossProfitRatio": 0.38598526,
    "researchAndDevelopmentExpenses": 0,
    "generalAndAdministrativeExpenses": 183631000,
    "sellingAndMarketingExpenses": 0,
    "sellingGeneralAndAdministrativeExpenses": 183631000,
    "otherExpenses": -957000,
    "operatingExpenses": 331307000,
    "costAndExpenses": 1317061000,
    "interestIncome": 6861000,
    "interestExpense": 89898000,
    "depreciationAndAmortization": 137870000,
    "ebitda": 417442000,
    "ebitdaratio": 0.2600197829,
    "operatingIncome": 279572000,
    "operatingIncomeRatio": 0.1741421581,
    "totalOtherIncomeExpensesNet": -83994000,
    "incomeBeforeTax": 195578000,
    "incomeBeforeTaxRatio": 0.1218232691,
    "incomeTaxExpense": -9702000,
    "netIncome": 155756000,
    "netIncomeRatio": 0.0970186069,
    "eps": 1.44,
    "epsdiluted": 1.44,
    "weightedAverageShsOut": 107792000,
    "weightedAverageShsOutDil": 108405000,
    "link": "https://www.sec.gov/Archives/edgar/data/1174922/000117492218000160/0001174922-18-000160-index.htm",
    "finalLink": "https://www.sec.gov/Archives/edgar/data/1174922/000117492218000160/wrl-20180630x10q.htm"
  },
  {
    "date": "2018-03-31",
    "symbol": "WYNN",
    "reportedCurrency": "USD",
    "cik": "0001174922",
    "fillingDate": "2018-05-09",
    "acceptedDate": "2018-05-09 16:30:13",
    "calendarYear": "2018",
    "period": "Q1",
    "revenue": 1715578000,
    "costOfRevenue": 1013286000,
    "grossProfit": 702292000,
    "grossProfitRatio": 0.4093617428,
    "researchAndDevelopmentExpenses": 0,
    "generalAndAdministrativeExpenses": 169585000,
    "sellingAndMarketingExpenses": 0,
    "sellingGeneralAndAdministrativeExpenses": 169585000,
    "otherExpenses": -78551000,
    "operatingExpenses": 316978000,
    "costAndExpenses": 1330264000,
    "interestIncome": 7220000,
    "interestExpense": 98227000,
    "depreciationAndAmortization": 136357000,
    "ebitda": -13939000,
    "ebitdaratio": -0.0081249585,
    "operatingIncome": -81294000,
    "operatingIncomeRatio": -0.047385779,
    "totalOtherIncomeExpensesNet": -167229000,
    "incomeBeforeTax": -248523000,
    "incomeBeforeTaxRatio": -0.1448625478,
    "incomeTaxExpense": -111045000,
    "netIncome": -204307000,
    "netIncomeRatio": -0.1190893098,
    "eps": -1.99,
    "epsdiluted": -1.99,
    "weightedAverageShsOut": 102570000,
    "weightedAverageShsOutDil": 102570000,
    "link": "https://www.sec.gov/Archives/edgar/data/1174922/000117492218000100/0001174922-18-000100-index.htm",
    "finalLink": "https://www.sec.gov/Archives/edgar/data/1174922/000117492218000100/wrl-20180331x10q.htm"
  },
  {
    "date": "2017-12-31",
    "symbol": "WYNN",
    "reportedCurrency": "USD",
    "cik": "0001174922",
    "fillingDate": "2018-02-28",
    "acceptedDate": "2018-02-28 17:06:26",
    "calendarYear": "2017",
    "period": "Q4",
    "revenue": 1689096000,
    "costOfRevenue": 1071738000,
    "grossProfit": 617358000,
    "grossProfitRatio": 0.3654960997,
    "researchAndDevelopmentExpenses": 0,
    "generalAndAdministrativeExpenses": 182848000,
    "sellingAndMarketingExpenses": 0,
    "sellingGeneralAndAdministrativeExpenses": 182848000,
    "otherExpenses": 8413000,
    "operatingExpenses": 324857000,
    "costAndExpenses": 1396595000,
    "interestIncome": 9195000,
    "interestExpense": 96789000,
    "depreciationAndAmortization": 136880000,
    "ebitda": 467875000,
    "ebitdaratio": 0.2769972814,
    "operatingIncome": 301419000,
    "operatingIncomeRatio": 0.1784498927,
    "totalOtherIncomeExpensesNet": -91480000,
    "incomeBeforeTax": 209939000,
    "incomeBeforeTaxRatio": 0.1242907449,
    "incomeTaxExpense": -334025000,
    "netIncome": 491682000,
    "netIncomeRatio": 0.291091803,
    "eps": 4.8,
    "epsdiluted": 4.77,
    "weightedAverageShsOut": 102402000,
    "weightedAverageShsOutDil": 103065000,
    "link": "https://www.sec.gov/Archives/edgar/data/1174922/000117492218000019/0001174922-18-000019-index.htm",
    "finalLink": "https://www.sec.gov/Archives/edgar/data/1174922/000117492218000019/wrl-20171231x10k.htm"
  },
  {
    "date": "2017-09-30",
    "symbol": "WYNN",
    "reportedCurrency": "USD",
    "cik": "0001174922",
    "fillingDate": "2017-11-08",
    "acceptedDate": "2017-11-08 16:46:27",
    "calendarYear": "2017",
    "period": "Q3",
    "revenue": 1612331000,
    "costOfRevenue": 1001659000,
    "grossProfit": 610672000,
    "grossProfitRatio": 0.3787510133,
    "researchAndDevelopmentExpenses": 0,
    "generalAndAdministrativeExpenses": 178506000,
    "sellingAndMarketingExpenses": 0,
    "sellingGeneralAndAdministrativeExpenses": 178506000,
    "otherExpenses": -43612000,
    "operatingExpenses": 325052000,
    "costAndExpenses": 1326711000,
    "interestIncome": 8447000,
    "interestExpense": 95874000,
    "depreciationAndAmortization": 137982000,
    "ebitda": 395309000,
    "ebitdaratio": 0.2451785645,
    "operatingIncome": 257327000,
    "operatingIncomeRatio": 0.1595993627,
    "totalOtherIncomeExpensesNet": -151815000,
    "incomeBeforeTax": 105512000,
    "incomeBeforeTaxRatio": 0.065440657,
    "incomeTaxExpense": -457000,
    "netIncome": 79767000,
    "netIncomeRatio": 0.0494730921,
    "eps": 0.78,
    "epsdiluted": 0.78,
    "weightedAverageShsOut": 102173000,
    "weightedAverageShsOutDil": 102794000,
    "link": "https://www.sec.gov/Archives/edgar/data/1174922/000117492217000177/0001174922-17-000177-index.htm",
    "finalLink": "https://www.sec.gov/Archives/edgar/data/1174922/000117492217000177/wrl-20170930x10q.htm"
  },
  {
    "date": "2017-06-30",
    "symbol": "WYNN",
    "reportedCurrency": "USD",
    "cik": "0001174922",
    "fillingDate": "2017-08-04",
    "acceptedDate": "2017-08-04 16:35:08",
    "calendarYear": "2017",
    "period": "Q2",
    "revenue": 1529261000,
    "costOfRevenue": 968677000,
    "grossProfit": 560584000,
    "grossProfitRatio": 0.3665718278,
    "researchAndDevelopmentExpenses": 0,
    "generalAndAdministrativeExpenses": 164169000,
    "sellingAndMarketingExpenses": 0,
    "sellingGeneralAndAdministrativeExpenses": 164169000,
    "otherExpenses": -24257000,
    "operatingExpenses": 306530000,
    "costAndExpenses": 1275207000,
    "interestIncome": 7080000,
    "interestExpense": 97739000,
    "depreciationAndAmortization": 137686000,
    "ebitda": 384575000,
    "ebitdaratio": 0.2514776745,
    "operatingIncome": 246889000,
    "operatingIncomeRatio": 0.1614433377,
    "totalOtherIncomeExpensesNet": -137486000,
    "incomeBeforeTax": 109403000,
    "incomeBeforeTaxRatio": 0.0715397829,
    "incomeTaxExpense": 2607000,
    "netIncome": 74916000,
    "netIncomeRatio": 0.0489883676,
    "eps": 0.73,
    "epsdiluted": 0.73,
    "weightedAverageShsOut": 101944000,
    "weightedAverageShsOutDil": 102494000,
    "link": "https://www.sec.gov/Archives/edgar/data/1174922/000117492217000131/0001174922-17-000131-index.htm",
    "finalLink": "https://www.sec.gov/Archives/edgar/data/1174922/000117492217000131/wrl-20170630x10q.htm"
  },
  {
    "date": "2017-03-31",
    "symbol": "WYNN",
    "reportedCurrency": "USD",
    "cik": "0001174922",
    "fillingDate": "2017-05-04",
    "acceptedDate": "2017-05-04 08:08:27",
    "calendarYear": "2017",
    "period": "Q1",
    "revenue": 1475680000,
    "costOfRevenue": 921319000,
    "grossProfit": 554361000,
    "grossProfitRatio": 0.3756647783,
    "researchAndDevelopmentExpenses": 0,
    "generalAndAdministrativeExpenses": 159962000,
    "sellingAndMarketingExpenses": 0,
    "sellingGeneralAndAdministrativeExpenses": 159962000,
    "otherExpenses": -21953000,
    "operatingExpenses": 301395000,
    "costAndExpenses": 1222714000,
    "interestIncome": 6471000,
    "interestExpense": 98262000,
    "depreciationAndAmortization": 139820000,
    "ebitda": 389750000,
    "ebitdaratio": 0.2641155264,
    "operatingIncome": 249930000,
    "operatingIncomeRatio": 0.1693659872,
    "totalOtherIncomeExpensesNet": -114515000,
    "incomeBeforeTax": 135415000,
    "incomeBeforeTaxRatio": 0.0917644747,
    "incomeTaxExpense": 2890000,
    "netIncome": 100816000,
    "netIncomeRatio": 0.0683183346,
    "eps": 0.99,
    "epsdiluted": 0.99,
    "weightedAverageShsOut": 101753000,
    "weightedAverageShsOutDil": 102069000,
    "link": "https://www.sec.gov/Archives/edgar/data/1174922/000117492217000098/0001174922-17-000098-index.htm",
    "finalLink": "https://www.sec.gov/Archives/edgar/data/1174922/000117492217000098/wrl-20170331x10q.htm"
  },
  {
    "date": "2016-12-31",
    "symbol": "WYNN",
    "reportedCurrency": "USD",
    "cik": "0001174922",
    "fillingDate": "2017-02-24",
    "acceptedDate": "2017-02-24 09:07:32",
    "calendarYear": "2016",
    "period": "Q4",
    "revenue": 1300433000,
    "costOfRevenue": 818947000,
    "grossProfit": 481486000,
    "grossProfitRatio": 0.3702505242,
    "researchAndDevelopmentExpenses": 0,
    "generalAndAdministrativeExpenses": 166985000,
    "sellingAndMarketingExpenses": 0,
    "sellingGeneralAndAdministrativeExpenses": 166985000,
    "otherExpenses": 84600000,
    "operatingExpenses": 319136000,
    "costAndExpenses": 1138083000,
    "interestIncome": 3596000,
    "interestExpense": 95667000,
    "depreciationAndAmortization": 140543000,
    "ebitda": 294637000,
    "ebitdaratio": 0.2265683815,
    "operatingIncome": 138894000,
    "operatingIncomeRatio": 0.1068059639,
    "totalOtherIncomeExpensesNet": -5345000,
    "incomeBeforeTax": 133549000,
    "incomeBeforeTaxRatio": 0.1026957944,
    "incomeTaxExpense": 6983000,
    "netIncome": 113800000,
    "netIncomeRatio": 0.0875093142,
    "eps": 1.12,
    "epsdiluted": 1.12,
    "weightedAverageShsOut": 101509000,
    "weightedAverageShsOutDil": 101910000,
    "link": "https://www.sec.gov/Archives/edgar/data/1174922/000117492217000027/0001174922-17-000027-index.htm",
    "finalLink": "https://www.sec.gov/Archives/edgar/data/1174922/000117492217000027/wrl-20161231x10k.htm"
  },
  {
    "date": "2016-09-30",
    "symbol": "WYNN",
    "reportedCurrency": "USD",
    "cik": "0001174922",
    "fillingDate": "2016-11-04",
    "acceptedDate": "2016-11-04 16:26:22",
    "calendarYear": "2016",
    "period": "Q3",
    "revenue": 1109822000,
    "costOfRevenue": 695294000,
    "grossProfit": 414528000,
    "grossProfitRatio": 0.3735085446,
    "researchAndDevelopmentExpenses": 0,
    "generalAndAdministrativeExpenses": 144206000,
    "sellingAndMarketingExpenses": 0,
    "sellingGeneralAndAdministrativeExpenses": 144206000,
    "otherExpenses": -21319000,
    "operatingExpenses": 319083000,
    "costAndExpenses": 1014377000,
    "interestIncome": 3678000,
    "interestExpense": 79669000,
    "depreciationAndAmortization": 106467000,
    "ebitda": 183398000,
    "ebitdaratio": 0.165249923,
    "operatingIncome": 76931000,
    "operatingIncomeRatio": 0.0693183231,
    "totalOtherIncomeExpensesNet": -96142000,
    "incomeBeforeTax": -19211000,
    "incomeBeforeTaxRatio": -0.017309983,
    "incomeTaxExpense": 120000,
    "netIncome": -17437000,
    "netIncomeRatio": -0.0157115285,
    "eps": -0.17,
    "epsdiluted": -0.17,
    "weightedAverageShsOut": 101439000,
    "weightedAverageShsOutDil": 101439000,
    "link": "https://www.sec.gov/Archives/edgar/data/1174922/000117492216000232/0001174922-16-000232-index.htm",
    "finalLink": "https://www.sec.gov/Archives/edgar/data/1174922/000117492216000232/wrl-20160930x10q.htm"
  },
  {
    "date": "2016-06-30",
    "symbol": "WYNN",
    "reportedCurrency": "USD",
    "cik": "0001174922",
    "fillingDate": "2016-08-09",
    "acceptedDate": "2016-08-09 16:04:25",
    "calendarYear": "2016",
    "period": "Q2",
    "revenue": 1058364000,
    "costOfRevenue": 651813000,
    "grossProfit": 406551000,
    "grossProfitRatio": 0.3841315464,
    "researchAndDevelopmentExpenses": 0,
    "generalAndAdministrativeExpenses": 119505000,
    "sellingAndMarketingExpenses": 0,
    "sellingGeneralAndAdministrativeExpenses": 119505000,
    "otherExpenses": 6520000,
    "operatingExpenses": 247681000,
    "costAndExpenses": 899494000,
    "interestIncome": 2783000,
    "interestExpense": 69257000,
    "depreciationAndAmortization": 79749000,
    "ebitda": 237388000,
    "ebitdaratio": 0.2242971227,
    "operatingIncome": 147539000,
    "operatingIncomeRatio": 0.1394028897,
    "totalOtherIncomeExpensesNet": -60990000,
    "incomeBeforeTax": 86549000,
    "incomeBeforeTaxRatio": 0.0817762131,
    "incomeTaxExpense": -2893000,
    "netIncome": 70391000,
    "netIncomeRatio": 0.0665092539,
    "eps": 0.69,
    "epsdiluted": 0.69,
    "weightedAverageShsOut": 101438000,
    "weightedAverageShsOutDil": 101881000,
    "link": "https://www.sec.gov/Archives/edgar/data/1174922/000117492216000199/0001174922-16-000199-index.htm",
    "finalLink": "https://www.sec.gov/Archives/edgar/data/1174922/000117492216000199/wrl-20160630x10q.htm"
  },
  {
    "date": "2016-03-31",
    "symbol": "WYNN",
    "reportedCurrency": "USD",
    "cik": "0001174922",
    "fillingDate": "2016-05-06",
    "acceptedDate": "2016-05-06 16:15:23",
    "calendarYear": "2016",
    "period": "Q1",
    "revenue": 997678000,
    "costOfRevenue": 607968000,
    "grossProfit": 389710000,
    "grossProfitRatio": 0.3906170127,
    "researchAndDevelopmentExpenses": 0,
    "generalAndAdministrativeExpenses": 117445000,
    "sellingAndMarketingExpenses": 0,
    "sellingGeneralAndAdministrativeExpenses": 117445000,
    "otherExpenses": -5486000,
    "operatingExpenses": 229891000,
    "costAndExpenses": 837859000,
    "interestIncome": 3479000,
    "interestExpense": 44772000,
    "depreciationAndAmortization": 77971000,
    "ebitda": 236269000,
    "ebitdaratio": 0.2368188935,
    "operatingIncome": 158298000,
    "operatingIncomeRatio": 0.1586664234,
    "totalOtherIncomeExpensesNet": -48588000,
    "incomeBeforeTax": 109710000,
    "incomeBeforeTaxRatio": 0.1099653395,
    "incomeTaxExpense": 3918000,
    "netIncome": 75221000,
    "netIncomeRatio": 0.0753960697,
    "eps": 0.74,
    "epsdiluted": 0.74,
    "weightedAverageShsOut": 101392000,
    "weightedAverageShsOutDil": 101686000,
    "link": "https://www.sec.gov/Archives/edgar/data/1174922/000117492216000181/0001174922-16-000181-index.htm",
    "finalLink": "https://www.sec.gov/Archives/edgar/data/1174922/000117492216000181/wrl-20160331x10q.htm"
  },
  {
    "date": "2015-12-31",
    "symbol": "WYNN",
    "reportedCurrency": "USD",
    "cik": "0001174922",
    "fillingDate": "2016-02-29",
    "acceptedDate": "2016-02-29 09:35:54",
    "calendarYear": "2015",
    "period": "Q4",
    "revenue": 946902000,
    "costOfRevenue": 575983000,
    "grossProfit": 370919000,
    "grossProfitRatio": 0.3917184672,
    "researchAndDevelopmentExpenses": 0,
    "generalAndAdministrativeExpenses": 112247000,
    "sellingAndMarketingExpenses": 0,
    "sellingGeneralAndAdministrativeExpenses": 112247000,
    "otherExpenses": 4313000,
    "operatingExpenses": 212487000,
    "costAndExpenses": 788470000,
    "interestIncome": 2574000,
    "interestExpense": 73608000,
    "depreciationAndAmortization": 77201000,
    "ebitda": 229061000,
    "ebitdaratio": 0.2419057094,
    "operatingIncome": 151860000,
    "operatingIncomeRatio": 0.1603756249,
    "totalOtherIncomeExpensesNet": -29488000,
    "incomeBeforeTax": 88604000,
    "incomeBeforeTaxRatio": 0.0935725133,
    "incomeTaxExpense": -16190000,
    "netIncome": 87221000,
    "netIncomeRatio": 0.0921119609,
    "eps": 0.86,
    "epsdiluted": 0.86,
    "weightedAverageShsOut": 101200000,
    "weightedAverageShsOutDil": 101459000,
    "link": "https://www.sec.gov/Archives/edgar/data/1174922/000117492216000144/0001174922-16-000144-index.htm",
    "finalLink": "https://www.sec.gov/Archives/edgar/data/1174922/000117492216000144/wrl-20151231x10k.htm"
  },
  {
    "date": "2015-09-30",
    "symbol": "WYNN",
    "reportedCurrency": "USD",
    "cik": "0001174922",
    "fillingDate": "2015-11-06",
    "acceptedDate": "2015-11-06 16:40:07",
    "calendarYear": "2015",
    "period": "Q3",
    "revenue": 996285000,
    "costOfRevenue": 622884000,
    "grossProfit": 373401000,
    "grossProfitRatio": 0.3747933573,
    "researchAndDevelopmentExpenses": 0,
    "generalAndAdministrativeExpenses": 116639000,
    "sellingAndMarketingExpenses": 0,
    "sellingGeneralAndAdministrativeExpenses": 116639000,
    "otherExpenses": 14179000,
    "operatingExpenses": 219640000,
    "costAndExpenses": 842524000,
    "interestIncome": 1465000,
    "interestExpense": 74079000,
    "depreciationAndAmortization": 80649000,
    "ebitda": 233423000,
    "ebitdaratio": 0.2342934,
    "operatingIncome": 152774000,
    "operatingIncomeRatio": 0.1533436717,
    "totalOtherIncomeExpensesNet": -31927000,
    "incomeBeforeTax": 87079000,
    "incomeBeforeTaxRatio": 0.0874037048,
    "incomeTaxExpense": -3906000,
    "netIncome": 73766000,
    "netIncomeRatio": 0.0740410625,
    "eps": 0.95,
    "epsdiluted": 0.95,
    "weightedAverageShsOut": 101161000,
    "weightedAverageShsOutDil": 101581000,
    "link": "https://www.sec.gov/Archives/edgar/data/1174922/000117492215000106/0001174922-15-000106-index.htm",
    "finalLink": "https://www.sec.gov/Archives/edgar/data/1174922/000117492215000106/wrl-20150930x10q.htm"
  },
  {
    "date": "2015-06-30",
    "symbol": "WYNN",
    "reportedCurrency": "USD",
    "cik": "0001174922",
    "fillingDate": "2015-08-07",
    "acceptedDate": "2015-08-07 16:37:25",
    "calendarYear": "2015",
    "period": "Q2",
    "revenue": 1040458000,
    "costOfRevenue": 654068000,
    "grossProfit": 386390000,
    "grossProfitRatio": 0.3713653026,
    "researchAndDevelopmentExpenses": 0,
    "generalAndAdministrativeExpenses": 113707000,
    "sellingAndMarketingExpenses": 0,
    "sellingGeneralAndAdministrativeExpenses": 113707000,
    "otherExpenses": 198000,
    "operatingExpenses": 216797000,
    "costAndExpenses": 870865000,
    "interestIncome": 1498000,
    "interestExpense": 75236000,
    "depreciationAndAmortization": 81913000,
    "ebitda": 251034000,
    "ebitdaratio": 0.2412725934,
    "operatingIncome": 169121000,
    "operatingIncomeRatio": 0.1625447639,
    "totalOtherIncomeExpensesNet": -78620000,
    "incomeBeforeTax": 90501000,
    "incomeBeforeTaxRatio": 0.0869818868,
    "incomeTaxExpense": 13298000,
    "netIncome": 56460000,
    "netIncomeRatio": 0.0542645643,
    "eps": 0.56,
    "epsdiluted": 0.56,
    "weightedAverageShsOut": 101157000,
    "weightedAverageShsOutDil": 101710000,
    "link": "https://www.sec.gov/Archives/edgar/data/1174922/000117492215000064/0001174922-15-000064-index.htm",
    "finalLink": "https://www.sec.gov/Archives/edgar/data/1174922/000117492215000064/wrl-20150630x10q.htm"
  },
  {
    "date": "2015-03-31",
    "symbol": "WYNN",
    "reportedCurrency": "USD",
    "cik": "0001174922",
    "fillingDate": "2015-05-08",
    "acceptedDate": "2015-05-08 16:09:20",
    "calendarYear": "2015",
    "period": "Q1",
    "revenue": 1092238000,
    "costOfRevenue": 677439000,
    "grossProfit": 414799000,
    "grossProfitRatio": 0.3797697938,
    "researchAndDevelopmentExpenses": 0,
    "generalAndAdministrativeExpenses": 122200000,
    "sellingAndMarketingExpenses": 0,
    "sellingGeneralAndAdministrativeExpenses": 122200000,
    "otherExpenses": 1133000,
    "operatingExpenses": 227236000,
    "costAndExpenses": 904675000,
    "interestIncome": 1692000,
    "interestExpense": 77983000,
    "depreciationAndAmortization": 82866000,
    "ebitda": 267925000,
    "ebitdaratio": 0.2452991015,
    "operatingIncome": 185059000,
    "operatingIncomeRatio": 0.1694310214,
    "totalOtherIncomeExpensesNet": -195764000,
    "incomeBeforeTax": -10705000,
    "incomeBeforeTaxRatio": -0.0098009774,
    "incomeTaxExpense": 3197000,
    "netIncome": -44601000,
    "netIncomeRatio": -0.0408345068,
    "eps": -0.44,
    "epsdiluted": -0.44,
    "weightedAverageShsOut": 101135000,
    "weightedAverageShsOutDil": 101135000,
    "link": "https://www.sec.gov/Archives/edgar/data/1174922/000117492215000044/0001174922-15-000044-index.htm",
    "finalLink": "https://www.sec.gov/Archives/edgar/data/1174922/000117492215000044/wrl-20150331x10q.htm"
  },
  {
    "date": "2014-12-31",
    "symbol": "WYNN",
    "reportedCurrency": "USD",
    "cik": "0001174922",
    "fillingDate": "2015-03-02",
    "acceptedDate": "2015-02-27 17:34:27",
    "calendarYear": "2014",
    "period": "Q4",
    "revenue": 1137975000,
    "costOfRevenue": 699764000,
    "grossProfit": 438211000,
    "grossProfitRatio": 0.3850796371,
    "researchAndDevelopmentExpenses": 0,
    "generalAndAdministrativeExpenses": 125833000,
    "sellingAndMarketingExpenses": 0,
    "sellingGeneralAndAdministrativeExpenses": 125833000,
    "otherExpenses": 223000,
    "operatingExpenses": 225918000,
    "costAndExpenses": 925682000,
    "interestIncome": 4369000,
    "interestExpense": 78993000,
    "depreciationAndAmortization": 80082000,
    "ebitda": 302587000,
    "ebitdaratio": 0.2658995145,
    "operatingIncome": 215530000,
    "operatingIncomeRatio": 0.1893978339,
    "totalOtherIncomeExpensesNet": -79380000,
    "incomeBeforeTax": 136150000,
    "incomeBeforeTaxRatio": 0.1196423472,
    "incomeTaxExpense": -12043000,
    "netIncome": 109346000,
    "netIncomeRatio": 0.0960882269,
    "eps": 1.08,
    "epsdiluted": 1.07,
    "weightedAverageShsOut": 101010000,
    "weightedAverageShsOutDil": 101935000,
    "link": "https://www.sec.gov/Archives/edgar/data/1174922/000117492215000021/0001174922-15-000021-index.htm",
    "finalLink": "https://www.sec.gov/Archives/edgar/data/1174922/000117492215000021/wrl-20141231x10k.htm"
  },
  {
    "date": "2014-09-30",
    "symbol": "WYNN",
    "reportedCurrency": "USD",
    "cik": "0001174922",
    "fillingDate": "2014-11-07",
    "acceptedDate": "2014-11-07 16:22:51",
    "calendarYear": "2014",
    "period": "Q3",
    "revenue": 1370010000,
    "costOfRevenue": 818521000,
    "grossProfit": 551489000,
    "grossProfitRatio": 0.4025437771,
    "researchAndDevelopmentExpenses": 0,
    "generalAndAdministrativeExpenses": 126834000,
    "sellingAndMarketingExpenses": 0,
    "sellingGeneralAndAdministrativeExpenses": 126834000,
    "otherExpenses": -801000,
    "operatingExpenses": 217274000,
    "costAndExpenses": 1035795000,
    "interestIncome": 5814000,
    "interestExpense": 79048000,
    "depreciationAndAmortization": 79027000,
    "ebitda": 411602000,
    "ebitdaratio": 0.3004372231,
    "operatingIncome": 332575000,
    "operatingIncomeRatio": 0.2427537025,
    "totalOtherIncomeExpensesNet": -74681000,
    "incomeBeforeTax": 257894000,
    "incomeBeforeTaxRatio": 0.1882424216,
    "incomeTaxExpense": 4888000,
    "netIncome": 191406000,
    "netIncomeRatio": 0.139711389,
    "eps": 1.9,
    "epsdiluted": 1.88,
    "weightedAverageShsOut": 100959000,
    "weightedAverageShsOutDil": 101999000,
    "link": "https://www.sec.gov/Archives/edgar/data/1174922/000117492214000045/0001174922-14-000045-index.htm",
    "finalLink": "https://www.sec.gov/Archives/edgar/data/1174922/000117492214000045/wrl-20140930x10q.htm"
  },
  {
    "date": "2014-06-30",
    "symbol": "WYNN",
    "reportedCurrency": "USD",
    "cik": "0001174922",
    "fillingDate": "2014-08-08",
    "acceptedDate": "2014-08-08 16:16:28",
    "calendarYear": "2014",
    "period": "Q2",
    "revenue": 1412063000,
    "costOfRevenue": 859459000,
    "grossProfit": 552604000,
    "grossProfitRatio": 0.3913451454,
    "researchAndDevelopmentExpenses": 0,
    "generalAndAdministrativeExpenses": 128520000,
    "sellingAndMarketingExpenses": 0,
    "sellingGeneralAndAdministrativeExpenses": 128520000,
    "otherExpenses": 693000,
    "operatingExpenses": 209162000,
    "costAndExpenses": 1068621000,
    "interestIncome": 5505000,
    "interestExpense": 81765000,
    "depreciationAndAmortization": 78351000,
    "ebitda": 419693000,
    "ebitdaratio": 0.2972197416,
    "operatingIncome": 341342000,
    "operatingIncomeRatio": 0.2417328405,
    "totalOtherIncomeExpensesNet": -82176000,
    "incomeBeforeTax": 259166000,
    "incomeBeforeTaxRatio": 0.1835371368,
    "incomeTaxExpense": 764000,
    "netIncome": 203906000,
    "netIncomeRatio": 0.1444029055,
    "eps": 2.02,
    "epsdiluted": 2,
    "weightedAverageShsOut": 100915000,
    "weightedAverageShsOutDil": 102018000,
    "link": "https://www.sec.gov/Archives/edgar/data/1174922/000117492214000025/0001174922-14-000025-index.htm",
    "finalLink": "https://www.sec.gov/Archives/edgar/data/1174922/000117492214000025/wrl-20140630x10q.htm"
  },
  {
    "date": "2014-03-31",
    "symbol": "WYNN",
    "reportedCurrency": "USD",
    "cik": "0001174922",
    "fillingDate": "2014-05-09",
    "acceptedDate": "2014-05-09 16:41:55",
    "calendarYear": "2014",
    "period": "Q1",
    "revenue": 1513613000,
    "costOfRevenue": 938567000,
    "grossProfit": 575046000,
    "grossProfitRatio": 0.3799161344,
    "researchAndDevelopmentExpenses": 0,
    "generalAndAdministrativeExpenses": 111277000,
    "sellingAndMarketingExpenses": 0,
    "sellingGeneralAndAdministrativeExpenses": 111277000,
    "otherExpenses": -297000,
    "operatingExpenses": 188281000,
    "costAndExpenses": 1126848000,
    "interestIncome": 4753000,
    "interestExpense": 75256000,
    "depreciationAndAmortization": 76659000,
    "ebitda": 453490000,
    "ebitdaratio": 0.2996076276,
    "operatingIncome": 376831000,
    "operatingIncomeRatio": 0.2489612602,
    "totalOtherIncomeExpensesNet": -71179000,
    "incomeBeforeTax": 305652000,
    "incomeBeforeTaxRatio": 0.2019353692,
    "incomeTaxExpense": 2609000,
    "netIncome": 226896000,
    "netIncomeRatio": 0.1499035751,
    "eps": 2.25,
    "epsdiluted": 2.22,
    "weightedAverageShsOut": 100822000,
    "weightedAverageShsOutDil": 102009000,
    "link": "https://www.sec.gov/Archives/edgar/data/1174922/000117492214000013/0001174922-14-000013-index.htm",
    "finalLink": "https://www.sec.gov/Archives/edgar/data/1174922/000117492214000013/wrl-20140331x10q.htm"
  },
  {
    "date": "2013-12-31",
    "symbol": "WYNN",
    "reportedCurrency": "USD",
    "cik": "0001174922",
    "fillingDate": "2014-02-28",
    "acceptedDate": "2014-02-28 16:54:40",
    "calendarYear": "2013",
    "period": "Q4",
    "revenue": 1519897000,
    "costOfRevenue": 933077000,
    "grossProfit": 586820000,
    "grossProfitRatio": 0.3860919523,
    "researchAndDevelopmentExpenses": 0,
    "generalAndAdministrativeExpenses": 116472000,
    "sellingAndMarketingExpenses": 0,
    "sellingGeneralAndAdministrativeExpenses": 116472000,
    "otherExpenses": 471000,
    "operatingExpenses": 214812000,
    "costAndExpenses": 1147889000,
    "interestIncome": 4118000,
    "interestExpense": 76332000,
    "depreciationAndAmortization": 91990000,
    "ebitda": 473789000,
    "ebitdaratio": 0.3117244129,
    "operatingIncome": 368441000,
    "operatingIncomeRatio": 0.2424118213,
    "totalOtherIncomeExpensesNet": -84290000,
    "incomeBeforeTax": 284151000,
    "incomeBeforeTaxRatio": 0.186954116,
    "incomeTaxExpense": -6335000,
    "netIncome": 213884000,
    "netIncomeRatio": 0.1407226937,
    "eps": 2.12,
    "epsdiluted": 2.1,
    "weightedAverageShsOut": 100748000,
    "weightedAverageShsOutDil": 101807000,
    "link": "https://www.sec.gov/Archives/edgar/data/1174922/000119312514077632/0001193125-14-077632-index.htm",
    "finalLink": "https://www.sec.gov/Archives/edgar/data/1174922/000119312514077632/d644551d10k.htm"
  },
  {
    "date": "2013-09-30",
    "symbol": "WYNN",
    "reportedCurrency": "USD",
    "cik": "0001174922",
    "fillingDate": "2013-11-12",
    "acceptedDate": "2013-11-12 16:20:28",
    "calendarYear": "2013",
    "period": "Q3",
    "revenue": 1390112000,
    "costOfRevenue": 863139000,
    "grossProfit": 526973000,
    "grossProfitRatio": 0.3790867211,
    "researchAndDevelopmentExpenses": 0,
    "generalAndAdministrativeExpenses": 105026000,
    "sellingAndMarketingExpenses": 0,
    "sellingGeneralAndAdministrativeExpenses": 105026000,
    "otherExpenses": 1123000,
    "operatingExpenses": 210382000,
    "costAndExpenses": 1073521000,
    "interestIncome": 3215000,
    "interestExpense": 73549000,
    "depreciationAndAmortization": 93325000,
    "ebitda": 407303000,
    "ebitdaratio": 0.2930001324,
    "operatingIncome": 313978000,
    "operatingIncomeRatio": 0.225865254,
    "totalOtherIncomeExpensesNet": -72448000,
    "incomeBeforeTax": 241530000,
    "incomeBeforeTaxRatio": 0.17374859,
    "incomeTaxExpense": -7281000,
    "netIncome": 182020000,
    "netIncomeRatio": 0.1309390898,
    "eps": 1.81,
    "epsdiluted": 1.79,
    "weightedAverageShsOut": 100685000,
    "weightedAverageShsOutDil": 101547000,
    "link": "https://www.sec.gov/Archives/edgar/data/1174922/000119312513438301/0001193125-13-438301-index.htm",
    "finalLink": "https://www.sec.gov/Archives/edgar/data/1174922/000119312513438301/d599412d10q.htm"
  },
  {
    "date": "2013-06-30",
    "symbol": "WYNN",
    "reportedCurrency": "USD",
    "cik": "0001174922",
    "fillingDate": "2013-08-09",
    "acceptedDate": "2013-08-09 15:18:25",
    "calendarYear": "2013",
    "period": "Q2",
    "revenue": 1332273000,
    "costOfRevenue": 837829000,
    "grossProfit": 494444000,
    "grossProfitRatio": 0.3711281397,
    "researchAndDevelopmentExpenses": 0,
    "generalAndAdministrativeExpenses": 132381000,
    "sellingAndMarketingExpenses": 0,
    "sellingGeneralAndAdministrativeExpenses": 132381000,
    "otherExpenses": 2097000,
    "operatingExpenses": 214808000,
    "costAndExpenses": 1052637000,
    "interestIncome": 4158000,
    "interestExpense": 73764000,
    "depreciationAndAmortization": 93218000,
    "ebitda": 360822000,
    "ebitdaratio": 0.2708318791,
    "operatingIncome": 274024000,
    "operatingIncomeRatio": 0.2056815683,
    "totalOtherIncomeExpensesNet": -80184000,
    "incomeBeforeTax": 193840000,
    "incomeBeforeTaxRatio": 0.1454957055,
    "incomeTaxExpense": 1124000,
    "netIncome": 129785000,
    "netIncomeRatio": 0.0974162202,
    "eps": 1.29,
    "epsdiluted": 1.28,
    "weightedAverageShsOut": 100484000,
    "weightedAverageShsOutDil": 101549000,
    "link": "https://www.sec.gov/Archives/edgar/data/1174922/000119312513329016/0001193125-13-329016-index.htm",
    "finalLink": "https://www.sec.gov/Archives/edgar/data/1174922/000119312513329016/d548026d10q.htm"
  },
  {
    "date": "2013-03-31",
    "symbol": "WYNN",
    "reportedCurrency": "USD",
    "cik": "0001174922",
    "fillingDate": "2013-05-10",
    "acceptedDate": "2013-05-10 15:57:32",
    "calendarYear": "2013",
    "period": "Q1",
    "revenue": 1378654000,
    "costOfRevenue": 844777000,
    "grossProfit": 533877000,
    "grossProfitRatio": 0.3872450956,
    "researchAndDevelopmentExpenses": 0,
    "generalAndAdministrativeExpenses": 94909000,
    "sellingAndMarketingExpenses": 0,
    "sellingGeneralAndAdministrativeExpenses": 94909000,
    "otherExpenses": 1165000,
    "operatingExpenses": 194883000,
    "costAndExpenses": 1039660000,
    "interestIncome": 4222000,
    "interestExpense": 75377000,
    "depreciationAndAmortization": 92518000,
    "ebitda": 434897000,
    "ebitdaratio": 0.3154504321,
    "operatingIncome": 333648000,
    "operatingIncomeRatio": 0.2420099604,
    "totalOtherIncomeExpensesNet": -66646000,
    "incomeBeforeTax": 267002000,
    "incomeBeforeTaxRatio": 0.1936686072,
    "incomeTaxExpense": -5142000,
    "netIncome": 202963000,
    "netIncomeRatio": 0.1472182288,
    "eps": 2.02,
    "epsdiluted": 2,
    "weightedAverageShsOut": 100237000,
    "weightedAverageShsOutDil": 101373000,
    "link": "https://www.sec.gov/Archives/edgar/data/1174922/000119312513214073/0001193125-13-214073-index.htm",
    "finalLink": "https://www.sec.gov/Archives/edgar/data/1174922/000119312513214073/d516656d10q.htm"
  },
  {
    "date": "2012-12-31",
    "symbol": "WYNN",
    "reportedCurrency": "USD",
    "cik": "0001174922",
    "fillingDate": "2013-03-01",
    "acceptedDate": "2013-03-01 16:09:00",
    "calendarYear": "2012",
    "period": "Q4",
    "revenue": 1289084000,
    "costOfRevenue": 801958000,
    "grossProfit": 487126000,
    "grossProfitRatio": 0.3778853822,
    "researchAndDevelopmentExpenses": 0,
    "generalAndAdministrativeExpenses": 120187000,
    "sellingAndMarketingExpenses": 0,
    "sellingGeneralAndAdministrativeExpenses": 120187000,
    "otherExpenses": 2076000,
    "operatingExpenses": 225733000,
    "costAndExpenses": 1027691000,
    "interestIncome": 4736000,
    "interestExpense": 77742000,
    "depreciationAndAmortization": 93057000,
    "ebitda": 353407000,
    "ebitdaratio": 0.274153585,
    "operatingIncome": 257962000,
    "operatingIncomeRatio": 0.2001126381,
    "totalOtherIncomeExpensesNet": -75354000,
    "incomeBeforeTax": 182608000,
    "incomeBeforeTaxRatio": 0.1416571767,
    "incomeTaxExpense": 16782000,
    "netIncome": 111373000,
    "netIncomeRatio": 0.0863970075,
    "eps": 1.11,
    "epsdiluted": 1.1,
    "weightedAverageShsOut": 100080000,
    "weightedAverageShsOutDil": 101122000,
    "link": "https://www.sec.gov/Archives/edgar/data/1174922/000119312513087674/0001193125-13-087674-index.htm",
    "finalLink": "https://www.sec.gov/Archives/edgar/data/1174922/000119312513087674/d459372d10k.htm"
  },
  {
    "date": "2012-09-30",
    "symbol": "WYNN",
    "reportedCurrency": "USD",
    "cik": "0001174922",
    "fillingDate": "2012-11-09",
    "acceptedDate": "2012-11-09 16:24:21",
    "calendarYear": "2012",
    "period": "Q3",
    "revenue": 2688626000,
    "costOfRevenue": 813340000,
    "grossProfit": 1875286000,
    "grossProfitRatio": 0.6974886057,
    "researchAndDevelopmentExpenses": 0,
    "generalAndAdministrativeExpenses": 115785000,
    "sellingAndMarketingExpenses": 22721000,
    "sellingGeneralAndAdministrativeExpenses": 138506000,
    "otherExpenses": 99557000,
    "operatingExpenses": 238063000,
    "costAndExpenses": 1051403000,
    "interestIncome": 3759000,
    "interestExpense": 75082000,
    "depreciationAndAmortization": 94274000,
    "ebitda": 345315000,
    "ebitdaratio": 0.1284354908,
    "operatingIncome": 247092000,
    "operatingIncomeRatio": 0.0919027042,
    "totalOtherIncomeExpensesNet": -89547000,
    "incomeBeforeTax": 157545000,
    "incomeBeforeTaxRatio": 0.0585968446,
    "incomeTaxExpense": -7626000,
    "netIncome": 112035000,
    "netIncomeRatio": 0.0416699831,
    "eps": 1.12,
    "epsdiluted": 1.11,
    "weightedAverageShsOut": 99871000,
    "weightedAverageShsOutDil": 100892000,
    "link": "https://www.sec.gov/Archives/edgar/data/1174922/000119312512463380/0001193125-12-463380-index.htm",
    "finalLink": "https://www.sec.gov/Archives/edgar/data/1174922/000119312512463380/d411552d10q.htm"
  },
  {
    "date": "2012-06-30",
    "symbol": "WYNN",
    "reportedCurrency": "USD",
    "cik": "0001174922",
    "fillingDate": "2012-08-09",
    "acceptedDate": "2012-08-09 16:31:19",
    "calendarYear": "2012",
    "period": "Q2",
    "revenue": 1253207000,
    "costOfRevenue": 809583000,
    "grossProfit": 443624000,
    "grossProfitRatio": 0.3539910007,
    "researchAndDevelopmentExpenses": 0,
    "generalAndAdministrativeExpenses": 99777000,
    "sellingAndMarketingExpenses": 3540000,
    "sellingGeneralAndAdministrativeExpenses": 103317000,
    "otherExpenses": 76184000,
    "operatingExpenses": 179501000,
    "costAndExpenses": 989084000,
    "interestIncome": 2483000,
    "interestExpense": 73874000,
    "depreciationAndAmortization": 93463000,
    "ebitda": 361890000,
    "ebitdaratio": 0.2887711288,
    "operatingIncome": 264123000,
    "operatingIncomeRatio": 0.2107576801,
    "totalOtherIncomeExpensesNet": -69570000,
    "incomeBeforeTax": 194553000,
    "incomeBeforeTaxRatio": 0.1552441057,
    "incomeTaxExpense": -4740000,
    "netIncome": 138064000,
    "netIncomeRatio": 0.1101685516,
    "eps": 1.38,
    "epsdiluted": 1.37,
    "weightedAverageShsOut": 99782000,
    "weightedAverageShsOutDil": 101010000,
    "link": "https://www.sec.gov/Archives/edgar/data/1174922/000119312512347659/0001193125-12-347659-index.htm",
    "finalLink": "https://www.sec.gov/Archives/edgar/data/1174922/000119312512347659/d360762d10q.htm"
  },
  {
    "date": "2012-03-31",
    "symbol": "WYNN",
    "reportedCurrency": "USD",
    "cik": "0001174922",
    "fillingDate": "2012-05-10",
    "acceptedDate": "2012-05-10 15:39:49",
    "calendarYear": "2012",
    "period": "Q1",
    "revenue": 1313498000,
    "costOfRevenue": 826694000,
    "grossProfit": 486804000,
    "grossProfitRatio": 0.370616476,
    "researchAndDevelopmentExpenses": 0,
    "generalAndAdministrativeExpenses": 105950000,
    "sellingAndMarketingExpenses": 10286000,
    "sellingGeneralAndAdministrativeExpenses": 116236000,
    "otherExpenses": 110469000,
    "operatingExpenses": 226705000,
    "costAndExpenses": 1053399000,
    "interestIncome": 1565000,
    "interestExpense": 62061000,
    "depreciationAndAmortization": 92405000,
    "ebitda": 352758000,
    "ebitdaratio": 0.2685637892,
    "operatingIncome": 260099000,
    "operatingIncomeRatio": 0.198020096,
    "totalOtherIncomeExpensesNet": -61807000,
    "incomeBeforeTax": 198292000,
    "incomeBeforeTaxRatio": 0.1509648283,
    "incomeTaxExpense": -117000,
    "netIncome": 140564000,
    "netIncomeRatio": 0.1070150088,
    "eps": 1.25,
    "epsdiluted": 1.23,
    "weightedAverageShsOut": 112704000,
    "weightedAverageShsOutDil": 114008000,
    "link": "https://www.sec.gov/Archives/edgar/data/1174922/000119312512225309/0001193125-12-225309-index.htm",
    "finalLink": "https://www.sec.gov/Archives/edgar/data/1174922/000119312512225309/d326512d10q.htm"
  },
  {
    "date": "2011-12-31",
    "symbol": "WYNN",
    "reportedCurrency": "USD",
    "cik": "0001174922",
    "fillingDate": "2012-04-30",
    "acceptedDate": "2012-04-30 16:11:07",
    "calendarYear": "2011",
    "period": "Q4",
    "revenue": 1343863000,
    "costOfRevenue": 851306000,
    "grossProfit": 492557000,
    "grossProfitRatio": 0.3665232245,
    "researchAndDevelopmentExpenses": 0,
    "generalAndAdministrativeExpenses": 389053000,
    "sellingAndMarketingExpenses": -280929000,
    "sellingGeneralAndAdministrativeExpenses": 108124000,
    "otherExpenses": 109627000,
    "operatingExpenses": 217751000,
    "costAndExpenses": 1069057000,
    "interestIncome": 3015000,
    "interestExpense": 55962000,
    "depreciationAndAmortization": 94118000,
    "ebitda": 377189000,
    "ebitdaratio": 0.2806751879,
    "operatingIncome": 274806000,
    "operatingIncomeRatio": 0.2044895945,
    "totalOtherIncomeExpensesNet": -47697000,
    "incomeBeforeTax": 227109000,
    "incomeBeforeTaxRatio": 0.1689971374,
    "incomeTaxExpense": -31153000,
    "netIncome": 190473000,
    "netIncomeRatio": 0.1417354299,
    "eps": 1.69,
    "epsdiluted": 1.67,
    "weightedAverageShsOut": 112704000,
    "weightedAverageShsOutDil": 114008000,
    "link": "https://www.sec.gov/Archives/edgar/data/1174922/000119312512195995/0001193125-12-195995-index.htm",
    "finalLink": "https://www.sec.gov/Archives/edgar/data/1174922/000119312512195995/d340198d10ka.htm"
  },
  {
    "date": "2011-09-30",
    "symbol": "WYNN",
    "reportedCurrency": "USD",
    "cik": "0001174922",
    "fillingDate": "2011-11-09",
    "acceptedDate": "2011-11-09 14:29:38",
    "calendarYear": "2011",
    "period": "Q3",
    "revenue": 1298304000,
    "costOfRevenue": 836016000,
    "grossProfit": 462288000,
    "grossProfitRatio": 0.3560706891,
    "researchAndDevelopmentExpenses": 0,
    "generalAndAdministrativeExpenses": 107935000,
    "sellingAndMarketingExpenses": 9662000,
    "sellingGeneralAndAdministrativeExpenses": 117597000,
    "otherExpenses": 104846000,
    "operatingExpenses": 222443000,
    "costAndExpenses": 1058459000,
    "interestIncome": 2663000,
    "interestExpense": 57462000,
    "depreciationAndAmortization": 100522000,
    "ebitda": 347439000,
    "ebitdaratio": 0.2676098972,
    "operatingIncome": 239845000,
    "operatingIncomeRatio": 0.1847371648,
    "totalOtherIncomeExpensesNet": -50390000,
    "incomeBeforeTax": 189455000,
    "incomeBeforeTaxRatio": 0.1459249914,
    "incomeTaxExpense": 4270000,
    "netIncome": 127063000,
    "netIncomeRatio": 0.0978684499,
    "eps": 1.02,
    "epsdiluted": 1.01,
    "weightedAverageShsOut": 124176000,
    "weightedAverageShsOutDil": 125860000,
    "link": "https://www.sec.gov/Archives/edgar/data/1174922/000119312511304221/0001193125-11-304221-index.htm",
    "finalLink": "https://www.sec.gov/Archives/edgar/data/1174922/000119312511304221/d231986d10q.htm"
  },
  {
    "date": "2011-06-30",
    "symbol": "WYNN",
    "reportedCurrency": "USD",
    "cik": "0001174922",
    "fillingDate": "2011-08-09",
    "acceptedDate": "2011-08-09 15:27:09",
    "calendarYear": "2011",
    "period": "Q2",
    "revenue": 1367353000,
    "costOfRevenue": 845512000,
    "grossProfit": 521841000,
    "grossProfitRatio": 0.3816432187,
    "researchAndDevelopmentExpenses": 0,
    "generalAndAdministrativeExpenses": 91912000,
    "sellingAndMarketingExpenses": 0,
    "sellingGeneralAndAdministrativeExpenses": 91912000,
    "otherExpenses": 105836000,
    "operatingExpenses": 308808000,
    "costAndExpenses": 1154320000,
    "interestIncome": 1577000,
    "interestExpense": 58231000,
    "depreciationAndAmortization": 102052000,
    "ebitda": 320845000,
    "ebitdaratio": 0.2346467957,
    "operatingIncome": 213033000,
    "operatingIncomeRatio": 0.1557995631,
    "totalOtherIncomeExpensesNet": -52471000,
    "incomeBeforeTax": 160562000,
    "incomeBeforeTaxRatio": 0.1174254198,
    "incomeTaxExpense": 5231000,
    "netIncome": 122031000,
    "netIncomeRatio": 0.0892461566,
    "eps": 0.98,
    "epsdiluted": 0.97,
    "weightedAverageShsOut": 123970000,
    "weightedAverageShsOutDil": 125729000,
    "link": "https://www.sec.gov/Archives/edgar/data/1174922/000119312511216378/0001193125-11-216378-index.htm",
    "finalLink": "https://www.sec.gov/Archives/edgar/data/1174922/000119312511216378/d10q.htm"
  },
  {
    "date": "2011-03-31",
    "symbol": "WYNN",
    "reportedCurrency": "USD",
    "cik": "0001174922",
    "fillingDate": "2011-05-09",
    "acceptedDate": "2011-05-09 17:04:47",
    "calendarYear": "2011",
    "period": "Q1",
    "revenue": 1260272000,
    "costOfRevenue": 777199000,
    "grossProfit": 483073000,
    "grossProfitRatio": 0.3833085239,
    "researchAndDevelopmentExpenses": 0,
    "generalAndAdministrativeExpenses": 87661000,
    "sellingAndMarketingExpenses": 0,
    "sellingGeneralAndAdministrativeExpenses": 87661000,
    "otherExpenses": 111508000,
    "operatingExpenses": 199169000,
    "costAndExpenses": 976368000,
    "interestIncome": 399000,
    "interestExpense": 58263000,
    "depreciationAndAmortization": 101347000,
    "ebitda": 388051000,
    "ebitdaratio": 0.3079105146,
    "operatingIncome": 280556000,
    "operatingIncomeRatio": 0.2226154354,
    "totalOtherIncomeExpensesNet": -52115000,
    "incomeBeforeTax": 228441000,
    "incomeBeforeTaxRatio": 0.1812632511,
    "incomeTaxExpense": 2106000,
    "netIncome": 173804000,
    "netIncomeRatio": 0.1379099115,
    "eps": 1.4,
    "epsdiluted": 1.39,
    "weightedAverageShsOut": 123757000,
    "weightedAverageShsOutDil": 125371000,
    "link": "https://www.sec.gov/Archives/edgar/data/1174922/000119312511132526/0001193125-11-132526-index.htm",
    "finalLink": "https://www.sec.gov/Archives/edgar/data/1174922/000119312511132526/d10q.htm"
  },
  {
    "date": "2010-12-31",
    "symbol": "WYNN",
    "reportedCurrency": "USD",
    "cik": "0001174922",
    "fillingDate": "2011-03-01",
    "acceptedDate": "2011-02-28 20:55:43",
    "calendarYear": "2010",
    "period": "Q4",
    "revenue": 1237188000,
    "costOfRevenue": 784180000,
    "grossProfit": 453008000,
    "grossProfitRatio": 0.3661593873,
    "researchAndDevelopmentExpenses": 0,
    "generalAndAdministrativeExpenses": 391254000,
    "sellingAndMarketingExpenses": -282429000,
    "sellingGeneralAndAdministrativeExpenses": 108825000,
    "otherExpenses": 113874000,
    "operatingExpenses": 222699000,
    "costAndExpenses": 1006879000,
    "interestIncome": 686000,
    "interestExpense": 59663000,
    "depreciationAndAmortization": 100299000,
    "ebitda": 336274000,
    "ebitdaratio": 0.2718050935,
    "operatingIncome": 230309000,
    "operatingIncomeRatio": 0.1861552165,
    "totalOtherIncomeExpensesNet": -53997000,
    "incomeBeforeTax": 176312000,
    "incomeBeforeTaxRatio": 0.1425102733,
    "incomeTaxExpense": 4438000,
    "netIncome": 114242000,
    "netIncomeRatio": 0.0923400486,
    "eps": 0.92,
    "epsdiluted": 0.91,
    "weightedAverageShsOut": 123757000,
    "weightedAverageShsOutDil": 125371000,
    "link": "https://www.sec.gov/Archives/edgar/data/1174922/000119312511050547/0001193125-11-050547-index.htm",
    "finalLink": "https://www.sec.gov/Archives/edgar/data/1174922/000119312511050547/d10k.htm"
  },
  {
    "date": "2010-09-30",
    "symbol": "WYNN",
    "reportedCurrency": "USD",
    "cik": "0001174922",
    "fillingDate": "2010-11-08",
    "acceptedDate": "2010-11-05 21:10:22",
    "calendarYear": "2010",
    "period": "Q3",
    "revenue": 1005949000,
    "costOfRevenue": 653158000,
    "grossProfit": 352791000,
    "grossProfitRatio": 0.350704658,
    "researchAndDevelopmentExpenses": 0,
    "generalAndAdministrativeExpenses": 103030000,
    "sellingAndMarketingExpenses": 17612000,
    "sellingGeneralAndAdministrativeExpenses": 120642000,
    "otherExpenses": 100200000,
    "operatingExpenses": 220842000,
    "costAndExpenses": 874000000,
    "interestIncome": 953000,
    "interestExpense": 60341000,
    "depreciationAndAmortization": 99341000,
    "ebitda": 166647000,
    "ebitdaratio": 0.1656614799,
    "operatingIncome": 131949000,
    "operatingIncomeRatio": 0.1311686775,
    "totalOtherIncomeExpensesNet": -124984000,
    "incomeBeforeTax": 6965000,
    "incomeBeforeTaxRatio": 0.0069238103,
    "incomeTaxExpense": 9019000,
    "netIncome": -33508000,
    "netIncomeRatio": -0.0333098398,
    "eps": -0.27,
    "epsdiluted": -0.27,
    "weightedAverageShsOut": 122771000,
    "weightedAverageShsOutDil": 122771000,
    "link": "https://www.sec.gov/Archives/edgar/data/1174922/000119312510250627/0001193125-10-250627-index.htm",
    "finalLink": "https://www.sec.gov/Archives/edgar/data/1174922/000119312510250627/d10q.htm"
  },
  {
    "date": "2010-06-30",
    "symbol": "WYNN",
    "reportedCurrency": "USD",
    "cik": "0001174922",
    "fillingDate": "2010-08-09",
    "acceptedDate": "2010-08-06 19:08:59",
    "calendarYear": "2010",
    "period": "Q2",
    "revenue": 1032643000,
    "costOfRevenue": 670983000,
    "grossProfit": 361660000,
    "grossProfitRatio": 0.350227523,
    "researchAndDevelopmentExpenses": 0,
    "generalAndAdministrativeExpenses": 95668000,
    "sellingAndMarketingExpenses": 9641000,
    "sellingGeneralAndAdministrativeExpenses": 105309000,
    "otherExpenses": 108205000,
    "operatingExpenses": 213514000,
    "costAndExpenses": 884497000,
    "interestIncome": 571000,
    "interestExpense": 53598000,
    "depreciationAndAmortization": 101353000,
    "ebitda": 250185000,
    "ebitdaratio": 0.2422763724,
    "operatingIncome": 148146000,
    "operatingIncomeRatio": 0.1434629393,
    "totalOtherIncomeExpensesNet": -57308000,
    "incomeBeforeTax": 90838000,
    "incomeBeforeTaxRatio": 0.0879665092,
    "incomeTaxExpense": 1921000,
    "netIncome": 52405000,
    "netIncomeRatio": 0.0507484193,
    "eps": 0.43,
    "epsdiluted": 0.42,
    "weightedAverageShsOut": 122521000,
    "weightedAverageShsOutDil": 123816000,
    "link": "https://www.sec.gov/Archives/edgar/data/1174922/000119312510181746/0001193125-10-181746-index.htm",
    "finalLink": "https://www.sec.gov/Archives/edgar/data/1174922/000119312510181746/d10q.htm"
  },
  {
    "date": "2010-03-31",
    "symbol": "WYNN",
    "reportedCurrency": "USD",
    "cik": "0001174922",
    "fillingDate": "2010-05-07",
    "acceptedDate": "2010-05-07 17:20:36",
    "calendarYear": "2010",
    "period": "Q1",
    "revenue": 908918000,
    "costOfRevenue": 591294000,
    "grossProfit": 317624000,
    "grossProfitRatio": 0.3494528659,
    "researchAndDevelopmentExpenses": 0,
    "generalAndAdministrativeExpenses": 87001000,
    "sellingAndMarketingExpenses": 2311000,
    "sellingGeneralAndAdministrativeExpenses": 89312000,
    "otherExpenses": 111583000,
    "operatingExpenses": 200895000,
    "costAndExpenses": 792189000,
    "interestIncome": 288000,
    "interestExpense": 49261000,
    "depreciationAndAmortization": 104565000,
    "ebitda": 221973000,
    "ebitdaratio": 0.24421675,
    "operatingIncome": 114848000,
    "operatingIncomeRatio": 0.1263568331,
    "totalOtherIncomeExpensesNet": -51920000,
    "incomeBeforeTax": 62928000,
    "incomeBeforeTaxRatio": 0.0692339683,
    "incomeTaxExpense": 5069000,
    "netIncome": 26988000,
    "netIncomeRatio": 0.0296924475,
    "eps": 0.22,
    "epsdiluted": 0.22,
    "weightedAverageShsOut": 122411000,
    "weightedAverageShsOutDil": 122982000,
    "link": "https://www.sec.gov/Archives/edgar/data/1174922/000119312510113094/0001193125-10-113094-index.htm",
    "finalLink": "https://www.sec.gov/Archives/edgar/data/1174922/000119312510113094/d10q.htm"
  },
  {
    "date": "2009-12-31",
    "symbol": "WYNN",
    "reportedCurrency": "USD",
    "cik": "0001174922",
    "fillingDate": "2010-03-01",
    "acceptedDate": "2010-02-26 20:20:18",
    "calendarYear": "2009",
    "period": "Q4",
    "revenue": 809329000,
    "costOfRevenue": 538769000,
    "grossProfit": 270560000,
    "grossProfitRatio": 0.3343016252,
    "researchAndDevelopmentExpenses": 0,
    "generalAndAdministrativeExpenses": 366785000,
    "sellingAndMarketingExpenses": -246911000,
    "sellingGeneralAndAdministrativeExpenses": 119874000,
    "otherExpenses": 105169000,
    "operatingExpenses": 225043000,
    "costAndExpenses": 763812000,
    "interestIncome": 495000,
    "interestExpense": 50524000,
    "depreciationAndAmortization": 104441000,
    "ebitda": 150650000,
    "ebitdaratio": 0.1861418533,
    "operatingIncome": 45517000,
    "operatingIncomeRatio": 0.0562404164,
    "totalOtherIncomeExpensesNet": -54898000,
    "incomeBeforeTax": -9381000,
    "incomeBeforeTaxRatio": -0.0115910835,
    "incomeTaxExpense": -22613000,
    "netIncome": -5221000,
    "netIncomeRatio": -0.006451023,
    "eps": -0.0427,
    "epsdiluted": -0.0425,
    "weightedAverageShsOut": 122411000,
    "weightedAverageShsOutDil": 122982000,
    "link": "https://www.sec.gov/Archives/edgar/data/1174922/000119312510043336/0001193125-10-043336-index.htm",
    "finalLink": "https://www.sec.gov/Archives/edgar/data/1174922/000119312510043336/d10k.htm"
  },
  {
    "date": "2009-09-30",
    "symbol": "WYNN",
    "reportedCurrency": "USD",
    "cik": "0001174922",
    "fillingDate": "2009-11-09",
    "acceptedDate": "2009-11-09 15:43:50",
    "calendarYear": "2009",
    "period": "Q3",
    "revenue": 773071000,
    "costOfRevenue": 496514000,
    "grossProfit": 276557000,
    "grossProfitRatio": 0.3577381638,
    "researchAndDevelopmentExpenses": 0,
    "generalAndAdministrativeExpenses": 88946000,
    "sellingAndMarketingExpenses": 330000,
    "sellingGeneralAndAdministrativeExpenses": 89276000,
    "otherExpenses": 107057000,
    "operatingExpenses": 196333000,
    "costAndExpenses": 692847000,
    "interestIncome": 407000,
    "interestExpense": 50140000,
    "depreciationAndAmortization": 101907000,
    "ebitda": 182500000,
    "ebitdaratio": 0.2360714604,
    "operatingIncome": 79499000,
    "operatingIncomeRatio": 0.1028353153,
    "totalOtherIncomeExpensesNet": -55118000,
    "incomeBeforeTax": 24381000,
    "incomeBeforeTaxRatio": 0.0315378536,
    "incomeTaxExpense": -9829000,
    "netIncome": 34210000,
    "netIncomeRatio": 0.0442520803,
    "eps": 0.28,
    "epsdiluted": 0.28,
    "weightedAverageShsOut": 122200000,
    "weightedAverageShsOutDil": 122610000,
    "link": "https://www.sec.gov/Archives/edgar/data/1174922/000119312509229288/0001193125-09-229288-index.htm",
    "finalLink": "https://www.sec.gov/Archives/edgar/data/1174922/000119312509229288/d10q.htm"
  },
  {
    "date": "2009-06-30",
    "symbol": "WYNN",
    "reportedCurrency": "USD",
    "cik": "0001174922",
    "fillingDate": "2009-08-05",
    "acceptedDate": "2009-08-04 21:23:51",
    "calendarYear": "2009",
    "period": "Q2",
    "revenue": 723256000,
    "costOfRevenue": 456585000,
    "grossProfit": 266671000,
    "grossProfitRatio": 0.3687090048,
    "researchAndDevelopmentExpenses": 0,
    "generalAndAdministrativeExpenses": 83105000,
    "sellingAndMarketingExpenses": 40000,
    "sellingGeneralAndAdministrativeExpenses": 83145000,
    "otherExpenses": 106666000,
    "operatingExpenses": 189811000,
    "costAndExpenses": 646396000,
    "interestIncome": 524000,
    "interestExpense": 53689000,
    "depreciationAndAmortization": 102731000,
    "ebitda": 180082000,
    "ebitdaratio": 0.2489879102,
    "operatingIncome": 82798000,
    "operatingIncomeRatio": 0.1144795204,
    "totalOtherIncomeExpensesNet": -37772000,
    "incomeBeforeTax": 45026000,
    "incomeBeforeTaxRatio": 0.0622545821,
    "incomeTaxExpense": 19547000,
    "netIncome": 25479000,
    "netIncomeRatio": 0.0352281903,
    "eps": 0.21,
    "epsdiluted": 0.21,
    "weightedAverageShsOut": 122161000,
    "weightedAverageShsOutDil": 122386000,
    "link": "https://www.sec.gov/Archives/edgar/data/1174922/000119312509164152/0001193125-09-164152-index.htm",
    "finalLink": "https://www.sec.gov/Archives/edgar/data/1174922/000119312509164152/d10q.htm"
  },
  {
    "date": "2009-03-31",
    "symbol": "WYNN",
    "reportedCurrency": "USD",
    "cik": "0001174922",
    "fillingDate": "2009-05-11",
    "acceptedDate": "2009-05-11 16:35:22",
    "calendarYear": "2009",
    "period": "Q1",
    "revenue": 739955000,
    "costOfRevenue": 497466000,
    "grossProfit": 242489000,
    "grossProfitRatio": 0.327707766,
    "researchAndDevelopmentExpenses": 0,
    "generalAndAdministrativeExpenses": 1765000,
    "sellingAndMarketingExpenses": 108213000,
    "sellingGeneralAndAdministrativeExpenses": 109978000,
    "otherExpenses": 105362000,
    "operatingExpenses": 215340000,
    "costAndExpenses": 712806000,
    "interestIncome": 314000,
    "interestExpense": 57032000,
    "depreciationAndAmortization": 101468000,
    "ebitda": 140580000,
    "ebitdaratio": 0.1899845261,
    "operatingIncome": 27144000,
    "operatingIncomeRatio": 0.0366833118,
    "totalOtherIncomeExpensesNet": -45069000,
    "incomeBeforeTax": -17920000,
    "incomeBeforeTaxRatio": -0.0242176889,
    "incomeTaxExpense": 15894000,
    "netIncome": -33814000,
    "netIncomeRatio": -0.0456973735,
    "eps": -0.3,
    "epsdiluted": -0.3,
    "weightedAverageShsOut": 112568000,
    "weightedAverageShsOutDil": 112568000,
    "link": "https://www.sec.gov/Archives/edgar/data/1174922/000119312509107226/0001193125-09-107226-index.htm",
    "finalLink": "https://www.sec.gov/Archives/edgar/data/1174922/000119312509107226/d10q.htm"
  },
  {
    "date": "2008-12-31",
    "symbol": "WYNN",
    "reportedCurrency": "USD",
    "cik": "0001174922",
    "fillingDate": "2009-03-02",
    "acceptedDate": "2009-02-27 21:42:03",
    "calendarYear": "2008",
    "period": "Q4",
    "revenue": 614275000,
    "costOfRevenue": 425888000,
    "grossProfit": 188387000,
    "grossProfitRatio": 0.3066818607,
    "researchAndDevelopmentExpenses": 0,
    "generalAndAdministrativeExpenses": 319303000,
    "sellingAndMarketingExpenses": -201890000,
    "sellingGeneralAndAdministrativeExpenses": 117413000,
    "otherExpenses": 71186000,
    "operatingExpenses": 188599000,
    "costAndExpenses": 614487000,
    "interestIncome": 1402000,
    "interestExpense": 46180000,
    "depreciationAndAmortization": 70793000,
    "ebitda": 71935000,
    "ebitdaratio": 0.1171055309,
    "operatingIncome": -260000,
    "operatingIncomeRatio": -0.0004232632,
    "totalOtherIncomeExpensesNet": -60598000,
    "incomeBeforeTax": -60858000,
    "incomeBeforeTaxRatio": -0.0990728908,
    "incomeTaxExpense": 98776000,
    "netIncome": -159634000,
    "netIncomeRatio": -0.259873835,
    "eps": -1.42,
    "epsdiluted": -1.42,
    "weightedAverageShsOut": 112568000,
    "weightedAverageShsOutDil": 112568000,
    "link": "https://www.sec.gov/Archives/edgar/data/1174922/000119312509041408/0001193125-09-041408-index.htm",
    "finalLink": "https://www.sec.gov/Archives/edgar/data/1174922/000119312509041408/d10k.htm"
  },
  {
    "date": "2008-09-30",
    "symbol": "WYNN",
    "reportedCurrency": "USD",
    "cik": "0001174922",
    "fillingDate": "2008-11-10",
    "acceptedDate": "2008-11-10 14:09:52",
    "calendarYear": "2008",
    "period": "Q3",
    "revenue": 769186000,
    "costOfRevenue": 488682000,
    "grossProfit": 280504000,
    "grossProfitRatio": 0.3646764242,
    "researchAndDevelopmentExpenses": 0,
    "generalAndAdministrativeExpenses": 85371000,
    "sellingAndMarketingExpenses": 15534000,
    "sellingGeneralAndAdministrativeExpenses": 100905000,
    "otherExpenses": 101840000,
    "operatingExpenses": 202745000,
    "costAndExpenses": 691427000,
    "interestIncome": 2731000,
    "interestExpense": 40263000,
    "depreciationAndAmortization": 65544000,
    "ebitda": 146464000,
    "ebitdaratio": 0.1904142821,
    "operatingIncome": 78189000,
    "operatingIncomeRatio": 0.1016516161,
    "totalOtherIncomeExpensesNet": -43404000,
    "incomeBeforeTax": 34264000,
    "incomeBeforeTaxRatio": 0.0445457926,
    "incomeTaxExpense": -16866000,
    "netIncome": 51130000,
    "netIncomeRatio": 0.0664728687,
    "eps": 0.5,
    "epsdiluted": 0.49,
    "weightedAverageShsOut": 103266000,
    "weightedAverageShsOutDil": 104270000,
    "link": "https://www.sec.gov/Archives/edgar/data/1174922/000119312508231454/0001193125-08-231454-index.htm",
    "finalLink": "https://www.sec.gov/Archives/edgar/data/1174922/000119312508231454/d10q.htm"
  },
  {
    "date": "2008-06-30",
    "symbol": "WYNN",
    "reportedCurrency": "USD",
    "cik": "0001174922",
    "fillingDate": "2008-08-08",
    "acceptedDate": "2008-08-08 16:12:59",
    "calendarYear": "2008",
    "period": "Q2",
    "revenue": 825157000,
    "costOfRevenue": 518741000,
    "grossProfit": 306416000,
    "grossProfitRatio": 0.3713426657,
    "researchAndDevelopmentExpenses": 0,
    "generalAndAdministrativeExpenses": 84973000,
    "sellingAndMarketingExpenses": 12119000,
    "sellingGeneralAndAdministrativeExpenses": 97092000,
    "otherExpenses": 64973000,
    "operatingExpenses": 162065000,
    "costAndExpenses": 680806000,
    "interestIncome": 6421000,
    "interestExpense": 40982000,
    "depreciationAndAmortization": 63779000,
    "ebitda": 214714000,
    "ebitdaratio": 0.2602098752,
    "operatingIncome": 144514000,
    "operatingIncomeRatio": 0.1751351561,
    "totalOtherIncomeExpensesNet": -10297000,
    "incomeBeforeTax": 133872000,
    "incomeBeforeTaxRatio": 0.1622382165,
    "incomeTaxExpense": -138121000,
    "netIncome": 271993000,
    "netIncomeRatio": 0.3296257561,
    "eps": 2.45,
    "epsdiluted": 2.42,
    "weightedAverageShsOut": 111128000,
    "weightedAverageShsOutDil": 112365000,
    "link": "https://www.sec.gov/Archives/edgar/data/1174922/000119312508171928/0001193125-08-171928-index.htm",
    "finalLink": "https://www.sec.gov/Archives/edgar/data/1174922/000119312508171928/d10q.htm"
  },
  {
    "date": "2008-03-31",
    "symbol": "WYNN",
    "reportedCurrency": "USD",
    "cik": "0001174922",
    "fillingDate": "2008-05-09",
    "acceptedDate": "2008-05-09 17:08:30",
    "calendarYear": "2008",
    "period": "Q1",
    "revenue": 778706000,
    "costOfRevenue": 504997000,
    "grossProfit": 273709000,
    "grossProfitRatio": 0.3514920907,
    "researchAndDevelopmentExpenses": 0,
    "generalAndAdministrativeExpenses": 79262000,
    "sellingAndMarketingExpenses": 29590000,
    "sellingGeneralAndAdministrativeExpenses": 108852000,
    "otherExpenses": 74254000,
    "operatingExpenses": 183106000,
    "costAndExpenses": 688103000,
    "interestIncome": 11074000,
    "interestExpense": 45268000,
    "depreciationAndAmortization": 62732000,
    "ebitda": 150005000,
    "ebitdaratio": 0.1926336769,
    "operatingIncome": 91411000,
    "operatingIncomeRatio": 0.117388334,
    "totalOtherIncomeExpensesNet": -49406000,
    "incomeBeforeTax": 42005000,
    "incomeBeforeTaxRatio": 0.0539420526,
    "incomeTaxExpense": -4712000,
    "netIncome": 46717000,
    "netIncomeRatio": 0.0599931168,
    "eps": 0.42,
    "epsdiluted": 0.41,
    "weightedAverageShsOut": 112413000,
    "weightedAverageShsOutDil": 113648000,
    "link": "https://www.sec.gov/Archives/edgar/data/1174922/000119312508109979/0001193125-08-109979-index.htm",
    "finalLink": "https://www.sec.gov/Archives/edgar/data/1174922/000119312508109979/d10q.htm"
  },
  {
    "date": "2007-12-31",
    "symbol": "WYNN",
    "reportedCurrency": "USD",
    "cik": "0001174922",
    "fillingDate": "2008-02-22",
    "acceptedDate": "2008-02-22 17:10:43",
    "calendarYear": "2007",
    "period": "Q4",
    "revenue": 711275000,
    "costOfRevenue": 441255000,
    "grossProfit": 270020000,
    "grossProfitRatio": 0.3796281326,
    "researchAndDevelopmentExpenses": 0,
    "generalAndAdministrativeExpenses": 310820000,
    "sellingAndMarketingExpenses": -219216000,
    "sellingGeneralAndAdministrativeExpenses": 91604000,
    "otherExpenses": 69641000,
    "operatingExpenses": 161245000,
    "costAndExpenses": 602500000,
    "interestIncome": 0,
    "interestExpense": 0,
    "depreciationAndAmortization": 64306000,
    "ebitda": 173081000,
    "ebitdaratio": 0.2433390742,
    "operatingIncome": 108775000,
    "operatingIncomeRatio": 0.1529295983,
    "totalOtherIncomeExpensesNet": -21074000,
    "incomeBeforeTax": 87701000,
    "incomeBeforeTaxRatio": 0.1233011142,
    "incomeTaxExpense": 22248000,
    "netIncome": 65453000,
    "netIncomeRatio": 0.092022073,
    "eps": 0.58,
    "epsdiluted": 0.58,
    "weightedAverageShsOut": 112413000,
    "weightedAverageShsOutDil": 113648000,
    "link": "https://www.sec.gov/Archives/edgar/data/1174922/000119312508036412/0001193125-08-036412-index.htm",
    "finalLink": "https://www.sec.gov/Archives/edgar/data/1174922/000119312508036412/d10k.htm"
  },
  {
    "date": "2007-09-30",
    "symbol": "WYNN",
    "reportedCurrency": "USD",
    "cik": "0001174922",
    "fillingDate": "2007-11-09",
    "acceptedDate": "2007-11-09 15:05:12",
    "calendarYear": "2007",
    "period": "Q3",
    "revenue": 653386000,
    "costOfRevenue": 401321000,
    "grossProfit": 252065000,
    "grossProfitRatio": 0.3857826767,
    "researchAndDevelopmentExpenses": 0,
    "generalAndAdministrativeExpenses": 77904000,
    "sellingAndMarketingExpenses": 7196000,
    "sellingGeneralAndAdministrativeExpenses": 85100000,
    "otherExpenses": 80669000,
    "operatingExpenses": 165769000,
    "costAndExpenses": 567090000,
    "interestIncome": 9906000,
    "interestExpense": 34743000,
    "depreciationAndAmortization": 61326000,
    "ebitda": 144867000,
    "ebitdaratio": 0.2217173309,
    "operatingIncome": 86296000,
    "operatingIncomeRatio": 0.1320750674,
    "totalOtherIncomeExpensesNet": -32173000,
    "incomeBeforeTax": 54123000,
    "incomeBeforeTaxRatio": 0.082834649,
    "incomeTaxExpense": 9383000,
    "netIncome": 44740000,
    "netIncomeRatio": 0.068474072,
    "eps": 0.42,
    "epsdiluted": 0.41,
    "weightedAverageShsOut": 107632000,
    "weightedAverageShsOutDil": 110881000,
    "link": "https://www.sec.gov/Archives/edgar/data/1174922/000119312507242236/0001193125-07-242236-index.htm",
    "finalLink": "https://www.sec.gov/Archives/edgar/data/1174922/000119312507242236/d10q.htm"
  },
  {
    "date": "2007-06-30",
    "symbol": "WYNN",
    "reportedCurrency": "USD",
    "cik": "0001174922",
    "fillingDate": "2007-08-09",
    "acceptedDate": "2007-08-09 13:51:48",
    "calendarYear": "2007",
    "period": "Q2",
    "revenue": 687541000,
    "costOfRevenue": 407432000,
    "grossProfit": 280109000,
    "grossProfitRatio": 0.4074069765,
    "researchAndDevelopmentExpenses": 0,
    "generalAndAdministrativeExpenses": 74294000,
    "sellingAndMarketingExpenses": 28272000,
    "sellingGeneralAndAdministrativeExpenses": 102566000,
    "otherExpenses": 51390000,
    "operatingExpenses": 153956000,
    "costAndExpenses": 561388000,
    "interestIncome": 10408000,
    "interestExpense": 35460000,
    "depreciationAndAmortization": 58035000,
    "ebitda": 190797000,
    "ebitdaratio": 0.2775063596,
    "operatingIncome": 126153000,
    "operatingIncomeRatio": 0.1834843304,
    "totalOtherIncomeExpensesNet": -22718000,
    "incomeBeforeTax": 103435000,
    "incomeBeforeTaxRatio": 0.1504419373,
    "incomeTaxExpense": 13885000,
    "netIncome": 89550000,
    "netIncomeRatio": 0.130246778,
    "eps": 0.88,
    "epsdiluted": 0.82,
    "weightedAverageShsOut": 101214000,
    "weightedAverageShsOutDil": 112111000,
    "link": "https://www.sec.gov/Archives/edgar/data/1174922/000119312507177142/0001193125-07-177142-index.htm",
    "finalLink": "https://www.sec.gov/Archives/edgar/data/1174922/000119312507177142/d10q.htm"
  },
  {
    "date": "2007-03-31",
    "symbol": "WYNN",
    "reportedCurrency": "USD",
    "cik": "0001174922",
    "fillingDate": "2007-05-10",
    "acceptedDate": "2007-05-10 14:56:26",
    "calendarYear": "2007",
    "period": "Q1",
    "revenue": 635317000,
    "costOfRevenue": 375057000,
    "grossProfit": 260260000,
    "grossProfitRatio": 0.4096537634,
    "researchAndDevelopmentExpenses": 0,
    "generalAndAdministrativeExpenses": 78166000,
    "sellingAndMarketingExpenses": 22846000,
    "sellingGeneralAndAdministrativeExpenses": 101012000,
    "otherExpenses": 51069000,
    "operatingExpenses": 152081000,
    "costAndExpenses": 527138000,
    "interestIncome": 12100000,
    "interestExpense": 37673000,
    "depreciationAndAmortization": 55574000,
    "ebitda": 171171000,
    "ebitdaratio": 0.269426129,
    "operatingIncome": 108179000,
    "operatingIncomeRatio": 0.1702756262,
    "totalOtherIncomeExpensesNet": -26205000,
    "incomeBeforeTax": 81974000,
    "incomeBeforeTaxRatio": 0.1290285007,
    "incomeTaxExpense": 23569000,
    "netIncome": 58405000,
    "netIncomeRatio": 0.0919304851,
    "eps": 0.58,
    "epsdiluted": 0.54,
    "weightedAverageShsOut": 101402000,
    "weightedAverageShsOutDil": 112348000,
    "link": "https://www.sec.gov/Archives/edgar/data/1174922/000119312507110016/0001193125-07-110016-index.htm",
    "finalLink": "https://www.sec.gov/Archives/edgar/data/1174922/000119312507110016/d10q.htm"
  },
  {
    "date": "2006-12-31",
    "symbol": "WYNN",
    "reportedCurrency": "USD",
    "cik": "0001174922",
    "fillingDate": "2007-03-01",
    "acceptedDate": "2007-03-01 16:11:21",
    "calendarYear": "2006",
    "period": "Q4",
    "revenue": 563570000,
    "costOfRevenue": 334435000,
    "grossProfit": 229135000,
    "grossProfitRatio": 0.40657771,
    "researchAndDevelopmentExpenses": 0,
    "generalAndAdministrativeExpenses": 231515000,
    "sellingAndMarketingExpenses": -130533000,
    "sellingGeneralAndAdministrativeExpenses": 100982000,
    "otherExpenses": 949367000,
    "operatingExpenses": 1050349000,
    "costAndExpenses": 1384784000,
    "interestIncome": 0,
    "interestExpense": 0,
    "depreciationAndAmortization": 57939000,
    "ebitda": -155069000,
    "ebitdaratio": -0.2751548166,
    "operatingIncome": 78195000,
    "operatingIncomeRatio": 0.1387494011,
    "totalOtherIncomeExpensesNet": -83824000,
    "incomeBeforeTax": -5628000,
    "incomeBeforeTaxRatio": -0.0099863371,
    "incomeTaxExpense": 49795000,
    "netIncome": -55423000,
    "netIncomeRatio": -0.0983427081,
    "eps": -0.55,
    "epsdiluted": -0.49,
    "weightedAverageShsOut": 101402000,
    "weightedAverageShsOutDil": 112348000,
    "link": "https://www.sec.gov/Archives/edgar/data/1174922/000119312507044367/0001193125-07-044367-index.htm",
    "finalLink": "https://www.sec.gov/Archives/edgar/data/1174922/000119312507044367/d10k.htm"
  },
  {
    "date": "2006-09-30",
    "symbol": "WYNN",
    "reportedCurrency": "USD",
    "cik": "0001174922",
    "fillingDate": "2006-11-09",
    "acceptedDate": "2006-11-09 15:35:20",
    "calendarYear": "2006",
    "period": "Q3",
    "revenue": 318092000,
    "costOfRevenue": 191189000,
    "grossProfit": 126903000,
    "grossProfitRatio": 0.3989506181,
    "researchAndDevelopmentExpenses": 0,
    "generalAndAdministrativeExpenses": 56195000,
    "sellingAndMarketingExpenses": 47435000,
    "sellingGeneralAndAdministrativeExpenses": 103630000,
    "otherExpenses": 41982000,
    "operatingExpenses": 145612000,
    "costAndExpenses": 336801000,
    "interestIncome": 0,
    "interestExpense": 0,
    "depreciationAndAmortization": 51151000,
    "ebitda": 32442000,
    "ebitdaratio": 0.1019893616,
    "operatingIncome": -18709000,
    "operatingIncomeRatio": -0.0588163173,
    "totalOtherIncomeExpensesNet": 854762000,
    "incomeBeforeTax": 836053000,
    "incomeBeforeTaxRatio": 2.6283370849,
    "incomeTaxExpense": 120397000,
    "netIncome": 715656000,
    "netIncomeRatio": 2.249839669,
    "eps": 7.12,
    "epsdiluted": 6.43,
    "weightedAverageShsOut": 100480000,
    "weightedAverageShsOutDil": 111702000,
    "link": "https://www.sec.gov/Archives/edgar/data/1174922/000119312506230246/0001193125-06-230246-index.htm",
    "finalLink": "https://www.sec.gov/Archives/edgar/data/1174922/000119312506230246/d10q.htm"
  },
  {
    "date": "2006-06-30",
    "symbol": "WYNN",
    "reportedCurrency": "USD",
    "cik": "0001174922",
    "fillingDate": "2006-08-08",
    "acceptedDate": "2006-08-07 21:40:45",
    "calendarYear": "2006",
    "period": "Q2",
    "revenue": 273370000,
    "costOfRevenue": 159595000,
    "grossProfit": 113775000,
    "grossProfitRatio": 0.4161941691,
    "researchAndDevelopmentExpenses": 0,
    "generalAndAdministrativeExpenses": 49011000,
    "sellingAndMarketingExpenses": 3646000,
    "sellingGeneralAndAdministrativeExpenses": 52657000,
    "otherExpenses": 42407000,
    "operatingExpenses": 95064000,
    "costAndExpenses": 254659000,
    "interestIncome": 0,
    "interestExpense": 0,
    "depreciationAndAmortization": 48008000,
    "ebitda": 66719000,
    "ebitdaratio": 0.2440611625,
    "operatingIncome": 1683000,
    "operatingIncomeRatio": 0.0061564912,
    "totalOtherIncomeExpensesNet": -21444000,
    "incomeBeforeTax": -19761000,
    "incomeBeforeTaxRatio": -0.0722866445,
    "incomeTaxExpense": 309000,
    "netIncome": -20070000,
    "netIncomeRatio": -0.0734169806,
    "eps": -0.2,
    "epsdiluted": -0.2,
    "weightedAverageShsOut": 99830000,
    "weightedAverageShsOutDil": 99830000,
    "link": "https://www.sec.gov/Archives/edgar/data/1174922/000119312506164234/0001193125-06-164234-index.htm",
    "finalLink": "https://www.sec.gov/Archives/edgar/data/1174922/000119312506164234/d10q.htm"
  },
  {
    "date": "2006-03-31",
    "symbol": "WYNN",
    "reportedCurrency": "USD",
    "cik": "0001174922",
    "fillingDate": "2006-05-10",
    "acceptedDate": "2006-05-10 14:00:19",
    "calendarYear": "2006",
    "period": "Q1",
    "revenue": 277225000,
    "costOfRevenue": 157494000,
    "grossProfit": 119731000,
    "grossProfitRatio": 0.4318910632,
    "researchAndDevelopmentExpenses": 0,
    "generalAndAdministrativeExpenses": 46965000,
    "sellingAndMarketingExpenses": 13895000,
    "sellingGeneralAndAdministrativeExpenses": 60860000,
    "otherExpenses": 44714000,
    "operatingExpenses": 105574000,
    "costAndExpenses": 263068000,
    "interestIncome": 8432000,
    "interestExpense": 35943000,
    "depreciationAndAmortization": 41785000,
    "ebitda": 66294000,
    "ebitdaratio": 0.2391342772,
    "operatingIncome": 9732000,
    "operatingIncomeRatio": 0.0351050591,
    "totalOtherIncomeExpensesNet": -21166000,
    "incomeBeforeTax": -11434000,
    "incomeBeforeTaxRatio": -0.0412444765,
    "incomeTaxExpense": 0,
    "netIncome": -11434000,
    "netIncomeRatio": -0.0412444765,
    "eps": -0.12,
    "epsdiluted": -0.12,
    "weightedAverageShsOut": 98736000,
    "weightedAverageShsOutDil": 98736000,
    "link": "https://www.sec.gov/Archives/edgar/data/1174922/000119312506107288/0001193125-06-107288-index.htm",
    "finalLink": "https://www.sec.gov/Archives/edgar/data/1174922/000119312506107288/d10q.htm"
  },
  {
    "date": "2005-12-31",
    "symbol": "WYNN",
    "reportedCurrency": "USD",
    "cik": "0001174922",
    "fillingDate": "2006-03-16",
    "acceptedDate": "2006-03-16 06:32:16",
    "calendarYear": "2005",
    "period": "Q4",
    "revenue": 269412000,
    "costOfRevenue": 149383000,
    "grossProfit": 120029000,
    "grossProfitRatio": 0.4455221,
    "researchAndDevelopmentExpenses": 0,
    "generalAndAdministrativeExpenses": 118980000,
    "sellingAndMarketingExpenses": -47642000,
    "sellingGeneralAndAdministrativeExpenses": 71338000,
    "otherExpenses": 29061000,
    "operatingExpenses": 100399000,
    "costAndExpenses": 249782000,
    "interestIncome": 0,
    "interestExpense": 0,
    "depreciationAndAmortization": 44558000,
    "ebitda": 64188000,
    "ebitdaratio": 0.2382521937,
    "operatingIncome": 19630000,
    "operatingIncomeRatio": 0.0728623818,
    "totalOtherIncomeExpensesNet": -110466000,
    "incomeBeforeTax": -90836000,
    "incomeBeforeTaxRatio": -0.3371638977,
    "incomeTaxExpense": -86979000,
    "netIncome": -3857000,
    "netIncomeRatio": -0.014316363,
    "eps": -0.0392,
    "epsdiluted": -0.0391,
    "weightedAverageShsOut": 98497000,
    "weightedAverageShsOutDil": 98736000,
    "link": "https://www.sec.gov/Archives/edgar/data/1174922/000119312506055625/0001193125-06-055625-index.htm",
    "finalLink": "https://www.sec.gov/Archives/edgar/data/1174922/000119312506055625/d10k.htm"
  },
  {
    "date": "2005-09-30",
    "symbol": "WYNN",
    "reportedCurrency": "USD",
    "cik": "0001174922",
    "fillingDate": "2005-11-08",
    "acceptedDate": "2005-11-08 17:10:07",
    "calendarYear": "2005",
    "period": "Q3",
    "revenue": 251441000,
    "costOfRevenue": 140684000,
    "grossProfit": 110757000,
    "grossProfitRatio": 0.4404890213,
    "researchAndDevelopmentExpenses": 0,
    "generalAndAdministrativeExpenses": 44814000,
    "sellingAndMarketingExpenses": 9190000,
    "sellingGeneralAndAdministrativeExpenses": 54004000,
    "otherExpenses": 43475000,
    "operatingExpenses": 97479000,
    "costAndExpenses": 238163000,
    "interestIncome": 0,
    "interestExpense": 0,
    "depreciationAndAmortization": 38638000,
    "ebitda": 51164000,
    "ebitdaratio": 0.2034831233,
    "operatingIncome": 13278000,
    "operatingIncomeRatio": 0.0528076169,
    "totalOtherIncomeExpensesNet": -13278000,
    "incomeBeforeTax": -14190000,
    "incomeBeforeTaxRatio": -0.0564347103,
    "incomeTaxExpense": 27931000,
    "netIncome": -14190000,
    "netIncomeRatio": -0.0564347103,
    "eps": -0.14,
    "epsdiluted": -0.14,
    "weightedAverageShsOut": 98472000,
    "weightedAverageShsOutDil": 98472000,
    "link": "https://www.sec.gov/Archives/edgar/data/1174922/000119312505219913/0001193125-05-219913-index.htm",
    "finalLink": "https://www.sec.gov/Archives/edgar/data/1174922/000119312505219913/d10q.htm"
  },
  {
    "date": "2005-06-30",
    "symbol": "WYNN",
    "reportedCurrency": "USD",
    "cik": "0001174922",
    "fillingDate": "2005-08-03",
    "acceptedDate": "2005-08-02 19:19:07",
    "calendarYear": "2005",
    "period": "Q2",
    "revenue": 201120000,
    "costOfRevenue": 108028000,
    "grossProfit": 93092000,
    "grossProfitRatio": 0.4628679395,
    "researchAndDevelopmentExpenses": 0,
    "generalAndAdministrativeExpenses": 31010000,
    "sellingAndMarketingExpenses": 51964000,
    "sellingGeneralAndAdministrativeExpenses": 82974000,
    "otherExpenses": 25922000,
    "operatingExpenses": 108896000,
    "costAndExpenses": 216924000,
    "interestIncome": 0,
    "interestExpense": 0,
    "depreciationAndAmortization": 32076000,
    "ebitda": 16320000,
    "ebitdaratio": 0.0811455847,
    "operatingIncome": -15804000,
    "operatingIncomeRatio": -0.0785799523,
    "totalOtherIncomeExpensesNet": -19358000,
    "incomeBeforeTax": -35162000,
    "incomeBeforeTaxRatio": -0.1748309467,
    "incomeTaxExpense": 19609000,
    "netIncome": -35162000,
    "netIncomeRatio": -0.1748309467,
    "eps": -0.36,
    "epsdiluted": -0.36,
    "weightedAverageShsOut": 98203000,
    "weightedAverageShsOutDil": 98203000,
    "link": "https://www.sec.gov/Archives/edgar/data/1174922/000119312505155278/0001193125-05-155278-index.htm",
    "finalLink": "https://www.sec.gov/Archives/edgar/data/1174922/000119312505155278/d10q.htm"
  },
  {
    "date": "2005-03-31",
    "symbol": "WYNN",
    "reportedCurrency": "USD",
    "cik": "0001174922",
    "fillingDate": "2005-05-04",
    "acceptedDate": "2005-05-04 14:40:21",
    "calendarYear": "2005",
    "period": "Q1",
    "revenue": 0,
    "costOfRevenue": 38108000,
    "grossProfit": -38108000,
    "grossProfitRatio": 0,
    "researchAndDevelopmentExpenses": 0,
    "generalAndAdministrativeExpenses": 0,
    "sellingAndMarketingExpenses": 0,
    "sellingGeneralAndAdministrativeExpenses": 5000,
    "otherExpenses": 3547000,
    "operatingExpenses": 3552000,
    "costAndExpenses": 41660000,
    "interestIncome": 6182000,
    "interestExpense": 2149000,
    "depreciationAndAmortization": 6793000,
    "ebitda": -24284000,
    "ebitdaratio": 0,
    "operatingIncome": -41660000,
    "operatingIncomeRatio": 0,
    "totalOtherIncomeExpensesNet": 11733000,
    "incomeBeforeTax": -41713000,
    "incomeBeforeTaxRatio": 0,
    "incomeTaxExpense": -4033000,
    "netIncome": -37627000,
    "netIncomeRatio": 0,
    "eps": -0.38,
    "epsdiluted": -0.38,
    "weightedAverageShsOut": 98229000,
    "weightedAverageShsOutDil": 98229000,
    "link": "https://www.sec.gov/Archives/edgar/data/1174922/000119312505095494/0001193125-05-095494-index.htm",
    "finalLink": "https://www.sec.gov/Archives/edgar/data/1174922/000119312505095494/d10q.htm"
  },
  {
    "date": "2004-12-31",
    "symbol": "WYNN",
    "reportedCurrency": "USD",
    "cik": "0001174922",
    "fillingDate": "2005-03-15",
    "acceptedDate": "2005-03-15 17:32:52",
    "calendarYear": "2004",
    "period": "Q4",
    "revenue": -107000,
    "costOfRevenue": 29429000,
    "grossProfit": -29536000,
    "grossProfitRatio": 276.0373831776,
    "researchAndDevelopmentExpenses": 0,
    "generalAndAdministrativeExpenses": 0,
    "sellingAndMarketingExpenses": 0,
    "sellingGeneralAndAdministrativeExpenses": 38000,
    "otherExpenses": 2591000,
    "operatingExpenses": 2629000,
    "costAndExpenses": 32058000,
    "interestIncome": 0,
    "interestExpense": 0,
    "depreciationAndAmortization": 44440000,
    "ebitda": 12382000,
    "ebitdaratio": -115.7196261682,
    "operatingIncome": -32058000,
    "operatingIncomeRatio": 299.6074766355,
    "totalOtherIncomeExpensesNet": -96499000,
    "incomeBeforeTax": 77873000,
    "incomeBeforeTaxRatio": -727.785046729,
    "incomeTaxExpense": 95656000,
    "netIncome": -127714000,
    "netIncomeRatio": 1193.5887850467,
    "eps": -1.37,
    "epsdiluted": -1.3,
    "weightedAverageShsOut": 93483000,
    "weightedAverageShsOutDil": 98229000,
    "link": "https://www.sec.gov/Archives/edgar/data/1174922/000119312505051268/0001193125-05-051268-index.htm",
    "finalLink": "https://www.sec.gov/Archives/edgar/data/1174922/000119312505051268/d10k.htm"
  },
  {
    "date": "2004-09-30",
    "symbol": "WYNN",
    "reportedCurrency": "USD",
    "cik": "0001174922",
    "fillingDate": "2004-11-04",
    "acceptedDate": "2004-11-04 17:26:21",
    "calendarYear": "2004",
    "period": "Q3",
    "revenue": 1000,
    "costOfRevenue": 21525000,
    "grossProfit": -21524000,
    "grossProfitRatio": -21524,
    "researchAndDevelopmentExpenses": 0,
    "generalAndAdministrativeExpenses": 0,
    "sellingAndMarketingExpenses": 0,
    "sellingGeneralAndAdministrativeExpenses": 5000,
    "otherExpenses": 2685000,
    "operatingExpenses": 2690000,
    "costAndExpenses": 24215000,
    "interestIncome": 0,
    "interestExpense": 0,
    "depreciationAndAmortization": 5464000,
    "ebitda": -18750000,
    "ebitdaratio": -18750,
    "operatingIncome": -24214000,
    "operatingIncomeRatio": -24214,
    "totalOtherIncomeExpensesNet": -781000,
    "incomeBeforeTax": -24995000,
    "incomeBeforeTaxRatio": -24995,
    "incomeTaxExpense": -1508000,
    "netIncome": -22706000,
    "netIncomeRatio": -22706,
    "eps": -0.26,
    "epsdiluted": -0.26,
    "weightedAverageShsOut": 88063000,
    "weightedAverageShsOutDil": 88063000,
    "link": "https://www.sec.gov/Archives/edgar/data/1174922/000119312504186496/0001193125-04-186496-index.htm",
    "finalLink": "https://www.sec.gov/Archives/edgar/data/1174922/000119312504186496/d10q.htm"
  },
  {
    "date": "2004-06-30",
    "symbol": "WYNN",
    "reportedCurrency": "USD",
    "cik": "0001174922",
    "fillingDate": "2004-08-04",
    "acceptedDate": "2004-08-04 15:09:09",
    "calendarYear": "2004",
    "period": "Q2",
    "revenue": 103000,
    "costOfRevenue": 16544000,
    "grossProfit": -16441000,
    "grossProfitRatio": -159.6213592233,
    "researchAndDevelopmentExpenses": 0,
    "generalAndAdministrativeExpenses": 0,
    "sellingAndMarketingExpenses": 0,
    "sellingGeneralAndAdministrativeExpenses": 109000,
    "otherExpenses": 1562000,
    "operatingExpenses": 1671000,
    "costAndExpenses": 18215000,
    "interestIncome": 0,
    "interestExpense": 0,
    "depreciationAndAmortization": 16081000,
    "ebitda": -2031000,
    "ebitdaratio": -19.7184466019,
    "operatingIncome": -18112000,
    "operatingIncomeRatio": -175.8446601942,
    "totalOtherIncomeExpensesNet": -26148000,
    "incomeBeforeTax": -44260000,
    "incomeBeforeTaxRatio": -429.7087378641,
    "incomeTaxExpense": 23807000,
    "netIncome": -41919000,
    "netIncomeRatio": -406.9805825243,
    "eps": -0.49,
    "epsdiluted": -0.49,
    "weightedAverageShsOut": 84687000,
    "weightedAverageShsOutDil": 84687000,
    "link": "https://www.sec.gov/Archives/edgar/data/1174922/000119312504131225/0001193125-04-131225-index.htm",
    "finalLink": "https://www.sec.gov/Archives/edgar/data/1174922/000119312504131225/d10qa.htm"
  },
  {
    "date": "2004-03-31",
    "symbol": "WYNN",
    "reportedCurrency": "USD",
    "cik": "0001174922",
    "fillingDate": "2004-05-05",
    "acceptedDate": "2004-05-05 17:20:54",
    "calendarYear": "2004",
    "period": "Q1",
    "revenue": 198000,
    "costOfRevenue": 14656000,
    "grossProfit": -14458000,
    "grossProfitRatio": -73.0202020202,
    "researchAndDevelopmentExpenses": 0,
    "generalAndAdministrativeExpenses": 0,
    "sellingAndMarketingExpenses": 0,
    "sellingGeneralAndAdministrativeExpenses": 183000,
    "otherExpenses": 773000,
    "operatingExpenses": 956000,
    "costAndExpenses": 15612000,
    "interestIncome": 0,
    "interestExpense": 0,
    "depreciationAndAmortization": 4995000,
    "ebitda": -10419000,
    "ebitdaratio": -52.6212121212,
    "operatingIncome": -15414000,
    "operatingIncomeRatio": -77.8484848485,
    "totalOtherIncomeExpensesNet": 8000,
    "incomeBeforeTax": -15406000,
    "incomeBeforeTaxRatio": -77.8080808081,
    "incomeTaxExpense": -2166000,
    "netIncome": -13248000,
    "netIncomeRatio": -66.9090909091,
    "eps": -0.16,
    "epsdiluted": -0.16,
    "weightedAverageShsOut": 80840000,
    "weightedAverageShsOutDil": 80840000,
    "link": "https://www.sec.gov/Archives/edgar/data/1174922/000119312504079429/0001193125-04-079429-index.htm",
    "finalLink": "https://www.sec.gov/Archives/edgar/data/1174922/000119312504079429/d10q.htm"
  },
  {
    "date": "2003-12-31",
    "symbol": "WYNN",
    "reportedCurrency": "USD",
    "cik": "0001174922",
    "fillingDate": "2004-03-15",
    "acceptedDate": "2004-03-12 21:49:09",
    "calendarYear": "2003",
    "period": "Q4",
    "revenue": 279000,
    "costOfRevenue": 14978000,
    "grossProfit": -14699000,
    "grossProfitRatio": -52.6845878136,
    "researchAndDevelopmentExpenses": 0,
    "generalAndAdministrativeExpenses": 0,
    "sellingAndMarketingExpenses": 0,
    "sellingGeneralAndAdministrativeExpenses": 1050000,
    "otherExpenses": -322000,
    "operatingExpenses": 728000,
    "costAndExpenses": 15706000,
    "interestIncome": 0,
    "interestExpense": 0,
    "depreciationAndAmortization": 5003000,
    "ebitda": -10424000,
    "ebitdaratio": -37.3620071685,
    "operatingIncome": -15427000,
    "operatingIncomeRatio": -55.29390681,
    "totalOtherIncomeExpensesNet": -17093000,
    "incomeBeforeTax": 21683000,
    "incomeBeforeTaxRatio": 77.7168458781,
    "incomeTaxExpense": -14843000,
    "netIncome": -12367000,
    "netIncomeRatio": -44.3261648746,
    "eps": -0.15,
    "epsdiluted": -0.15,
    "weightedAverageShsOut": 80840000,
    "weightedAverageShsOutDil": 80840000,
    "link": "https://www.sec.gov/Archives/edgar/data/1174922/000119312504040959/0001193125-04-040959-index.htm",
    "finalLink": "https://www.sec.gov/Archives/edgar/data/1174922/000119312504040959/d10k.htm"
  },
  {
    "date": "2003-09-30",
    "symbol": "WYNN",
    "reportedCurrency": "USD",
    "cik": "0001174922",
    "fillingDate": "2003-11-13",
    "acceptedDate": "2003-11-13 15:12:15",
    "calendarYear": "2003",
    "period": "Q3",
    "revenue": 261000,
    "costOfRevenue": 12124000,
    "grossProfit": -11863000,
    "grossProfitRatio": -45.4521072797,
    "researchAndDevelopmentExpenses": 0,
    "generalAndAdministrativeExpenses": 0,
    "sellingAndMarketingExpenses": 0,
    "sellingGeneralAndAdministrativeExpenses": 193000,
    "otherExpenses": 1218000,
    "operatingExpenses": 1411000,
    "costAndExpenses": 13535000,
    "interestIncome": 0,
    "interestExpense": 0,
    "depreciationAndAmortization": 10457000,
    "ebitda": -2817000,
    "ebitdaratio": -10.7931034483,
    "operatingIncome": -13274000,
    "operatingIncomeRatio": -50.8582375479,
    "totalOtherIncomeExpensesNet": -580000,
    "incomeBeforeTax": -13854000,
    "incomeBeforeTaxRatio": -53.0804597701,
    "incomeTaxExpense": 1569000,
    "netIncome": -14843000,
    "netIncomeRatio": -56.8697318008,
    "eps": -0.18,
    "epsdiluted": -0.18,
    "weightedAverageShsOut": 80834000,
    "weightedAverageShsOutDil": 80834000,
    "link": "https://www.sec.gov/Archives/edgar/data/1174922/000119312503080017/0001193125-03-080017-index.htm",
    "finalLink": "https://www.sec.gov/Archives/edgar/data/1174922/000119312503080017/d10q.htm"
  },
  {
    "date": "2003-06-30",
    "symbol": "WYNN",
    "reportedCurrency": "USD",
    "cik": "0001174922",
    "fillingDate": "2003-08-14",
    "acceptedDate": "2003-08-13 18:32:12",
    "calendarYear": "2003",
    "period": "Q2",
    "revenue": 285000,
    "costOfRevenue": 11232000,
    "grossProfit": -10947000,
    "grossProfitRatio": -38.4105263158,
    "researchAndDevelopmentExpenses": 0,
    "generalAndAdministrativeExpenses": 0,
    "sellingAndMarketingExpenses": 0,
    "sellingGeneralAndAdministrativeExpenses": 150000,
    "otherExpenses": 2438000,
    "operatingExpenses": 2588000,
    "costAndExpenses": 13820000,
    "interestIncome": 0,
    "interestExpense": 0,
    "depreciationAndAmortization": 3722000,
    "ebitda": -9813000,
    "ebitdaratio": -34.4315789474,
    "operatingIncome": -13535000,
    "operatingIncomeRatio": -47.4912280702,
    "totalOtherIncomeExpensesNet": 858000,
    "incomeBeforeTax": -12677000,
    "incomeBeforeTaxRatio": -44.4807017544,
    "incomeTaxExpense": 0,
    "netIncome": -12677000,
    "netIncomeRatio": -44.4807017544,
    "eps": -0.16,
    "epsdiluted": -0.16,
    "weightedAverageShsOut": 78164000,
    "weightedAverageShsOutDil": 78164000,
    "link": "https://www.sec.gov/Archives/edgar/data/1174922/000119312503036328/0001193125-03-036328-index.htm",
    "finalLink": "https://www.sec.gov/Archives/edgar/data/1174922/000119312503036328/d10q.htm"
  },
  {
    "date": "2003-03-31",
    "symbol": "WYNN",
    "reportedCurrency": "USD",
    "cik": "0001174922",
    "fillingDate": "2003-05-15",
    "acceptedDate": "2003-05-15 13:59:38",
    "calendarYear": "2003",
    "period": "Q1",
    "revenue": 193000,
    "costOfRevenue": 9001000,
    "grossProfit": -8808000,
    "grossProfitRatio": -45.6373056995,
    "researchAndDevelopmentExpenses": 0,
    "generalAndAdministrativeExpenses": 0,
    "sellingAndMarketingExpenses": 0,
    "sellingGeneralAndAdministrativeExpenses": 101000,
    "otherExpenses": 2407000,
    "operatingExpenses": 2508000,
    "costAndExpenses": 11509000,
    "interestIncome": 0,
    "interestExpense": 0,
    "depreciationAndAmortization": 2759000,
    "ebitda": -8557000,
    "ebitdaratio": -44.3367875648,
    "operatingIncome": -11316000,
    "operatingIncomeRatio": -58.6321243523,
    "totalOtherIncomeExpensesNet": 2310000,
    "incomeBeforeTax": -9006000,
    "incomeBeforeTaxRatio": -46.6632124352,
    "incomeTaxExpense": 0,
    "netIncome": -9006000,
    "netIncomeRatio": -46.6632124352,
    "eps": -0.12,
    "epsdiluted": -0.12,
    "weightedAverageShsOut": 77834000,
    "weightedAverageShsOutDil": 77834000,
    "link": "https://www.sec.gov/Archives/edgar/data/1174922/000089843003003053/0000898430-03-003053-index.htm",
    "finalLink": "https://www.sec.gov/Archives/edgar/data/1174922/000089843003003053/d10q.htm"
  },
  {
    "date": "2002-12-31",
    "symbol": "WYNN",
    "reportedCurrency": "USD",
    "cik": "0001174922",
    "fillingDate": "2003-03-28",
    "acceptedDate": "2003-03-28 15:36:28",
    "calendarYear": "2002",
    "period": "Q4",
    "revenue": 220000,
    "costOfRevenue": 9862000,
    "grossProfit": -9642000,
    "grossProfitRatio": -43.8272727273,
    "researchAndDevelopmentExpenses": 0,
    "generalAndAdministrativeExpenses": 0,
    "sellingAndMarketingExpenses": 0,
    "sellingGeneralAndAdministrativeExpenses": 1033000,
    "otherExpenses": 1639000,
    "operatingExpenses": 2672000,
    "costAndExpenses": 12534000,
    "interestIncome": 0,
    "interestExpense": 0,
    "depreciationAndAmortization": 2481000,
    "ebitda": -9833000,
    "ebitdaratio": -44.6954545455,
    "operatingIncome": -12314000,
    "operatingIncomeRatio": -55.9727272727,
    "totalOtherIncomeExpensesNet": 530000,
    "incomeBeforeTax": -11784000,
    "incomeBeforeTaxRatio": -53.5636363636,
    "incomeTaxExpense": -1571000,
    "netIncome": -10743000,
    "netIncomeRatio": -48.8318181818,
    "eps": -0.14,
    "epsdiluted": -0.14,
    "weightedAverageShsOut": 77834000,
    "weightedAverageShsOutDil": 77834000,
    "link": "https://www.sec.gov/Archives/edgar/data/1174922/000095016803001027/0000950168-03-001027-index.htm",
    "finalLink": "https://www.sec.gov/Archives/edgar/data/1174922/000095016803001027/d10k.htm"
  },
  {
    "date": "2002-09-30",
    "symbol": "WYNN",
    "reportedCurrency": "USD",
    "cik": "0001174922",
    "fillingDate": "2002-12-09",
    "acceptedDate": "2002-12-09 16:41:38",
    "calendarYear": "2002",
    "period": "Q3",
    "revenue": 207000,
    "costOfRevenue": 6391000,
    "grossProfit": -6184000,
    "grossProfitRatio": -29.8743961353,
    "researchAndDevelopmentExpenses": 0,
    "generalAndAdministrativeExpenses": 0,
    "sellingAndMarketingExpenses": 0,
    "sellingGeneralAndAdministrativeExpenses": 193000,
    "otherExpenses": 2306000,
    "operatingExpenses": 2499000,
    "costAndExpenses": 8890000,
    "interestIncome": 0,
    "interestExpense": 0,
    "depreciationAndAmortization": 2167000,
    "ebitda": -6516000,
    "ebitdaratio": -31.4782608696,
    "operatingIncome": -8683000,
    "operatingIncomeRatio": -41.9468599034,
    "totalOtherIncomeExpensesNet": -139000,
    "incomeBeforeTax": -8822000,
    "incomeBeforeTaxRatio": -42.6183574879,
    "incomeTaxExpense": -489000,
    "netIncome": -8194000,
    "netIncomeRatio": -39.5845410628,
    "eps": -0.2,
    "epsdiluted": -0.2,
    "weightedAverageShsOut": 40000000,
    "weightedAverageShsOutDil": 40000000,
    "link": "https://www.sec.gov/Archives/edgar/data/1174922/000104746902006255/0001047469-02-006255-index.htm",
    "finalLink": "https://www.sec.gov/Archives/edgar/data/1174922/000104746902006255/a2095555z10-q.htm"
  }
]