[
  {
    "date": "2025-06-30",
    "symbol": "XYL",
    "reportedCurrency": "USD",
    "cik": "0001524472",
    "fillingDate": "2025-07-31",
    "acceptedDate": "2025-07-31 10:06:43",
    "calendarYear": "2025",
    "period": "Q2",
    "revenue": 2301000000,
    "costOfRevenue": 1409000000,
    "grossProfit": 892000000,
    "grossProfitRatio": 0.3876575402,
    "researchAndDevelopmentExpenses": 58000000,
    "generalAndAdministrativeExpenses": 0,
    "sellingAndMarketingExpenses": 0,
    "sellingGeneralAndAdministrativeExpenses": 503000000,
    "otherExpenses": 26000000,
    "operatingExpenses": 587000000,
    "costAndExpenses": 1996000000,
    "interestIncome": 0,
    "interestExpense": 9000000,
    "depreciationAndAmortization": 145000000,
    "ebitda": 453000000,
    "ebitdaratio": 0.1968709257,
    "operatingIncome": 305000000,
    "operatingIncomeRatio": 0.1325510648,
    "totalOtherIncomeExpensesNet": -6000000,
    "incomeBeforeTax": 299000000,
    "incomeBeforeTaxRatio": 0.1299435028,
    "incomeTaxExpense": 75000000,
    "netIncome": 226000000,
    "netIncomeRatio": 0.098218166,
    "eps": 0.93,
    "epsdiluted": 0.93,
    "weightedAverageShsOut": 243370000,
    "weightedAverageShsOutDil": 243859000,
    "link": "https://www.sec.gov/Archives/edgar/data/1524472/000152447225000037/0001524472-25-000037-index.htm",
    "finalLink": "https://www.sec.gov/Archives/edgar/data/1524472/000152447225000037/xyl-20250630.htm"
  },
  {
    "date": "2025-03-31",
    "symbol": "XYL",
    "reportedCurrency": "USD",
    "cik": "0001524472",
    "fillingDate": "2025-04-29",
    "acceptedDate": "2025-04-29 11:27:29",
    "calendarYear": "2025",
    "period": "Q1",
    "revenue": 2069000000,
    "costOfRevenue": 1301000000,
    "grossProfit": 768000000,
    "grossProfitRatio": 0.3711938134,
    "researchAndDevelopmentExpenses": 56000000,
    "generalAndAdministrativeExpenses": 460000000,
    "sellingAndMarketingExpenses": 0,
    "sellingGeneralAndAdministrativeExpenses": 460000000,
    "otherExpenses": 21000000,
    "operatingExpenses": 537000000,
    "costAndExpenses": 1838000000,
    "interestIncome": 0,
    "interestExpense": 8000000,
    "depreciationAndAmortization": 145000000,
    "ebitda": 370000000,
    "ebitdaratio": 0.1788303528,
    "operatingIncome": 231000000,
    "operatingIncomeRatio": 0.1116481392,
    "totalOtherIncomeExpensesNet": -14000000,
    "incomeBeforeTax": 217000000,
    "incomeBeforeTaxRatio": 0.1048815853,
    "incomeTaxExpense": 50000000,
    "netIncome": 169000000,
    "netIncomeRatio": 0.081681972,
    "eps": 0.7,
    "epsdiluted": 0.69,
    "weightedAverageShsOut": 243100000,
    "weightedAverageShsOutDil": 243800000,
    "link": "https://www.sec.gov/Archives/edgar/data/1524472/000152447225000022/0001524472-25-000022-index.htm",
    "finalLink": "https://www.sec.gov/Archives/edgar/data/1524472/000152447225000022/xyl-20250331.htm"
  },
  {
    "date": "2024-12-31",
    "symbol": "XYL",
    "reportedCurrency": "USD",
    "cik": "0001524472",
    "fillingDate": "2025-03-03",
    "acceptedDate": "2025-03-03 12:01:51",
    "calendarYear": "2024",
    "period": "Q4",
    "revenue": 2256000000,
    "costOfRevenue": 1399000000,
    "grossProfit": 857000000,
    "grossProfitRatio": 0.3798758865,
    "researchAndDevelopmentExpenses": 58000000,
    "generalAndAdministrativeExpenses": 0,
    "sellingAndMarketingExpenses": 0,
    "sellingGeneralAndAdministrativeExpenses": 507000000,
    "otherExpenses": 25000000,
    "operatingExpenses": 590000000,
    "costAndExpenses": 1989000000,
    "interestIncome": 0,
    "interestExpense": 9000000,
    "depreciationAndAmortization": 142000000,
    "ebitda": 526000000,
    "ebitdaratio": 0.2331560284,
    "operatingIncome": 267000000,
    "operatingIncomeRatio": 0.1183510638,
    "totalOtherIncomeExpensesNet": 108000000,
    "incomeBeforeTax": 375000000,
    "incomeBeforeTaxRatio": 0.1662234043,
    "incomeTaxExpense": 49000000,
    "netIncome": 326000000,
    "netIncomeRatio": 0.1445035461,
    "eps": 1.34,
    "epsdiluted": 1.34,
    "weightedAverageShsOut": 243800000,
    "weightedAverageShsOutDil": 243800000,
    "link": "https://www.sec.gov/Archives/edgar/data/1524472/000152447225000013/0001524472-25-000013-index.htm",
    "finalLink": "https://www.sec.gov/Archives/edgar/data/1524472/000152447225000013/xyl-20241231.htm"
  },
  {
    "date": "2024-09-30",
    "symbol": "XYL",
    "reportedCurrency": "USD",
    "cik": "0001524472",
    "fillingDate": "2024-10-31",
    "acceptedDate": "2024-10-31 16:04:16",
    "calendarYear": "2024",
    "period": "Q3",
    "revenue": 2103000000,
    "costOfRevenue": 1319000000,
    "grossProfit": 784000000,
    "grossProfitRatio": 0.3728007608,
    "researchAndDevelopmentExpenses": 55000000,
    "generalAndAdministrativeExpenses": 0,
    "sellingAndMarketingExpenses": 0,
    "sellingGeneralAndAdministrativeExpenses": 445000000,
    "otherExpenses": 4000000,
    "operatingExpenses": 504000000,
    "costAndExpenses": 1824000000,
    "interestIncome": 0,
    "interestExpense": 10000000,
    "depreciationAndAmortization": 141000000,
    "ebitda": 420000000,
    "ebitdaratio": 0.1997146933,
    "operatingIncome": 280000000,
    "operatingIncomeRatio": 0.1331431289,
    "totalOtherIncomeExpensesNet": -11000000,
    "incomeBeforeTax": 269000000,
    "incomeBeforeTaxRatio": 0.1279125059,
    "incomeTaxExpense": 52000000,
    "netIncome": 217000000,
    "netIncomeRatio": 0.1031859249,
    "eps": 0.89,
    "epsdiluted": 0.89,
    "weightedAverageShsOut": 243750000,
    "weightedAverageShsOutDil": 243750000,
    "link": "https://www.sec.gov/Archives/edgar/data/1524472/000152447224000045/0001524472-24-000045-index.htm",
    "finalLink": "https://www.sec.gov/Archives/edgar/data/1524472/000152447224000045/xyl-20240930.htm"
  },
  {
    "date": "2024-06-30",
    "symbol": "XYL",
    "reportedCurrency": "USD",
    "cik": "0001524472",
    "fillingDate": "2024-07-30",
    "acceptedDate": "2024-07-30 13:16:50",
    "calendarYear": "2024",
    "period": "Q2",
    "revenue": 2169000000,
    "costOfRevenue": 1351000000,
    "grossProfit": 819000000,
    "grossProfitRatio": 0.377593361,
    "researchAndDevelopmentExpenses": 58000000,
    "generalAndAdministrativeExpenses": 485000000,
    "sellingAndMarketingExpenses": 0,
    "sellingGeneralAndAdministrativeExpenses": 485000000,
    "otherExpenses": 23000000,
    "operatingExpenses": 566000000,
    "costAndExpenses": 1916000000,
    "interestIncome": 0,
    "interestExpense": 11000000,
    "depreciationAndAmortization": 145000000,
    "ebitda": 403000000,
    "ebitdaratio": 0.1857999078,
    "operatingIncome": 253000000,
    "operatingIncomeRatio": 0.1166436146,
    "totalOtherIncomeExpensesNet": -6000000,
    "incomeBeforeTax": 247000000,
    "incomeBeforeTaxRatio": 0.1138773628,
    "incomeTaxExpense": 53000000,
    "netIncome": 194000000,
    "netIncomeRatio": 0.0894421392,
    "eps": 0.8,
    "epsdiluted": 0.8,
    "weightedAverageShsOut": 242572000,
    "weightedAverageShsOutDil": 243538000,
    "link": "https://www.sec.gov/Archives/edgar/data/1524472/000152447224000033/0001524472-24-000033-index.htm",
    "finalLink": "https://www.sec.gov/Archives/edgar/data/1524472/000152447224000033/xyl-20240630.htm"
  },
  {
    "date": "2024-03-31",
    "symbol": "XYL",
    "reportedCurrency": "USD",
    "cik": "0001524472",
    "fillingDate": "2024-05-02",
    "acceptedDate": "2024-05-02 14:03:07",
    "calendarYear": "2024",
    "period": "Q1",
    "revenue": 2033000000,
    "costOfRevenue": 1280000000,
    "grossProfit": 752000000,
    "grossProfitRatio": 0.3698967044,
    "researchAndDevelopmentExpenses": 59000000,
    "generalAndAdministrativeExpenses": 474000000,
    "sellingAndMarketingExpenses": 0,
    "sellingGeneralAndAdministrativeExpenses": 474000000,
    "otherExpenses": 10000000,
    "operatingExpenses": 543000000,
    "costAndExpenses": 1824000000,
    "interestIncome": 0,
    "interestExpense": 14000000,
    "depreciationAndAmortization": 134000000,
    "ebitda": 344000000,
    "ebitdaratio": 0.1692080669,
    "operatingIncome": 209000000,
    "operatingIncomeRatio": 0.1028037383,
    "totalOtherIncomeExpensesNet": -13000000,
    "incomeBeforeTax": 196000000,
    "incomeBeforeTaxRatio": 0.0964092474,
    "incomeTaxExpense": 43000000,
    "netIncome": 153000000,
    "netIncomeRatio": 0.0752582391,
    "eps": 0.63,
    "epsdiluted": 0.63,
    "weightedAverageShsOut": 241854000,
    "weightedAverageShsOutDil": 243021000,
    "link": "https://www.sec.gov/Archives/edgar/data/1524472/000152447224000015/0001524472-24-000015-index.htm",
    "finalLink": "https://www.sec.gov/Archives/edgar/data/1524472/000152447224000015/xyl-20240331.htm"
  },
  {
    "date": "2023-12-31",
    "symbol": "XYL",
    "reportedCurrency": "USD",
    "cik": "0001524472",
    "fillingDate": "2024-02-28",
    "acceptedDate": "2024-02-28 14:28:06",
    "calendarYear": "2023",
    "period": "Q4",
    "revenue": 2119000000,
    "costOfRevenue": 1360000000,
    "grossProfit": 756000000,
    "grossProfitRatio": 0.3567720623,
    "researchAndDevelopmentExpenses": 60000000,
    "generalAndAdministrativeExpenses": 466000000,
    "sellingAndMarketingExpenses": 0,
    "sellingGeneralAndAdministrativeExpenses": 466000000,
    "otherExpenses": 19000000,
    "operatingExpenses": 545000000,
    "costAndExpenses": 1907000000,
    "interestIncome": 0,
    "interestExpense": 14000000,
    "depreciationAndAmortization": 137000000,
    "ebitda": 361000000,
    "ebitdaratio": 0.170363379,
    "operatingIncome": 211000000,
    "operatingIncomeRatio": 0.0995752714,
    "totalOtherIncomeExpensesNet": -1000000,
    "incomeBeforeTax": 210000000,
    "incomeBeforeTaxRatio": 0.0991033506,
    "incomeTaxExpense": -56000000,
    "netIncome": 266000000,
    "netIncomeRatio": 0.1255309108,
    "eps": 1.1,
    "epsdiluted": 1.1,
    "weightedAverageShsOut": 241504000,
    "weightedAverageShsOutDil": 241504000,
    "link": "https://www.sec.gov/Archives/edgar/data/1524472/000152447224000006/0001524472-24-000006-index.htm",
    "finalLink": "https://www.sec.gov/Archives/edgar/data/1524472/000152447224000006/xyl-20231231.htm"
  },
  {
    "date": "2023-09-30",
    "symbol": "XYL",
    "reportedCurrency": "USD",
    "cik": "0001524472",
    "fillingDate": "2023-10-31",
    "acceptedDate": "2023-10-31 17:13:12",
    "calendarYear": "2023",
    "period": "Q3",
    "revenue": 2076000000,
    "costOfRevenue": 1312000000,
    "grossProfit": 764000000,
    "grossProfitRatio": 0.3680154143,
    "researchAndDevelopmentExpenses": 61000000,
    "generalAndAdministrativeExpenses": 491000000,
    "sellingAndMarketingExpenses": 0,
    "sellingGeneralAndAdministrativeExpenses": 491000000,
    "otherExpenses": 21000000,
    "operatingExpenses": 573000000,
    "costAndExpenses": 1885000000,
    "interestIncome": 0,
    "interestExpense": 14000000,
    "depreciationAndAmortization": 147000000,
    "ebitda": 346000000,
    "ebitdaratio": 0.1666666667,
    "operatingIncome": 191000000,
    "operatingIncomeRatio": 0.0920038536,
    "totalOtherIncomeExpensesNet": -6000000,
    "incomeBeforeTax": 185000000,
    "incomeBeforeTaxRatio": 0.0891136802,
    "incomeTaxExpense": 33000000,
    "netIncome": 152000000,
    "netIncomeRatio": 0.0732177264,
    "eps": 0.63,
    "epsdiluted": 0.63,
    "weightedAverageShsOut": 240870000,
    "weightedAverageShsOutDil": 242189000,
    "link": "https://www.sec.gov/Archives/edgar/data/1524472/000152447223000041/0001524472-23-000041-index.htm",
    "finalLink": "https://www.sec.gov/Archives/edgar/data/1524472/000152447223000041/xyl-20230930.htm"
  },
  {
    "date": "2023-06-30",
    "symbol": "XYL",
    "reportedCurrency": "USD",
    "cik": "0001524472",
    "fillingDate": "2023-08-04",
    "acceptedDate": "2023-08-04 13:02:48",
    "calendarYear": "2023",
    "period": "Q2",
    "revenue": 1722000000,
    "costOfRevenue": 1071000000,
    "grossProfit": 651000000,
    "grossProfitRatio": 0.3780487805,
    "researchAndDevelopmentExpenses": 58000000,
    "generalAndAdministrativeExpenses": 446000000,
    "sellingAndMarketingExpenses": 0,
    "sellingGeneralAndAdministrativeExpenses": 446000000,
    "otherExpenses": 28000000,
    "operatingExpenses": 532000000,
    "costAndExpenses": 1603000000,
    "interestIncome": 0,
    "interestExpense": 12000000,
    "depreciationAndAmortization": 92000000,
    "ebitda": 218000000,
    "ebitdaratio": 0.1265969803,
    "operatingIncome": 119000000,
    "operatingIncomeRatio": 0.0691056911,
    "totalOtherIncomeExpensesNet": -5000000,
    "incomeBeforeTax": 114000000,
    "incomeBeforeTaxRatio": 0.0662020906,
    "incomeTaxExpense": 22000000,
    "netIncome": 92000000,
    "netIncomeRatio": 0.0534262485,
    "eps": 0.45,
    "epsdiluted": 0.45,
    "weightedAverageShsOut": 205539000,
    "weightedAverageShsOutDil": 206740000,
    "link": "https://www.sec.gov/Archives/edgar/data/1524472/000152447223000032/0001524472-23-000032-index.htm",
    "finalLink": "https://www.sec.gov/Archives/edgar/data/1524472/000152447223000032/xyl-20230630.htm"
  },
  {
    "date": "2023-03-31",
    "symbol": "XYL",
    "reportedCurrency": "USD",
    "cik": "0001524472",
    "fillingDate": "2023-05-04",
    "acceptedDate": "2023-05-04 12:33:21",
    "calendarYear": "2023",
    "period": "Q1",
    "revenue": 1448000000,
    "costOfRevenue": 902000000,
    "grossProfit": 546000000,
    "grossProfitRatio": 0.3770718232,
    "researchAndDevelopmentExpenses": 53000000,
    "generalAndAdministrativeExpenses": 354000000,
    "sellingAndMarketingExpenses": 0,
    "sellingGeneralAndAdministrativeExpenses": 354000000,
    "otherExpenses": 8000000,
    "operatingExpenses": 415000000,
    "costAndExpenses": 1317000000,
    "interestIncome": 0,
    "interestExpense": 9000000,
    "depreciationAndAmortization": 60000000,
    "ebitda": 195000000,
    "ebitdaratio": 0.1346685083,
    "operatingIncome": 131000000,
    "operatingIncomeRatio": 0.0904696133,
    "totalOtherIncomeExpensesNet": -5000000,
    "incomeBeforeTax": 126000000,
    "incomeBeforeTaxRatio": 0.0870165746,
    "incomeTaxExpense": 27000000,
    "netIncome": 99000000,
    "netIncomeRatio": 0.0683701657,
    "eps": 0.55,
    "epsdiluted": 0.55,
    "weightedAverageShsOut": 180400000,
    "weightedAverageShsOutDil": 181319000,
    "link": "https://www.sec.gov/Archives/edgar/data/1524472/000152447223000018/0001524472-23-000018-index.htm",
    "finalLink": "https://www.sec.gov/Archives/edgar/data/1524472/000152447223000018/xyl-20230331.htm"
  },
  {
    "date": "2022-12-31",
    "symbol": "XYL",
    "reportedCurrency": "USD",
    "cik": "0001524472",
    "fillingDate": "2023-02-24",
    "acceptedDate": "2023-02-24 13:13:40",
    "calendarYear": "2022",
    "period": "Q4",
    "revenue": 1506000000,
    "costOfRevenue": 933000000,
    "grossProfit": 573000000,
    "grossProfitRatio": 0.3804780876,
    "researchAndDevelopmentExpenses": 54000000,
    "generalAndAdministrativeExpenses": 315000000,
    "sellingAndMarketingExpenses": 0,
    "sellingGeneralAndAdministrativeExpenses": 315000000,
    "otherExpenses": 7000000,
    "operatingExpenses": 376000000,
    "costAndExpenses": 1309000000,
    "interestIncome": 0,
    "interestExpense": 13000000,
    "depreciationAndAmortization": 60000000,
    "ebitda": 262000000,
    "ebitdaratio": 0.1739707835,
    "operatingIncome": 197000000,
    "operatingIncomeRatio": 0.130810093,
    "totalOtherIncomeExpensesNet": -8000000,
    "incomeBeforeTax": 189000000,
    "incomeBeforeTaxRatio": 0.125498008,
    "incomeTaxExpense": 40000000,
    "netIncome": 149000000,
    "netIncomeRatio": 0.098937583,
    "eps": 0.83,
    "epsdiluted": 0.82,
    "weightedAverageShsOut": 180239125,
    "weightedAverageShsOutDil": 181300000,
    "link": "https://www.sec.gov/Archives/edgar/data/1524472/000152447223000009/0001524472-23-000009-index.htm",
    "finalLink": "https://www.sec.gov/Archives/edgar/data/1524472/000152447223000009/xyl-20221231.htm"
  },
  {
    "date": "2022-09-30",
    "symbol": "XYL",
    "reportedCurrency": "USD",
    "cik": "0001524472",
    "fillingDate": "2022-11-01",
    "acceptedDate": "2022-11-01 15:51:38",
    "calendarYear": "2022",
    "period": "Q3",
    "revenue": 1380000000,
    "costOfRevenue": 856000000,
    "grossProfit": 524000000,
    "grossProfitRatio": 0.3797101449,
    "researchAndDevelopmentExpenses": 47000000,
    "generalAndAdministrativeExpenses": 434000000,
    "sellingAndMarketingExpenses": 0,
    "sellingGeneralAndAdministrativeExpenses": 434000000,
    "otherExpenses": -125000000,
    "operatingExpenses": 356000000,
    "costAndExpenses": 1212000000,
    "interestIncome": 0,
    "interestExpense": 12000000,
    "depreciationAndAmortization": 58000000,
    "ebitda": 87000000,
    "ebitdaratio": 0.0630434783,
    "operatingIncome": 168000000,
    "operatingIncomeRatio": 0.1217391304,
    "totalOtherIncomeExpensesNet": -151000000,
    "incomeBeforeTax": 17000000,
    "incomeBeforeTaxRatio": 0.0123188406,
    "incomeTaxExpense": 5000000,
    "netIncome": 12000000,
    "netIncomeRatio": 0.0086956522,
    "eps": 0.0666,
    "epsdiluted": 0.0663,
    "weightedAverageShsOut": 180217000,
    "weightedAverageShsOutDil": 180900000,
    "link": "https://www.sec.gov/Archives/edgar/data/1524472/000152447222000053/0001524472-22-000053-index.htm",
    "finalLink": "https://www.sec.gov/Archives/edgar/data/1524472/000152447222000053/xyl-20220930.htm"
  },
  {
    "date": "2022-06-30",
    "symbol": "XYL",
    "reportedCurrency": "USD",
    "cik": "0001524472",
    "fillingDate": "2022-08-02",
    "acceptedDate": "2022-08-02 11:54:35",
    "calendarYear": "2022",
    "period": "Q2",
    "revenue": 1364000000,
    "costOfRevenue": 844000000,
    "grossProfit": 520000000,
    "grossProfitRatio": 0.3812316716,
    "researchAndDevelopmentExpenses": 53000000,
    "generalAndAdministrativeExpenses": 314000000,
    "sellingAndMarketingExpenses": 0,
    "sellingGeneralAndAdministrativeExpenses": 314000000,
    "otherExpenses": 7000000,
    "operatingExpenses": 374000000,
    "costAndExpenses": 1218000000,
    "interestIncome": 0,
    "interestExpense": 12000000,
    "depreciationAndAmortization": 60000000,
    "ebitda": 208000000,
    "ebitdaratio": 0.1524926686,
    "operatingIncome": 146000000,
    "operatingIncomeRatio": 0.1070381232,
    "totalOtherIncomeExpensesNet": -10000000,
    "incomeBeforeTax": 136000000,
    "incomeBeforeTaxRatio": 0.0997067449,
    "incomeTaxExpense": 24000000,
    "netIncome": 112000000,
    "netIncomeRatio": 0.082111437,
    "eps": 0.62,
    "epsdiluted": 0.62,
    "weightedAverageShsOut": 180200000,
    "weightedAverageShsOutDil": 180600000,
    "link": "https://www.sec.gov/Archives/edgar/data/1524472/000152447222000034/0001524472-22-000034-index.htm",
    "finalLink": "https://www.sec.gov/Archives/edgar/data/1524472/000152447222000034/xyl-20220630.htm"
  },
  {
    "date": "2022-03-31",
    "symbol": "XYL",
    "reportedCurrency": "USD",
    "cik": "0001524472",
    "fillingDate": "2022-05-04",
    "acceptedDate": "2022-05-04 11:38:26",
    "calendarYear": "2022",
    "period": "Q1",
    "revenue": 1272000000,
    "costOfRevenue": 805000000,
    "grossProfit": 467000000,
    "grossProfitRatio": 0.3671383648,
    "researchAndDevelopmentExpenses": 52000000,
    "generalAndAdministrativeExpenses": 304000000,
    "sellingAndMarketingExpenses": 0,
    "sellingGeneralAndAdministrativeExpenses": 304000000,
    "otherExpenses": 0,
    "operatingExpenses": 356000000,
    "costAndExpenses": 1161000000,
    "interestIncome": 0,
    "interestExpense": 13000000,
    "depreciationAndAmortization": 58000000,
    "ebitda": 169000000,
    "ebitdaratio": 0.1328616352,
    "operatingIncome": 111000000,
    "operatingIncomeRatio": 0.0872641509,
    "totalOtherIncomeExpensesNet": -13000000,
    "incomeBeforeTax": 98000000,
    "incomeBeforeTaxRatio": 0.0770440252,
    "incomeTaxExpense": 16000000,
    "netIncome": 82000000,
    "netIncomeRatio": 0.0644654088,
    "eps": 0.46,
    "epsdiluted": 0.45,
    "weightedAverageShsOut": 180200000,
    "weightedAverageShsOutDil": 181000000,
    "link": "https://www.sec.gov/Archives/edgar/data/1524472/000152447222000017/0001524472-22-000017-index.htm",
    "finalLink": "https://www.sec.gov/Archives/edgar/data/1524472/000152447222000017/xyl-20220331.htm"
  },
  {
    "date": "2021-12-31",
    "symbol": "XYL",
    "reportedCurrency": "USD",
    "cik": "0001524472",
    "fillingDate": "2022-02-25",
    "acceptedDate": "2022-02-25 13:43:00",
    "calendarYear": "2021",
    "period": "Q4",
    "revenue": 1323000000,
    "costOfRevenue": 830000000,
    "grossProfit": 493000000,
    "grossProfitRatio": 0.3726379441,
    "researchAndDevelopmentExpenses": 52000000,
    "generalAndAdministrativeExpenses": 301000000,
    "sellingAndMarketingExpenses": 0,
    "sellingGeneralAndAdministrativeExpenses": 301000000,
    "otherExpenses": 0,
    "operatingExpenses": 353000000,
    "costAndExpenses": 1183000000,
    "interestIncome": 0,
    "interestExpense": 13000000,
    "depreciationAndAmortization": 59000000,
    "ebitda": 198000000,
    "ebitdaratio": 0.1496598639,
    "operatingIncome": 140000000,
    "operatingIncomeRatio": 0.1058201058,
    "totalOtherIncomeExpensesNet": -14000000,
    "incomeBeforeTax": 126000000,
    "incomeBeforeTaxRatio": 0.0952380952,
    "incomeTaxExpense": 13000000,
    "netIncome": 113000000,
    "netIncomeRatio": 0.0854119426,
    "eps": 0.63,
    "epsdiluted": 0.62,
    "weightedAverageShsOut": 180200000,
    "weightedAverageShsOutDil": 181600000,
    "link": "https://www.sec.gov/Archives/edgar/data/1524472/000152447222000009/0001524472-22-000009-index.htm",
    "finalLink": "https://www.sec.gov/Archives/edgar/data/1524472/000152447222000009/xyl-20211231.htm"
  },
  {
    "date": "2021-09-30",
    "symbol": "XYL",
    "reportedCurrency": "USD",
    "cik": "0001524472",
    "fillingDate": "2021-11-02",
    "acceptedDate": "2021-11-02 12:47:18",
    "calendarYear": "2021",
    "period": "Q3",
    "revenue": 1265000000,
    "costOfRevenue": 793000000,
    "grossProfit": 472000000,
    "grossProfitRatio": 0.3731225296,
    "researchAndDevelopmentExpenses": 49000000,
    "generalAndAdministrativeExpenses": 273000000,
    "sellingAndMarketingExpenses": 0,
    "sellingGeneralAndAdministrativeExpenses": 273000000,
    "otherExpenses": -2000000,
    "operatingExpenses": 320000000,
    "costAndExpenses": 1113000000,
    "interestIncome": 0,
    "interestExpense": 21000000,
    "depreciationAndAmortization": 62000000,
    "ebitda": 216000000,
    "ebitdaratio": 0.1707509881,
    "operatingIncome": 152000000,
    "operatingIncomeRatio": 0.1201581028,
    "totalOtherIncomeExpensesNet": -19000000,
    "incomeBeforeTax": 133000000,
    "incomeBeforeTaxRatio": 0.1051383399,
    "incomeTaxExpense": 19000000,
    "netIncome": 114000000,
    "netIncomeRatio": 0.0901185771,
    "eps": 0.63,
    "epsdiluted": 0.63,
    "weightedAverageShsOut": 180200000,
    "weightedAverageShsOutDil": 181600000,
    "link": "https://www.sec.gov/Archives/edgar/data/1524472/000152447221000035/0001524472-21-000035-index.htm",
    "finalLink": "https://www.sec.gov/Archives/edgar/data/1524472/000152447221000035/xyl-20210930.htm"
  },
  {
    "date": "2021-06-30",
    "symbol": "XYL",
    "reportedCurrency": "USD",
    "cik": "0001524472",
    "fillingDate": "2021-08-03",
    "acceptedDate": "2021-08-03 12:50:29",
    "calendarYear": "2021",
    "period": "Q2",
    "revenue": 1351000000,
    "costOfRevenue": 831000000,
    "grossProfit": 520000000,
    "grossProfitRatio": 0.384900074,
    "researchAndDevelopmentExpenses": 53000000,
    "generalAndAdministrativeExpenses": 304000000,
    "sellingAndMarketingExpenses": 0,
    "sellingGeneralAndAdministrativeExpenses": 304000000,
    "otherExpenses": 3000000,
    "operatingExpenses": 360000000,
    "costAndExpenses": 1191000000,
    "interestIncome": 0,
    "interestExpense": 21000000,
    "depreciationAndAmortization": 62000000,
    "ebitda": 221000000,
    "ebitdaratio": 0.1635825315,
    "operatingIncome": 160000000,
    "operatingIncomeRatio": 0.118430792,
    "totalOtherIncomeExpensesNet": -22000000,
    "incomeBeforeTax": 138000000,
    "incomeBeforeTaxRatio": 0.1021465581,
    "incomeTaxExpense": 25000000,
    "netIncome": 113000000,
    "netIncomeRatio": 0.0836417469,
    "eps": 0.63,
    "epsdiluted": 0.62,
    "weightedAverageShsOut": 180100000,
    "weightedAverageShsOutDil": 181300000,
    "link": "https://www.sec.gov/Archives/edgar/data/1524472/000152447221000027/0001524472-21-000027-index.htm",
    "finalLink": "https://www.sec.gov/Archives/edgar/data/1524472/000152447221000027/xyl-20210630.htm"
  },
  {
    "date": "2021-03-31",
    "symbol": "XYL",
    "reportedCurrency": "USD",
    "cik": "0001524472",
    "fillingDate": "2021-05-04",
    "acceptedDate": "2021-05-04 16:45:56",
    "calendarYear": "2021",
    "period": "Q1",
    "revenue": 1256000000,
    "costOfRevenue": 766000000,
    "grossProfit": 490000000,
    "grossProfitRatio": 0.3901273885,
    "researchAndDevelopmentExpenses": 50000000,
    "generalAndAdministrativeExpenses": 301000000,
    "sellingAndMarketingExpenses": 0,
    "sellingGeneralAndAdministrativeExpenses": 301000000,
    "otherExpenses": 6000000,
    "operatingExpenses": 357000000,
    "costAndExpenses": 1123000000,
    "interestIncome": 0,
    "interestExpense": 21000000,
    "depreciationAndAmortization": 62000000,
    "ebitda": 197000000,
    "ebitdaratio": 0.1568471338,
    "operatingIncome": 133000000,
    "operatingIncomeRatio": 0.1058917197,
    "totalOtherIncomeExpensesNet": -19000000,
    "incomeBeforeTax": 114000000,
    "incomeBeforeTaxRatio": 0.0907643312,
    "incomeTaxExpense": 27000000,
    "netIncome": 87000000,
    "netIncomeRatio": 0.0692675159,
    "eps": 0.49,
    "epsdiluted": 0.48,
    "weightedAverageShsOut": 180300000,
    "weightedAverageShsOutDil": 181500000,
    "link": "https://www.sec.gov/Archives/edgar/data/1524472/000152447221000012/0001524472-21-000012-index.htm",
    "finalLink": "https://www.sec.gov/Archives/edgar/data/1524472/000152447221000012/xyl-20210331.htm"
  },
  {
    "date": "2020-12-31",
    "symbol": "XYL",
    "reportedCurrency": "USD",
    "cik": "0001524472",
    "fillingDate": "2021-02-26",
    "acceptedDate": "2021-02-26 14:41:14",
    "calendarYear": "2020",
    "period": "Q4",
    "revenue": 1373000000,
    "costOfRevenue": 847000000,
    "grossProfit": 526000000,
    "grossProfitRatio": 0.3831026948,
    "researchAndDevelopmentExpenses": 49000000,
    "generalAndAdministrativeExpenses": 292000000,
    "sellingAndMarketingExpenses": 0,
    "sellingGeneralAndAdministrativeExpenses": 292000000,
    "otherExpenses": 6000000,
    "operatingExpenses": 347000000,
    "costAndExpenses": 1194000000,
    "interestIncome": 7000000,
    "interestExpense": 21000000,
    "depreciationAndAmortization": 62000000,
    "ebitda": 241000000,
    "ebitdaratio": 0.1755280408,
    "operatingIncome": 179000000,
    "operatingIncomeRatio": 0.1303714494,
    "totalOtherIncomeExpensesNet": -21000000,
    "incomeBeforeTax": 158000000,
    "incomeBeforeTaxRatio": 0.1150764749,
    "incomeTaxExpense": 10000000,
    "netIncome": 148000000,
    "netIncomeRatio": 0.1077931537,
    "eps": 0.82,
    "epsdiluted": 0.82,
    "weightedAverageShsOut": 180300000,
    "weightedAverageShsOutDil": 181500000,
    "link": "https://www.sec.gov/Archives/edgar/data/1524472/000152447221000008/0001524472-21-000008-index.htm",
    "finalLink": "https://www.sec.gov/Archives/edgar/data/1524472/000152447221000008/xyl-20201231.htm"
  },
  {
    "date": "2020-09-30",
    "symbol": "XYL",
    "reportedCurrency": "USD",
    "cik": "0001524472",
    "fillingDate": "2020-10-29",
    "acceptedDate": "2020-10-29 15:07:52",
    "calendarYear": "2020",
    "period": "Q3",
    "revenue": 1220000000,
    "costOfRevenue": 759000000,
    "grossProfit": 461000000,
    "grossProfitRatio": 0.3778688525,
    "researchAndDevelopmentExpenses": 45000000,
    "generalAndAdministrativeExpenses": 266000000,
    "sellingAndMarketingExpenses": 0,
    "sellingGeneralAndAdministrativeExpenses": 266000000,
    "otherExpenses": 77000000,
    "operatingExpenses": 388000000,
    "costAndExpenses": 1147000000,
    "interestIncome": 0,
    "interestExpense": 22000000,
    "depreciationAndAmortization": 63000000,
    "ebitda": 135000000,
    "ebitdaratio": 0.1106557377,
    "operatingIncome": 73000000,
    "operatingIncomeRatio": 0.0598360656,
    "totalOtherIncomeExpensesNet": -23000000,
    "incomeBeforeTax": 50000000,
    "incomeBeforeTaxRatio": 0.0409836066,
    "incomeTaxExpense": 13000000,
    "netIncome": 37000000,
    "netIncomeRatio": 0.0303278689,
    "eps": 0.2,
    "epsdiluted": 0.2,
    "weightedAverageShsOut": 180000000,
    "weightedAverageShsOutDil": 181000000,
    "link": "https://www.sec.gov/Archives/edgar/data/1524472/000152447220000055/0001524472-20-000055-index.htm",
    "finalLink": "https://www.sec.gov/Archives/edgar/data/1524472/000152447220000055/xyl-20200930.htm"
  },
  {
    "date": "2020-06-30",
    "symbol": "XYL",
    "reportedCurrency": "USD",
    "cik": "0001524472",
    "fillingDate": "2020-07-30",
    "acceptedDate": "2020-07-30 12:52:49",
    "calendarYear": "2020",
    "period": "Q2",
    "revenue": 1160000000,
    "costOfRevenue": 726000000,
    "grossProfit": 434000000,
    "grossProfitRatio": 0.374137931,
    "researchAndDevelopmentExpenses": 44000000,
    "generalAndAdministrativeExpenses": 288000000,
    "sellingAndMarketingExpenses": 0,
    "sellingGeneralAndAdministrativeExpenses": 288000000,
    "otherExpenses": 48000000,
    "operatingExpenses": 380000000,
    "costAndExpenses": 1106000000,
    "interestIncome": 0,
    "interestExpense": 18000000,
    "depreciationAndAmortization": 62000000,
    "ebitda": 115000000,
    "ebitdaratio": 0.099137931,
    "operatingIncome": 54000000,
    "operatingIncomeRatio": 0.0465517241,
    "totalOtherIncomeExpensesNet": -19000000,
    "incomeBeforeTax": 35000000,
    "incomeBeforeTaxRatio": 0.0301724138,
    "incomeTaxExpense": 4000000,
    "netIncome": 31000000,
    "netIncomeRatio": 0.0267241379,
    "eps": 0.17,
    "epsdiluted": 0.17,
    "weightedAverageShsOut": 180000000,
    "weightedAverageShsOutDil": 180600000,
    "link": "https://www.sec.gov/Archives/edgar/data/1524472/000152447220000045/0001524472-20-000045-index.htm",
    "finalLink": "https://www.sec.gov/Archives/edgar/data/1524472/000152447220000045/xyl-20200630.htm"
  },
  {
    "date": "2020-03-31",
    "symbol": "XYL",
    "reportedCurrency": "USD",
    "cik": "0001524472",
    "fillingDate": "2020-05-05",
    "acceptedDate": "2020-05-05 13:28:31",
    "calendarYear": "2020",
    "period": "Q1",
    "revenue": 1123000000,
    "costOfRevenue": 714000000,
    "grossProfit": 409000000,
    "grossProfitRatio": 0.3642030276,
    "researchAndDevelopmentExpenses": 49000000,
    "generalAndAdministrativeExpenses": 297000000,
    "sellingAndMarketingExpenses": 0,
    "sellingGeneralAndAdministrativeExpenses": 297000000,
    "otherExpenses": 2000000,
    "operatingExpenses": 348000000,
    "costAndExpenses": 1062000000,
    "interestIncome": 0,
    "interestExpense": 16000000,
    "depreciationAndAmortization": 64000000,
    "ebitda": 122000000,
    "ebitdaratio": 0.1086375779,
    "operatingIncome": 61000000,
    "operatingIncomeRatio": 0.054318789,
    "totalOtherIncomeExpensesNet": -19000000,
    "incomeBeforeTax": 42000000,
    "incomeBeforeTaxRatio": 0.0373998219,
    "incomeTaxExpense": 4000000,
    "netIncome": 38000000,
    "netIncomeRatio": 0.0338379341,
    "eps": 0.21,
    "epsdiluted": 0.21,
    "weightedAverageShsOut": 180200000,
    "weightedAverageShsOutDil": 181300000,
    "link": "https://www.sec.gov/Archives/edgar/data/1524472/000152447220000020/0001524472-20-000020-index.htm",
    "finalLink": "https://www.sec.gov/Archives/edgar/data/1524472/000152447220000020/xyl-20200331.htm"
  },
  {
    "date": "2019-12-31",
    "symbol": "XYL",
    "reportedCurrency": "USD",
    "cik": "0001524472",
    "fillingDate": "2020-02-28",
    "acceptedDate": "2020-02-28 12:33:04",
    "calendarYear": "2019",
    "period": "Q4",
    "revenue": 1371000000,
    "costOfRevenue": 834000000,
    "grossProfit": 537000000,
    "grossProfitRatio": 0.3916849015,
    "researchAndDevelopmentExpenses": 49000000,
    "generalAndAdministrativeExpenses": 288000000,
    "sellingAndMarketingExpenses": 0,
    "sellingGeneralAndAdministrativeExpenses": 288000000,
    "otherExpenses": 5000000,
    "operatingExpenses": 342000000,
    "costAndExpenses": 1176000000,
    "interestIncome": 5000000,
    "interestExpense": 15000000,
    "depreciationAndAmortization": 65000000,
    "ebitda": 258000000,
    "ebitdaratio": 0.1881838074,
    "operatingIncome": 195000000,
    "operatingIncomeRatio": 0.1422319475,
    "totalOtherIncomeExpensesNet": -17000000,
    "incomeBeforeTax": 178000000,
    "incomeBeforeTaxRatio": 0.1298322392,
    "incomeTaxExpense": 60000000,
    "netIncome": 118000000,
    "netIncomeRatio": 0.0860685631,
    "eps": 0.65,
    "epsdiluted": 0.65,
    "weightedAverageShsOut": 180200000,
    "weightedAverageShsOutDil": 181300000,
    "link": "https://www.sec.gov/Archives/edgar/data/1524472/000152447220000006/0001524472-20-000006-index.htm",
    "finalLink": "https://www.sec.gov/Archives/edgar/data/1524472/000152447220000006/xyl1231201910kv1.htm"
  },
  {
    "date": "2019-09-30",
    "symbol": "XYL",
    "reportedCurrency": "USD",
    "cik": "0001524472",
    "fillingDate": "2019-10-31",
    "acceptedDate": "2019-10-31 15:41:40",
    "calendarYear": "2019",
    "period": "Q3",
    "revenue": 1296000000,
    "costOfRevenue": 787000000,
    "grossProfit": 509000000,
    "grossProfitRatio": 0.3927469136,
    "researchAndDevelopmentExpenses": 44000000,
    "generalAndAdministrativeExpenses": 273000000,
    "sellingAndMarketingExpenses": 0,
    "sellingGeneralAndAdministrativeExpenses": 273000000,
    "otherExpenses": 181000000,
    "operatingExpenses": 498000000,
    "costAndExpenses": 1285000000,
    "interestIncome": 0,
    "interestExpense": 16000000,
    "depreciationAndAmortization": 65000000,
    "ebitda": 69000000,
    "ebitdaratio": 0.0532407407,
    "operatingIncome": 11000000,
    "operatingIncomeRatio": 0.0084876543,
    "totalOtherIncomeExpensesNet": -23000000,
    "incomeBeforeTax": -12000000,
    "incomeBeforeTaxRatio": -0.0092592593,
    "incomeTaxExpense": -77000000,
    "netIncome": 65000000,
    "netIncomeRatio": 0.050154321,
    "eps": 0.36,
    "epsdiluted": 0.36,
    "weightedAverageShsOut": 180100000,
    "weightedAverageShsOutDil": 181200000,
    "link": "https://www.sec.gov/Archives/edgar/data/1524472/000152447219000055/0001524472-19-000055-index.htm",
    "finalLink": "https://www.sec.gov/Archives/edgar/data/1524472/000152447219000055/xyl0930201910-q.htm"
  },
  {
    "date": "2019-06-30",
    "symbol": "XYL",
    "reportedCurrency": "USD",
    "cik": "0001524472",
    "fillingDate": "2019-08-01",
    "acceptedDate": "2019-08-01 13:05:06",
    "calendarYear": "2019",
    "period": "Q2",
    "revenue": 1345000000,
    "costOfRevenue": 819000000,
    "grossProfit": 526000000,
    "grossProfitRatio": 0.3910780669,
    "researchAndDevelopmentExpenses": 47000000,
    "generalAndAdministrativeExpenses": 294000000,
    "sellingAndMarketingExpenses": 0,
    "sellingGeneralAndAdministrativeExpenses": 294000000,
    "otherExpenses": 14000000,
    "operatingExpenses": 355000000,
    "costAndExpenses": 1174000000,
    "interestIncome": 0,
    "interestExpense": 18000000,
    "depreciationAndAmortization": 63000000,
    "ebitda": 237000000,
    "ebitdaratio": 0.1762081784,
    "operatingIncome": 171000000,
    "operatingIncomeRatio": 0.1271375465,
    "totalOtherIncomeExpensesNet": -15000000,
    "incomeBeforeTax": 156000000,
    "incomeBeforeTaxRatio": 0.1159851301,
    "incomeTaxExpense": 17000000,
    "netIncome": 139000000,
    "netIncomeRatio": 0.1033457249,
    "eps": 0.77,
    "epsdiluted": 0.77,
    "weightedAverageShsOut": 180000000,
    "weightedAverageShsOutDil": 181200000,
    "link": "https://www.sec.gov/Archives/edgar/data/1524472/000152447219000050/0001524472-19-000050-index.htm",
    "finalLink": "https://www.sec.gov/Archives/edgar/data/1524472/000152447219000050/xyl0630201910-qv2.htm"
  },
  {
    "date": "2019-03-31",
    "symbol": "XYL",
    "reportedCurrency": "USD",
    "cik": "0001524472",
    "fillingDate": "2019-05-02",
    "acceptedDate": "2019-05-02 13:05:46",
    "calendarYear": "2019",
    "period": "Q1",
    "revenue": 1237000000,
    "costOfRevenue": 763000000,
    "grossProfit": 474000000,
    "grossProfitRatio": 0.3831851253,
    "researchAndDevelopmentExpenses": 51000000,
    "generalAndAdministrativeExpenses": 303000000,
    "sellingAndMarketingExpenses": 0,
    "sellingGeneralAndAdministrativeExpenses": 303000000,
    "otherExpenses": 11000000,
    "operatingExpenses": 365000000,
    "costAndExpenses": 1128000000,
    "interestIncome": 0,
    "interestExpense": 18000000,
    "depreciationAndAmortization": 64000000,
    "ebitda": 176000000,
    "ebitdaratio": 0.142279709,
    "operatingIncome": 109000000,
    "operatingIncomeRatio": 0.0881164107,
    "totalOtherIncomeExpensesNet": -15000000,
    "incomeBeforeTax": 94000000,
    "incomeBeforeTaxRatio": 0.0759902991,
    "incomeTaxExpense": 15000000,
    "netIncome": 79000000,
    "netIncomeRatio": 0.0638641876,
    "eps": 0.44,
    "epsdiluted": 0.43,
    "weightedAverageShsOut": 179700000,
    "weightedAverageShsOutDil": 181100000,
    "link": "https://www.sec.gov/Archives/edgar/data/1524472/000152447219000032/0001524472-19-000032-index.htm",
    "finalLink": "https://www.sec.gov/Archives/edgar/data/1524472/000152447219000032/xyl0331201910-q.htm"
  },
  {
    "date": "2018-12-31",
    "symbol": "XYL",
    "reportedCurrency": "USD",
    "cik": "0001524472",
    "fillingDate": "2019-02-22",
    "acceptedDate": "2019-02-22 10:34:01",
    "calendarYear": "2018",
    "period": "Q4",
    "revenue": 1386000000,
    "costOfRevenue": 844000000,
    "grossProfit": 542000000,
    "grossProfitRatio": 0.3910533911,
    "researchAndDevelopmentExpenses": 52000000,
    "generalAndAdministrativeExpenses": 293000000,
    "sellingAndMarketingExpenses": 0,
    "sellingGeneralAndAdministrativeExpenses": 293000000,
    "otherExpenses": 3000000,
    "operatingExpenses": 348000000,
    "costAndExpenses": 1192000000,
    "interestIncome": 4000000,
    "interestExpense": 19000000,
    "depreciationAndAmortization": 66000000,
    "ebitda": 264000000,
    "ebitdaratio": 0.1904761905,
    "operatingIncome": 194000000,
    "operatingIncomeRatio": 0.13997114,
    "totalOtherIncomeExpensesNet": -15000000,
    "incomeBeforeTax": 179000000,
    "incomeBeforeTaxRatio": 0.1291486291,
    "incomeTaxExpense": -46000000,
    "netIncome": 225000000,
    "netIncomeRatio": 0.1623376623,
    "eps": 1.25,
    "epsdiluted": 1.24,
    "weightedAverageShsOut": 179700000,
    "weightedAverageShsOutDil": 181100000,
    "link": "https://www.sec.gov/Archives/edgar/data/1524472/000152447219000009/0001524472-19-000009-index.htm",
    "finalLink": "https://www.sec.gov/Archives/edgar/data/1524472/000152447219000009/xyl1231201810k.htm"
  },
  {
    "date": "2018-09-30",
    "symbol": "XYL",
    "reportedCurrency": "USD",
    "cik": "0001524472",
    "fillingDate": "2018-10-30",
    "acceptedDate": "2018-10-30 12:08:17",
    "calendarYear": "2018",
    "period": "Q3",
    "revenue": 1287000000,
    "costOfRevenue": 782000000,
    "grossProfit": 505000000,
    "grossProfitRatio": 0.3923853924,
    "researchAndDevelopmentExpenses": 46000000,
    "generalAndAdministrativeExpenses": 279000000,
    "sellingAndMarketingExpenses": 0,
    "sellingGeneralAndAdministrativeExpenses": 279000000,
    "otherExpenses": 4000000,
    "operatingExpenses": 329000000,
    "costAndExpenses": 1111000000,
    "interestIncome": 0,
    "interestExpense": 21000000,
    "depreciationAndAmortization": 63000000,
    "ebitda": 245000000,
    "ebitdaratio": 0.1903651904,
    "operatingIncome": 176000000,
    "operatingIncomeRatio": 0.1367521368,
    "totalOtherIncomeExpensesNet": -15000000,
    "incomeBeforeTax": 161000000,
    "incomeBeforeTaxRatio": 0.1250971251,
    "incomeTaxExpense": 31000000,
    "netIncome": 130000000,
    "netIncomeRatio": 0.101010101,
    "eps": 0.73,
    "epsdiluted": 0.72,
    "weightedAverageShsOut": 179700000,
    "weightedAverageShsOutDil": 181100000,
    "link": "https://www.sec.gov/Archives/edgar/data/1524472/000152447218000043/0001524472-18-000043-index.htm",
    "finalLink": "https://www.sec.gov/Archives/edgar/data/1524472/000152447218000043/xyl0930201810-q.htm"
  },
  {
    "date": "2018-06-30",
    "symbol": "XYL",
    "reportedCurrency": "USD",
    "cik": "0001524472",
    "fillingDate": "2018-07-31",
    "acceptedDate": "2018-07-31 12:04:55",
    "calendarYear": "2018",
    "period": "Q2",
    "revenue": 1317000000,
    "costOfRevenue": 798000000,
    "grossProfit": 519000000,
    "grossProfitRatio": 0.3940774487,
    "researchAndDevelopmentExpenses": 50000000,
    "generalAndAdministrativeExpenses": 293000000,
    "sellingAndMarketingExpenses": 0,
    "sellingGeneralAndAdministrativeExpenses": 293000000,
    "otherExpenses": 5000000,
    "operatingExpenses": 348000000,
    "costAndExpenses": 1146000000,
    "interestIncome": 0,
    "interestExpense": 21000000,
    "depreciationAndAmortization": 65000000,
    "ebitda": 236000000,
    "ebitdaratio": 0.1791951405,
    "operatingIncome": 171000000,
    "operatingIncomeRatio": 0.1298405467,
    "totalOtherIncomeExpensesNet": -21000000,
    "incomeBeforeTax": 150000000,
    "incomeBeforeTaxRatio": 0.1138952164,
    "incomeTaxExpense": 35000000,
    "netIncome": 115000000,
    "netIncomeRatio": 0.0873196659,
    "eps": 0.64,
    "epsdiluted": 0.64,
    "weightedAverageShsOut": 179800000,
    "weightedAverageShsOutDil": 181000000,
    "link": "https://www.sec.gov/Archives/edgar/data/1524472/000152447218000035/0001524472-18-000035-index.htm",
    "finalLink": "https://www.sec.gov/Archives/edgar/data/1524472/000152447218000035/xyl0630201810-q.htm"
  },
  {
    "date": "2018-03-31",
    "symbol": "XYL",
    "reportedCurrency": "USD",
    "cik": "0001524472",
    "fillingDate": "2018-05-01",
    "acceptedDate": "2018-05-01 13:11:29",
    "calendarYear": "2018",
    "period": "Q1",
    "revenue": 1217000000,
    "costOfRevenue": 757000000,
    "grossProfit": 460000000,
    "grossProfitRatio": 0.377978636,
    "researchAndDevelopmentExpenses": 41000000,
    "generalAndAdministrativeExpenses": 296000000,
    "sellingAndMarketingExpenses": 0,
    "sellingGeneralAndAdministrativeExpenses": 296000000,
    "otherExpenses": 10000000,
    "operatingExpenses": 347000000,
    "costAndExpenses": 1104000000,
    "interestIncome": 0,
    "interestExpense": 21000000,
    "depreciationAndAmortization": 67000000,
    "ebitda": 183000000,
    "ebitdaratio": 0.1503697617,
    "operatingIncome": 113000000,
    "operatingIncomeRatio": 0.0928512736,
    "totalOtherIncomeExpensesNet": -18000000,
    "incomeBeforeTax": 95000000,
    "incomeBeforeTaxRatio": 0.0780608053,
    "incomeTaxExpense": 16000000,
    "netIncome": 79000000,
    "netIncomeRatio": 0.0649137223,
    "eps": 0.44,
    "epsdiluted": 0.43,
    "weightedAverageShsOut": 179900000,
    "weightedAverageShsOutDil": 181400000,
    "link": "https://www.sec.gov/Archives/edgar/data/1524472/000152447218000019/0001524472-18-000019-index.htm",
    "finalLink": "https://www.sec.gov/Archives/edgar/data/1524472/000152447218000019/xyl0331201810-q.htm"
  },
  {
    "date": "2017-12-31",
    "symbol": "XYL",
    "reportedCurrency": "USD",
    "cik": "0001524472",
    "fillingDate": "2018-02-23",
    "acceptedDate": "2018-02-23 12:53:26",
    "calendarYear": "2017",
    "period": "Q4",
    "revenue": 1277000000,
    "costOfRevenue": 768000000,
    "grossProfit": 509000000,
    "grossProfitRatio": 0.3985904464,
    "researchAndDevelopmentExpenses": 49000000,
    "generalAndAdministrativeExpenses": 278000000,
    "sellingAndMarketingExpenses": 0,
    "sellingGeneralAndAdministrativeExpenses": 278000000,
    "otherExpenses": 3000000,
    "operatingExpenses": 330000000,
    "costAndExpenses": 1098000000,
    "interestIncome": 3000000,
    "interestExpense": 20000000,
    "depreciationAndAmortization": 60000000,
    "ebitda": 224000000,
    "ebitdaratio": 0.1754111198,
    "operatingIncome": 179000000,
    "operatingIncomeRatio": 0.1401722788,
    "totalOtherIncomeExpensesNet": -35000000,
    "incomeBeforeTax": 144000000,
    "incomeBeforeTaxRatio": 0.1127642913,
    "incomeTaxExpense": 74000000,
    "netIncome": 71000000,
    "netIncomeRatio": 0.0555990603,
    "eps": 0.39,
    "epsdiluted": 0.39,
    "weightedAverageShsOut": 179900000,
    "weightedAverageShsOutDil": 181400000,
    "link": "https://www.sec.gov/Archives/edgar/data/1524472/000152447218000006/0001524472-18-000006-index.htm",
    "finalLink": "https://www.sec.gov/Archives/edgar/data/1524472/000152447218000006/xyl1231201710k.htm"
  },
  {
    "date": "2017-09-30",
    "symbol": "XYL",
    "reportedCurrency": "USD",
    "cik": "0001524472",
    "fillingDate": "2017-10-31",
    "acceptedDate": "2017-10-31 11:51:56",
    "calendarYear": "2017",
    "period": "Q3",
    "revenue": 1195000000,
    "costOfRevenue": 724000000,
    "grossProfit": 471000000,
    "grossProfitRatio": 0.3941422594,
    "researchAndDevelopmentExpenses": 45000000,
    "generalAndAdministrativeExpenses": 270000000,
    "sellingAndMarketingExpenses": 0,
    "sellingGeneralAndAdministrativeExpenses": 270000000,
    "otherExpenses": 4000000,
    "operatingExpenses": 319000000,
    "costAndExpenses": 1043000000,
    "interestIncome": 0,
    "interestExpense": 21000000,
    "depreciationAndAmortization": 58000000,
    "ebitda": 210000000,
    "ebitdaratio": 0.1757322176,
    "operatingIncome": 152000000,
    "operatingIncomeRatio": 0.1271966527,
    "totalOtherIncomeExpensesNet": -21000000,
    "incomeBeforeTax": 131000000,
    "incomeBeforeTaxRatio": 0.109623431,
    "incomeTaxExpense": 27000000,
    "netIncome": 105000000,
    "netIncomeRatio": 0.0878661088,
    "eps": 0.58,
    "epsdiluted": 0.58,
    "weightedAverageShsOut": 179600000,
    "weightedAverageShsOutDil": 180900000,
    "link": "https://www.sec.gov/Archives/edgar/data/1524472/000152447217000049/0001524472-17-000049-index.htm",
    "finalLink": "https://www.sec.gov/Archives/edgar/data/1524472/000152447217000049/xyl0930201710-q.htm"
  },
  {
    "date": "2017-06-30",
    "symbol": "XYL",
    "reportedCurrency": "USD",
    "cik": "0001524472",
    "fillingDate": "2017-08-01",
    "acceptedDate": "2017-08-01 11:13:17",
    "calendarYear": "2017",
    "period": "Q2",
    "revenue": 1164000000,
    "costOfRevenue": 705000000,
    "grossProfit": 459000000,
    "grossProfitRatio": 0.3943298969,
    "researchAndDevelopmentExpenses": 44000000,
    "generalAndAdministrativeExpenses": 270000000,
    "sellingAndMarketingExpenses": 0,
    "sellingGeneralAndAdministrativeExpenses": 270000000,
    "otherExpenses": 6000000,
    "operatingExpenses": 320000000,
    "costAndExpenses": 1027000000,
    "interestIncome": 0,
    "interestExpense": 21000000,
    "depreciationAndAmortization": 57000000,
    "ebitda": 199000000,
    "ebitdaratio": 0.1709621993,
    "operatingIncome": 137000000,
    "operatingIncomeRatio": 0.1176975945,
    "totalOtherIncomeExpensesNet": -16000000,
    "incomeBeforeTax": 121000000,
    "incomeBeforeTaxRatio": 0.10395189,
    "incomeTaxExpense": 21000000,
    "netIncome": 99000000,
    "netIncomeRatio": 0.0850515464,
    "eps": 0.55,
    "epsdiluted": 0.55,
    "weightedAverageShsOut": 179600000,
    "weightedAverageShsOutDil": 180600000,
    "link": "https://www.sec.gov/Archives/edgar/data/1524472/000152447217000039/0001524472-17-000039-index.htm",
    "finalLink": "https://www.sec.gov/Archives/edgar/data/1524472/000152447217000039/xyl0630201710-q.htm"
  },
  {
    "date": "2017-03-31",
    "symbol": "XYL",
    "reportedCurrency": "USD",
    "cik": "0001524472",
    "fillingDate": "2017-05-02",
    "acceptedDate": "2017-05-02 14:48:19",
    "calendarYear": "2017",
    "period": "Q1",
    "revenue": 1071000000,
    "costOfRevenue": 659000000,
    "grossProfit": 412000000,
    "grossProfitRatio": 0.3846872082,
    "researchAndDevelopmentExpenses": 42000000,
    "generalAndAdministrativeExpenses": 272000000,
    "sellingAndMarketingExpenses": 0,
    "sellingGeneralAndAdministrativeExpenses": 272000000,
    "otherExpenses": 12000000,
    "operatingExpenses": 326000000,
    "costAndExpenses": 985000000,
    "interestIncome": 0,
    "interestExpense": 20000000,
    "depreciationAndAmortization": 59000000,
    "ebitda": 149000000,
    "ebitdaratio": 0.1391223156,
    "operatingIncome": 86000000,
    "operatingIncomeRatio": 0.0802987862,
    "totalOtherIncomeExpensesNet": -16000000,
    "incomeBeforeTax": 70000000,
    "incomeBeforeTaxRatio": 0.0653594771,
    "incomeTaxExpense": 14000000,
    "netIncome": 56000000,
    "netIncomeRatio": 0.0522875817,
    "eps": 0.31,
    "epsdiluted": 0.31,
    "weightedAverageShsOut": 179600000,
    "weightedAverageShsOutDil": 180700000,
    "link": "https://www.sec.gov/Archives/edgar/data/1524472/000152447217000024/0001524472-17-000024-index.htm",
    "finalLink": "https://www.sec.gov/Archives/edgar/data/1524472/000152447217000024/xyl0331201710-q.htm"
  },
  {
    "date": "2016-12-31",
    "symbol": "XYL",
    "reportedCurrency": "USD",
    "cik": "0001524472",
    "fillingDate": "2017-02-23",
    "acceptedDate": "2017-02-23 11:50:48",
    "calendarYear": "2016",
    "period": "Q4",
    "revenue": 1095000000,
    "costOfRevenue": 689000000,
    "grossProfit": 406000000,
    "grossProfitRatio": 0.3707762557,
    "researchAndDevelopmentExpenses": 35000000,
    "generalAndAdministrativeExpenses": 250000000,
    "sellingAndMarketingExpenses": 0,
    "sellingGeneralAndAdministrativeExpenses": 250000000,
    "otherExpenses": 12000000,
    "operatingExpenses": 297000000,
    "costAndExpenses": 986000000,
    "interestIncome": 2000000,
    "interestExpense": 20000000,
    "depreciationAndAmortization": 54000000,
    "ebitda": 164000000,
    "ebitdaratio": 0.1497716895,
    "operatingIncome": 109000000,
    "operatingIncomeRatio": 0.099543379,
    "totalOtherIncomeExpensesNet": -19000000,
    "incomeBeforeTax": 90000000,
    "incomeBeforeTaxRatio": 0.0821917808,
    "incomeTaxExpense": 40000000,
    "netIncome": 50000000,
    "netIncomeRatio": 0.0456621005,
    "eps": 0.28,
    "epsdiluted": 0.28,
    "weightedAverageShsOut": 179600000,
    "weightedAverageShsOutDil": 180700000,
    "link": "https://www.sec.gov/Archives/edgar/data/1524472/000152447217000008/0001524472-17-000008-index.htm",
    "finalLink": "https://www.sec.gov/Archives/edgar/data/1524472/000152447217000008/xyl1231201610k.htm"
  },
  {
    "date": "2016-09-30",
    "symbol": "XYL",
    "reportedCurrency": "USD",
    "cik": "0001524472",
    "fillingDate": "2016-11-01",
    "acceptedDate": "2016-11-01 12:27:48",
    "calendarYear": "2016",
    "period": "Q3",
    "revenue": 897000000,
    "costOfRevenue": 540000000,
    "grossProfit": 357000000,
    "grossProfitRatio": 0.397993311,
    "researchAndDevelopmentExpenses": 23000000,
    "generalAndAdministrativeExpenses": 219000000,
    "sellingAndMarketingExpenses": 0,
    "sellingGeneralAndAdministrativeExpenses": 219000000,
    "otherExpenses": 6000000,
    "operatingExpenses": 248000000,
    "costAndExpenses": 788000000,
    "interestIncome": 0,
    "interestExpense": 16000000,
    "depreciationAndAmortization": 32000000,
    "ebitda": 143000000,
    "ebitdaratio": 0.1594202899,
    "operatingIncome": 109000000,
    "operatingIncomeRatio": 0.121516165,
    "totalOtherIncomeExpensesNet": -14000000,
    "incomeBeforeTax": 95000000,
    "incomeBeforeTaxRatio": 0.1059085842,
    "incomeTaxExpense": 22000000,
    "netIncome": 73000000,
    "netIncomeRatio": 0.0813823857,
    "eps": 0.41,
    "epsdiluted": 0.41,
    "weightedAverageShsOut": 179300000,
    "weightedAverageShsOutDil": 180300000,
    "link": "https://www.sec.gov/Archives/edgar/data/1524472/000152447216000044/0001524472-16-000044-index.htm",
    "finalLink": "https://www.sec.gov/Archives/edgar/data/1524472/000152447216000044/xyl0930201610-q.htm"
  },
  {
    "date": "2016-06-30",
    "symbol": "XYL",
    "reportedCurrency": "USD",
    "cik": "0001524472",
    "fillingDate": "2016-08-02",
    "acceptedDate": "2016-08-02 10:36:50",
    "calendarYear": "2016",
    "period": "Q2",
    "revenue": 932000000,
    "costOfRevenue": 563000000,
    "grossProfit": 369000000,
    "grossProfitRatio": 0.3959227468,
    "researchAndDevelopmentExpenses": 27000000,
    "generalAndAdministrativeExpenses": 227000000,
    "sellingAndMarketingExpenses": 0,
    "sellingGeneralAndAdministrativeExpenses": 227000000,
    "otherExpenses": 6000000,
    "operatingExpenses": 260000000,
    "costAndExpenses": 823000000,
    "interestIncome": 0,
    "interestExpense": 20000000,
    "depreciationAndAmortization": 33000000,
    "ebitda": 143000000,
    "ebitdaratio": 0.1534334764,
    "operatingIncome": 109000000,
    "operatingIncomeRatio": 0.1169527897,
    "totalOtherIncomeExpensesNet": -19000000,
    "incomeBeforeTax": 90000000,
    "incomeBeforeTaxRatio": 0.0965665236,
    "incomeTaxExpense": 19000000,
    "netIncome": 71000000,
    "netIncomeRatio": 0.0761802575,
    "eps": 0.39,
    "epsdiluted": 0.39,
    "weightedAverageShsOut": 179100000,
    "weightedAverageShsOutDil": 179900000,
    "link": "https://www.sec.gov/Archives/edgar/data/1524472/000152447216000038/0001524472-16-000038-index.htm",
    "finalLink": "https://www.sec.gov/Archives/edgar/data/1524472/000152447216000038/xyl0630201610-q.htm"
  },
  {
    "date": "2016-03-31",
    "symbol": "XYL",
    "reportedCurrency": "USD",
    "cik": "0001524472",
    "fillingDate": "2016-05-03",
    "acceptedDate": "2016-05-03 10:21:51",
    "calendarYear": "2016",
    "period": "Q1",
    "revenue": 847000000,
    "costOfRevenue": 518000000,
    "grossProfit": 329000000,
    "grossProfitRatio": 0.3884297521,
    "researchAndDevelopmentExpenses": 25000000,
    "generalAndAdministrativeExpenses": 219000000,
    "sellingAndMarketingExpenses": 0,
    "sellingGeneralAndAdministrativeExpenses": 219000000,
    "otherExpenses": 6000000,
    "operatingExpenses": 250000000,
    "costAndExpenses": 768000000,
    "interestIncome": 0,
    "interestExpense": 14000000,
    "depreciationAndAmortization": 32000000,
    "ebitda": 111000000,
    "ebitdaratio": 0.1310507674,
    "operatingIncome": 79000000,
    "operatingIncomeRatio": 0.093270366,
    "totalOtherIncomeExpensesNet": -14000000,
    "incomeBeforeTax": 65000000,
    "incomeBeforeTaxRatio": 0.0767414404,
    "incomeTaxExpense": -1000000,
    "netIncome": 66000000,
    "netIncomeRatio": 0.0779220779,
    "eps": 0.37,
    "epsdiluted": 0.37,
    "weightedAverageShsOut": 178600000,
    "weightedAverageShsOutDil": 179300000,
    "link": "https://www.sec.gov/Archives/edgar/data/1524472/000152447216000032/0001524472-16-000032-index.htm",
    "finalLink": "https://www.sec.gov/Archives/edgar/data/1524472/000152447216000032/xyl0331201610-q.htm"
  },
  {
    "date": "2015-12-31",
    "symbol": "XYL",
    "reportedCurrency": "USD",
    "cik": "0001524472",
    "fillingDate": "2016-02-26",
    "acceptedDate": "2016-02-26 11:19:24",
    "calendarYear": "2015",
    "period": "Q4",
    "revenue": 994000000,
    "costOfRevenue": 604000000,
    "grossProfit": 390000000,
    "grossProfitRatio": 0.3923541247,
    "researchAndDevelopmentExpenses": 24000000,
    "generalAndAdministrativeExpenses": 223000000,
    "sellingAndMarketingExpenses": 0,
    "sellingGeneralAndAdministrativeExpenses": 223000000,
    "otherExpenses": 1000000,
    "operatingExpenses": 248000000,
    "costAndExpenses": 852000000,
    "interestIncome": 2000000,
    "interestExpense": 14000000,
    "depreciationAndAmortization": 31000000,
    "ebitda": 173000000,
    "ebitdaratio": 0.1740442656,
    "operatingIncome": 142000000,
    "operatingIncomeRatio": 0.1428571429,
    "totalOtherIncomeExpensesNet": -14000000,
    "incomeBeforeTax": 128000000,
    "incomeBeforeTaxRatio": 0.1287726358,
    "incomeTaxExpense": 14000000,
    "netIncome": 114000000,
    "netIncomeRatio": 0.1146881288,
    "eps": 0.64,
    "epsdiluted": 0.64,
    "weightedAverageShsOut": 178600000,
    "weightedAverageShsOutDil": 179300000,
    "link": "https://www.sec.gov/Archives/edgar/data/1524472/000152447216000027/0001524472-16-000027-index.htm",
    "finalLink": "https://www.sec.gov/Archives/edgar/data/1524472/000152447216000027/xyl1231201510k.htm"
  },
  {
    "date": "2015-09-30",
    "symbol": "XYL",
    "reportedCurrency": "USD",
    "cik": "0001524472",
    "fillingDate": "2015-10-29",
    "acceptedDate": "2015-10-29 10:13:58",
    "calendarYear": "2015",
    "period": "Q3",
    "revenue": 902000000,
    "costOfRevenue": 551000000,
    "grossProfit": 351000000,
    "grossProfitRatio": 0.389135255,
    "researchAndDevelopmentExpenses": 23000000,
    "generalAndAdministrativeExpenses": 207000000,
    "sellingAndMarketingExpenses": 0,
    "sellingGeneralAndAdministrativeExpenses": 207000000,
    "otherExpenses": 1000000,
    "operatingExpenses": 231000000,
    "costAndExpenses": 782000000,
    "interestIncome": 0,
    "interestExpense": 13000000,
    "depreciationAndAmortization": 33000000,
    "ebitda": 153000000,
    "ebitdaratio": 0.1696230599,
    "operatingIncome": 120000000,
    "operatingIncomeRatio": 0.133037694,
    "totalOtherIncomeExpensesNet": -13000000,
    "incomeBeforeTax": 107000000,
    "incomeBeforeTaxRatio": 0.1186252772,
    "incomeTaxExpense": 19000000,
    "netIncome": 88000000,
    "netIncomeRatio": 0.0975609756,
    "eps": 0.48,
    "epsdiluted": 0.48,
    "weightedAverageShsOut": 180800000,
    "weightedAverageShsOutDil": 181600000,
    "link": "https://www.sec.gov/Archives/edgar/data/1524472/000152447215000023/0001524472-15-000023-index.htm",
    "finalLink": "https://www.sec.gov/Archives/edgar/data/1524472/000152447215000023/xyl0930201510-q.htm"
  },
  {
    "date": "2015-06-30",
    "symbol": "XYL",
    "reportedCurrency": "USD",
    "cik": "0001524472",
    "fillingDate": "2015-07-30",
    "acceptedDate": "2015-07-30 10:37:02",
    "calendarYear": "2015",
    "period": "Q2",
    "revenue": 920000000,
    "costOfRevenue": 572000000,
    "grossProfit": 348000000,
    "grossProfitRatio": 0.3782608696,
    "researchAndDevelopmentExpenses": 25000000,
    "generalAndAdministrativeExpenses": 218000000,
    "sellingAndMarketingExpenses": 0,
    "sellingGeneralAndAdministrativeExpenses": 218000000,
    "otherExpenses": 1000000,
    "operatingExpenses": 244000000,
    "costAndExpenses": 816000000,
    "interestIncome": 0,
    "interestExpense": 14000000,
    "depreciationAndAmortization": 34000000,
    "ebitda": 139000000,
    "ebitdaratio": 0.1510869565,
    "operatingIncome": 104000000,
    "operatingIncomeRatio": 0.1130434783,
    "totalOtherIncomeExpensesNet": -13000000,
    "incomeBeforeTax": 91000000,
    "incomeBeforeTaxRatio": 0.0989130435,
    "incomeTaxExpense": 17000000,
    "netIncome": 74000000,
    "netIncomeRatio": 0.0804347826,
    "eps": 0.41,
    "epsdiluted": 0.41,
    "weightedAverageShsOut": 181500000,
    "weightedAverageShsOutDil": 182300000,
    "link": "https://www.sec.gov/Archives/edgar/data/1524472/000152447215000015/0001524472-15-000015-index.htm",
    "finalLink": "https://www.sec.gov/Archives/edgar/data/1524472/000152447215000015/xyl0630201510-q.htm"
  },
  {
    "date": "2015-03-31",
    "symbol": "XYL",
    "reportedCurrency": "USD",
    "cik": "0001524472",
    "fillingDate": "2015-04-30",
    "acceptedDate": "2015-04-30 10:49:07",
    "calendarYear": "2015",
    "period": "Q1",
    "revenue": 837000000,
    "costOfRevenue": 522000000,
    "grossProfit": 315000000,
    "grossProfitRatio": 0.376344086,
    "researchAndDevelopmentExpenses": 23000000,
    "generalAndAdministrativeExpenses": 206000000,
    "sellingAndMarketingExpenses": 0,
    "sellingGeneralAndAdministrativeExpenses": 206000000,
    "otherExpenses": 3000000,
    "operatingExpenses": 232000000,
    "costAndExpenses": 754000000,
    "interestIncome": 0,
    "interestExpense": 14000000,
    "depreciationAndAmortization": 35000000,
    "ebitda": 126000000,
    "ebitdaratio": 0.1505376344,
    "operatingIncome": 83000000,
    "operatingIncomeRatio": 0.0991636798,
    "totalOtherIncomeExpensesNet": -6000000,
    "incomeBeforeTax": 77000000,
    "incomeBeforeTaxRatio": 0.091995221,
    "incomeTaxExpense": 13000000,
    "netIncome": 64000000,
    "netIncomeRatio": 0.0764635603,
    "eps": 0.35,
    "epsdiluted": 0.35,
    "weightedAverageShsOut": 182100000,
    "weightedAverageShsOutDil": 183100000,
    "link": "https://www.sec.gov/Archives/edgar/data/1524472/000152447215000009/0001524472-15-000009-index.htm",
    "finalLink": "https://www.sec.gov/Archives/edgar/data/1524472/000152447215000009/xyl0331201510-q.htm"
  },
  {
    "date": "2014-12-31",
    "symbol": "XYL",
    "reportedCurrency": "USD",
    "cik": "0001524472",
    "fillingDate": "2015-02-26",
    "acceptedDate": "2015-02-26 11:33:26",
    "calendarYear": "2014",
    "period": "Q4",
    "revenue": 1042000000,
    "costOfRevenue": 635000000,
    "grossProfit": 407000000,
    "grossProfitRatio": 0.3905950096,
    "researchAndDevelopmentExpenses": 26000000,
    "generalAndAdministrativeExpenses": 232000000,
    "sellingAndMarketingExpenses": 0,
    "sellingGeneralAndAdministrativeExpenses": 232000000,
    "otherExpenses": 8000000,
    "operatingExpenses": 266000000,
    "costAndExpenses": 901000000,
    "interestIncome": 2000000,
    "interestExpense": 13000000,
    "depreciationAndAmortization": 35000000,
    "ebitda": 176000000,
    "ebitdaratio": 0.1689059501,
    "operatingIncome": 141000000,
    "operatingIncomeRatio": 0.1353166987,
    "totalOtherIncomeExpensesNet": -13000000,
    "incomeBeforeTax": 128000000,
    "incomeBeforeTaxRatio": 0.122840691,
    "incomeTaxExpense": 32000000,
    "netIncome": 96000000,
    "netIncomeRatio": 0.0921305182,
    "eps": 0.53,
    "epsdiluted": 0.52,
    "weightedAverageShsOut": 182100000,
    "weightedAverageShsOutDil": 183100000,
    "link": "https://www.sec.gov/Archives/edgar/data/1524472/000152447215000006/0001524472-15-000006-index.htm",
    "finalLink": "https://www.sec.gov/Archives/edgar/data/1524472/000152447215000006/xyl1231201410k.htm"
  },
  {
    "date": "2014-09-30",
    "symbol": "XYL",
    "reportedCurrency": "USD",
    "cik": "0001524472",
    "fillingDate": "2014-10-28",
    "acceptedDate": "2014-10-28 11:46:47",
    "calendarYear": "2014",
    "period": "Q3",
    "revenue": 963000000,
    "costOfRevenue": 587000000,
    "grossProfit": 376000000,
    "grossProfitRatio": 0.3904465213,
    "researchAndDevelopmentExpenses": 24000000,
    "generalAndAdministrativeExpenses": 222000000,
    "sellingAndMarketingExpenses": 0,
    "sellingGeneralAndAdministrativeExpenses": 222000000,
    "otherExpenses": 0,
    "operatingExpenses": 246000000,
    "costAndExpenses": 833000000,
    "interestIncome": 0,
    "interestExpense": 14000000,
    "depreciationAndAmortization": 35000000,
    "ebitda": 177000000,
    "ebitdaratio": 0.1838006231,
    "operatingIncome": 130000000,
    "operatingIncomeRatio": 0.1349948079,
    "totalOtherIncomeExpensesNet": -2000000,
    "incomeBeforeTax": 128000000,
    "incomeBeforeTaxRatio": 0.1329179647,
    "incomeTaxExpense": 22000000,
    "netIncome": 106000000,
    "netIncomeRatio": 0.1100726895,
    "eps": 0.58,
    "epsdiluted": 0.58,
    "weightedAverageShsOut": 182200000,
    "weightedAverageShsOutDil": 183400000,
    "link": "https://www.sec.gov/Archives/edgar/data/1524472/000152447214000016/0001524472-14-000016-index.htm",
    "finalLink": "https://www.sec.gov/Archives/edgar/data/1524472/000152447214000016/xyl0930201410-q.htm"
  },
  {
    "date": "2014-06-30",
    "symbol": "XYL",
    "reportedCurrency": "USD",
    "cik": "0001524472",
    "fillingDate": "2014-07-29",
    "acceptedDate": "2014-07-29 11:22:31",
    "calendarYear": "2014",
    "period": "Q2",
    "revenue": 1005000000,
    "costOfRevenue": 617000000,
    "grossProfit": 388000000,
    "grossProfitRatio": 0.3860696517,
    "researchAndDevelopmentExpenses": 27000000,
    "generalAndAdministrativeExpenses": 242000000,
    "sellingAndMarketingExpenses": 0,
    "sellingGeneralAndAdministrativeExpenses": 242000000,
    "otherExpenses": 3000000,
    "operatingExpenses": 272000000,
    "costAndExpenses": 889000000,
    "interestIncome": 0,
    "interestExpense": 13000000,
    "depreciationAndAmortization": 36000000,
    "ebitda": 153000000,
    "ebitdaratio": 0.152238806,
    "operatingIncome": 116000000,
    "operatingIncomeRatio": 0.1154228856,
    "totalOtherIncomeExpensesNet": -12000000,
    "incomeBeforeTax": 104000000,
    "incomeBeforeTaxRatio": 0.1034825871,
    "incomeTaxExpense": 18000000,
    "netIncome": 86000000,
    "netIncomeRatio": 0.0855721393,
    "eps": 0.47,
    "epsdiluted": 0.47,
    "weightedAverageShsOut": 183400000,
    "weightedAverageShsOutDil": 184500000,
    "link": "https://www.sec.gov/Archives/edgar/data/1524472/000152447214000013/0001524472-14-000013-index.htm",
    "finalLink": "https://www.sec.gov/Archives/edgar/data/1524472/000152447214000013/xyl0630201410-q.htm"
  },
  {
    "date": "2014-03-31",
    "symbol": "XYL",
    "reportedCurrency": "USD",
    "cik": "0001524472",
    "fillingDate": "2014-04-29",
    "acceptedDate": "2014-04-29 10:45:43",
    "calendarYear": "2014",
    "period": "Q1",
    "revenue": 906000000,
    "costOfRevenue": 564000000,
    "grossProfit": 342000000,
    "grossProfitRatio": 0.3774834437,
    "researchAndDevelopmentExpenses": 27000000,
    "generalAndAdministrativeExpenses": 224000000,
    "sellingAndMarketingExpenses": 0,
    "sellingGeneralAndAdministrativeExpenses": 224000000,
    "otherExpenses": 15000000,
    "operatingExpenses": 266000000,
    "costAndExpenses": 830000000,
    "interestIncome": 0,
    "interestExpense": 14000000,
    "depreciationAndAmortization": 36000000,
    "ebitda": 111000000,
    "ebitdaratio": 0.1225165563,
    "operatingIncome": 76000000,
    "operatingIncomeRatio": 0.0838852097,
    "totalOtherIncomeExpensesNet": -15000000,
    "incomeBeforeTax": 61000000,
    "incomeBeforeTaxRatio": 0.0673289183,
    "incomeTaxExpense": 12000000,
    "netIncome": 49000000,
    "netIncomeRatio": 0.0540838852,
    "eps": 0.27,
    "epsdiluted": 0.27,
    "weightedAverageShsOut": 184500000,
    "weightedAverageShsOutDil": 185800000,
    "link": "https://www.sec.gov/Archives/edgar/data/1524472/000152447214000007/0001524472-14-000007-index.htm",
    "finalLink": "https://www.sec.gov/Archives/edgar/data/1524472/000152447214000007/xyl0331201410-q.htm"
  },
  {
    "date": "2013-12-31",
    "symbol": "XYL",
    "reportedCurrency": "USD",
    "cik": "0001524472",
    "fillingDate": "2014-02-27",
    "acceptedDate": "2014-02-27 11:58:31",
    "calendarYear": "2013",
    "period": "Q4",
    "revenue": 1033000000,
    "costOfRevenue": 623000000,
    "grossProfit": 410000000,
    "grossProfitRatio": 0.3969022265,
    "researchAndDevelopmentExpenses": 26000000,
    "generalAndAdministrativeExpenses": 242000000,
    "sellingAndMarketingExpenses": 0,
    "sellingGeneralAndAdministrativeExpenses": 242000000,
    "otherExpenses": 13000000,
    "operatingExpenses": 281000000,
    "costAndExpenses": 904000000,
    "interestIncome": 3000000,
    "interestExpense": 14000000,
    "depreciationAndAmortization": 40000000,
    "ebitda": 161000000,
    "ebitdaratio": 0.155856728,
    "operatingIncome": 129000000,
    "operatingIncomeRatio": 0.1248789932,
    "totalOtherIncomeExpensesNet": -22000000,
    "incomeBeforeTax": 107000000,
    "incomeBeforeTaxRatio": 0.1035818006,
    "incomeTaxExpense": 39000000,
    "netIncome": 68000000,
    "netIncomeRatio": 0.0658276864,
    "eps": 0.37,
    "epsdiluted": 0.37,
    "weightedAverageShsOut": 184500000,
    "weightedAverageShsOutDil": 185800000,
    "link": "https://www.sec.gov/Archives/edgar/data/1524472/000152447214000004/0001524472-14-000004-index.htm",
    "finalLink": "https://www.sec.gov/Archives/edgar/data/1524472/000152447214000004/xyl1231201310k.htm"
  },
  {
    "date": "2013-09-30",
    "symbol": "XYL",
    "reportedCurrency": "USD",
    "cik": "0001524472",
    "fillingDate": "2013-10-29",
    "acceptedDate": "2013-10-29 11:53:49",
    "calendarYear": "2013",
    "period": "Q3",
    "revenue": 965000000,
    "costOfRevenue": 581000000,
    "grossProfit": 384000000,
    "grossProfitRatio": 0.3979274611,
    "researchAndDevelopmentExpenses": 24000000,
    "generalAndAdministrativeExpenses": 257000000,
    "sellingAndMarketingExpenses": 0,
    "sellingGeneralAndAdministrativeExpenses": 257000000,
    "otherExpenses": 5000000,
    "operatingExpenses": 286000000,
    "costAndExpenses": 867000000,
    "interestIncome": 0,
    "interestExpense": 14000000,
    "depreciationAndAmortization": 36000000,
    "ebitda": 133000000,
    "ebitdaratio": 0.1378238342,
    "operatingIncome": 98000000,
    "operatingIncomeRatio": 0.1015544041,
    "totalOtherIncomeExpensesNet": -15000000,
    "incomeBeforeTax": 83000000,
    "incomeBeforeTaxRatio": 0.0860103627,
    "incomeTaxExpense": 10000000,
    "netIncome": 73000000,
    "netIncomeRatio": 0.0756476684,
    "eps": 0.39,
    "epsdiluted": 0.39,
    "weightedAverageShsOut": 185200000,
    "weightedAverageShsOutDil": 186000000,
    "link": "https://www.sec.gov/Archives/edgar/data/1524472/000152447213000016/0001524472-13-000016-index.htm",
    "finalLink": "https://www.sec.gov/Archives/edgar/data/1524472/000152447213000016/xyl0930201310-q.htm"
  },
  {
    "date": "2013-06-30",
    "symbol": "XYL",
    "reportedCurrency": "USD",
    "cik": "0001524472",
    "fillingDate": "2013-07-30",
    "acceptedDate": "2013-07-30 14:21:12",
    "calendarYear": "2013",
    "period": "Q2",
    "revenue": 960000000,
    "costOfRevenue": 589000000,
    "grossProfit": 371000000,
    "grossProfitRatio": 0.3864583333,
    "researchAndDevelopmentExpenses": 28000000,
    "generalAndAdministrativeExpenses": 253000000,
    "sellingAndMarketingExpenses": 0,
    "sellingGeneralAndAdministrativeExpenses": 253000000,
    "otherExpenses": 20000000,
    "operatingExpenses": 301000000,
    "costAndExpenses": 890000000,
    "interestIncome": 0,
    "interestExpense": 14000000,
    "depreciationAndAmortization": 37000000,
    "ebitda": 108000000,
    "ebitdaratio": 0.1125,
    "operatingIncome": 70000000,
    "operatingIncomeRatio": 0.0729166667,
    "totalOtherIncomeExpensesNet": -13000000,
    "incomeBeforeTax": 57000000,
    "incomeBeforeTaxRatio": 0.059375,
    "incomeTaxExpense": 11000000,
    "netIncome": 46000000,
    "netIncomeRatio": 0.0479166667,
    "eps": 0.25,
    "epsdiluted": 0.25,
    "weightedAverageShsOut": 185400000,
    "weightedAverageShsOutDil": 186100000,
    "link": "https://www.sec.gov/Archives/edgar/data/1524472/000152447213000011/0001524472-13-000011-index.htm",
    "finalLink": "https://www.sec.gov/Archives/edgar/data/1524472/000152447213000011/xyl0630201310-q.htm"
  },
  {
    "date": "2013-03-31",
    "symbol": "XYL",
    "reportedCurrency": "USD",
    "cik": "0001524472",
    "fillingDate": "2013-04-30",
    "acceptedDate": "2013-04-30 10:47:41",
    "calendarYear": "2013",
    "period": "Q1",
    "revenue": 879000000,
    "costOfRevenue": 545000000,
    "grossProfit": 334000000,
    "grossProfitRatio": 0.3799772469,
    "researchAndDevelopmentExpenses": 26000000,
    "generalAndAdministrativeExpenses": 237000000,
    "sellingAndMarketingExpenses": 0,
    "sellingGeneralAndAdministrativeExpenses": 237000000,
    "otherExpenses": 5000000,
    "operatingExpenses": 268000000,
    "costAndExpenses": 813000000,
    "interestIncome": 0,
    "interestExpense": 13000000,
    "depreciationAndAmortization": 37000000,
    "ebitda": 101000000,
    "ebitdaratio": 0.1149032992,
    "operatingIncome": 66000000,
    "operatingIncomeRatio": 0.0750853242,
    "totalOtherIncomeExpensesNet": -20000000,
    "incomeBeforeTax": 51000000,
    "incomeBeforeTaxRatio": 0.0580204778,
    "incomeTaxExpense": 10000000,
    "netIncome": 41000000,
    "netIncomeRatio": 0.0466439135,
    "eps": 0.22,
    "epsdiluted": 0.22,
    "weightedAverageShsOut": 185800000,
    "weightedAverageShsOutDil": 186400000,
    "link": "https://www.sec.gov/Archives/edgar/data/1524472/000152447213000006/0001524472-13-000006-index.htm",
    "finalLink": "https://www.sec.gov/Archives/edgar/data/1524472/000152447213000006/xyl0331201310-q.htm"
  },
  {
    "date": "2012-12-31",
    "symbol": "XYL",
    "reportedCurrency": "USD",
    "cik": "0001524472",
    "fillingDate": "2013-02-25",
    "acceptedDate": "2013-02-25 17:26:08",
    "calendarYear": "2012",
    "period": "Q4",
    "revenue": 969000000,
    "costOfRevenue": 587000000,
    "grossProfit": 382000000,
    "grossProfitRatio": 0.3942208462,
    "researchAndDevelopmentExpenses": 26000000,
    "generalAndAdministrativeExpenses": 0,
    "sellingAndMarketingExpenses": 0,
    "sellingGeneralAndAdministrativeExpenses": 217000000,
    "otherExpenses": 35000000,
    "operatingExpenses": 278000000,
    "costAndExpenses": 865000000,
    "interestIncome": 4000000,
    "interestExpense": 14000000,
    "depreciationAndAmortization": 39000000,
    "ebitda": 142000000,
    "ebitdaratio": 0.1465428277,
    "operatingIncome": 104000000,
    "operatingIncomeRatio": 0.1073271414,
    "totalOtherIncomeExpensesNet": -15000000,
    "incomeBeforeTax": 89000000,
    "incomeBeforeTaxRatio": 0.0918472652,
    "incomeTaxExpense": 16000000,
    "netIncome": 73000000,
    "netIncomeRatio": 0.0753353973,
    "eps": 0.39,
    "epsdiluted": 0.39,
    "weightedAverageShsOut": 185800000,
    "weightedAverageShsOutDil": 186400000,
    "link": "https://www.sec.gov/Archives/edgar/data/1524472/000152447213000003/0001524472-13-000003-index.htm",
    "finalLink": "https://www.sec.gov/Archives/edgar/data/1524472/000152447213000003/xyl1231201210k.htm"
  },
  {
    "date": "2012-09-30",
    "symbol": "XYL",
    "reportedCurrency": "USD",
    "cik": "0001524472",
    "fillingDate": "2012-11-01",
    "acceptedDate": "2012-11-01 11:36:46",
    "calendarYear": "2012",
    "period": "Q3",
    "revenue": 931000000,
    "costOfRevenue": 557000000,
    "grossProfit": 374000000,
    "grossProfitRatio": 0.4017185822,
    "researchAndDevelopmentExpenses": 24000000,
    "generalAndAdministrativeExpenses": 231000000,
    "sellingAndMarketingExpenses": 0,
    "sellingGeneralAndAdministrativeExpenses": 231000000,
    "otherExpenses": 8000000,
    "operatingExpenses": 263000000,
    "costAndExpenses": 820000000,
    "interestIncome": 0,
    "interestExpense": 14000000,
    "depreciationAndAmortization": 36000000,
    "ebitda": 150000000,
    "ebitdaratio": 0.1611170784,
    "operatingIncome": 111000000,
    "operatingIncomeRatio": 0.119226638,
    "totalOtherIncomeExpensesNet": -11000000,
    "incomeBeforeTax": 100000000,
    "incomeBeforeTaxRatio": 0.1074113856,
    "incomeTaxExpense": 28000000,
    "netIncome": 72000000,
    "netIncomeRatio": 0.0773361976,
    "eps": 0.39,
    "epsdiluted": 0.38,
    "weightedAverageShsOut": 185900000,
    "weightedAverageShsOutDil": 186300000,
    "link": "https://www.sec.gov/Archives/edgar/data/1524472/000152447212000004/0001524472-12-000004-index.htm",
    "finalLink": "https://www.sec.gov/Archives/edgar/data/1524472/000152447212000004/xyl0930201210-q.htm"
  },
  {
    "date": "2012-06-30",
    "symbol": "XYL",
    "reportedCurrency": "USD",
    "cik": "0001524472",
    "fillingDate": "2012-08-02",
    "acceptedDate": "2012-08-02 10:22:37",
    "calendarYear": "2012",
    "period": "Q2",
    "revenue": 966000000,
    "costOfRevenue": 583000000,
    "grossProfit": 383000000,
    "grossProfitRatio": 0.3964803313,
    "researchAndDevelopmentExpenses": 28000000,
    "generalAndAdministrativeExpenses": 220000000,
    "sellingAndMarketingExpenses": 0,
    "sellingGeneralAndAdministrativeExpenses": 220000000,
    "otherExpenses": 6000000,
    "operatingExpenses": 254000000,
    "costAndExpenses": 837000000,
    "interestIncome": 0,
    "interestExpense": 13000000,
    "depreciationAndAmortization": 33000000,
    "ebitda": 161000000,
    "ebitdaratio": 0.1666666667,
    "operatingIncome": 129000000,
    "operatingIncomeRatio": 0.1335403727,
    "totalOtherIncomeExpensesNet": -14000000,
    "incomeBeforeTax": 115000000,
    "incomeBeforeTaxRatio": 0.119047619,
    "incomeTaxExpense": 26000000,
    "netIncome": 89000000,
    "netIncomeRatio": 0.0921325052,
    "eps": 0.48,
    "epsdiluted": 0.48,
    "weightedAverageShsOut": 185800000,
    "weightedAverageShsOutDil": 186200000,
    "link": "https://www.sec.gov/Archives/edgar/data/1524472/000119312512330734/0001193125-12-330734-index.htm",
    "finalLink": "https://www.sec.gov/Archives/edgar/data/1524472/000119312512330734/d354795d10q.htm"
  },
  {
    "date": "2012-03-31",
    "symbol": "XYL",
    "reportedCurrency": "USD",
    "cik": "0001524472",
    "fillingDate": "2012-05-03",
    "acceptedDate": "2012-05-03 08:45:55",
    "calendarYear": "2012",
    "period": "Q1",
    "revenue": 925000000,
    "costOfRevenue": 562000000,
    "grossProfit": 363000000,
    "grossProfitRatio": 0.3924324324,
    "researchAndDevelopmentExpenses": 28000000,
    "generalAndAdministrativeExpenses": 231000000,
    "sellingAndMarketingExpenses": 0,
    "sellingGeneralAndAdministrativeExpenses": 231000000,
    "otherExpenses": 5000000,
    "operatingExpenses": 264000000,
    "costAndExpenses": 826000000,
    "interestIncome": 0,
    "interestExpense": 14000000,
    "depreciationAndAmortization": 34000000,
    "ebitda": 132000000,
    "ebitdaratio": 0.1427027027,
    "operatingIncome": 99000000,
    "operatingIncomeRatio": 0.107027027,
    "totalOtherIncomeExpensesNet": -15000000,
    "incomeBeforeTax": 84000000,
    "incomeBeforeTaxRatio": 0.0908108108,
    "incomeTaxExpense": 21000000,
    "netIncome": 63000000,
    "netIncomeRatio": 0.0681081081,
    "eps": 0.34,
    "epsdiluted": 0.34,
    "weightedAverageShsOut": 185400000,
    "weightedAverageShsOutDil": 185900000,
    "link": "https://www.sec.gov/Archives/edgar/data/1524472/000119312512206735/0001193125-12-206735-index.htm",
    "finalLink": "https://www.sec.gov/Archives/edgar/data/1524472/000119312512206735/d338967d10q.htm"
  },
  {
    "date": "2011-12-31",
    "symbol": "XYL",
    "reportedCurrency": "USD",
    "cik": "0001524472",
    "fillingDate": "2012-02-28",
    "acceptedDate": "2012-02-28 14:43:15",
    "calendarYear": "2011",
    "period": "Q4",
    "revenue": 1003000000,
    "costOfRevenue": 623000000,
    "grossProfit": 380000000,
    "grossProfitRatio": 0.3788634098,
    "researchAndDevelopmentExpenses": 27000000,
    "generalAndAdministrativeExpenses": 0,
    "sellingAndMarketingExpenses": 0,
    "sellingGeneralAndAdministrativeExpenses": 321000000,
    "otherExpenses": -67000000,
    "operatingExpenses": 281000000,
    "costAndExpenses": 904000000,
    "interestIncome": 3000000,
    "interestExpense": 15000000,
    "depreciationAndAmortization": 33000000,
    "ebitda": 132000000,
    "ebitdaratio": 0.1316051844,
    "operatingIncome": 99000000,
    "operatingIncomeRatio": 0.0987038883,
    "totalOtherIncomeExpensesNet": -15000000,
    "incomeBeforeTax": 84000000,
    "incomeBeforeTaxRatio": 0.0837487537,
    "incomeTaxExpense": 32000000,
    "netIncome": 52000000,
    "netIncomeRatio": 0.0518444666,
    "eps": 0.28,
    "epsdiluted": 0.28,
    "weightedAverageShsOut": 185400000,
    "weightedAverageShsOutDil": 185900000,
    "link": "https://www.sec.gov/Archives/edgar/data/1524472/000119312512084766/0001193125-12-084766-index.htm",
    "finalLink": "https://www.sec.gov/Archives/edgar/data/1524472/000119312512084766/d267556d10k.htm"
  },
  {
    "date": "2011-09-30",
    "symbol": "XYL",
    "reportedCurrency": "USD",
    "cik": "0001524472",
    "fillingDate": "2011-11-21",
    "acceptedDate": "2011-11-21 16:13:42",
    "calendarYear": "2011",
    "period": "Q3",
    "revenue": 939000000,
    "costOfRevenue": 574000000,
    "grossProfit": 365000000,
    "grossProfitRatio": 0.3887113951,
    "researchAndDevelopmentExpenses": 23000000,
    "generalAndAdministrativeExpenses": 0,
    "sellingAndMarketingExpenses": 0,
    "sellingGeneralAndAdministrativeExpenses": 261000000,
    "otherExpenses": 2000000,
    "operatingExpenses": 286000000,
    "costAndExpenses": 860000000,
    "interestIncome": 0,
    "interestExpense": 1000000,
    "depreciationAndAmortization": 36000000,
    "ebitda": 119000000,
    "ebitdaratio": 0.1267305644,
    "operatingIncome": 79000000,
    "operatingIncomeRatio": 0.0841320554,
    "totalOtherIncomeExpensesNet": 3000000,
    "incomeBeforeTax": 82000000,
    "incomeBeforeTaxRatio": 0.0873269436,
    "incomeTaxExpense": 5000000,
    "netIncome": 77000000,
    "netIncomeRatio": 0.0820021299,
    "eps": 0.42,
    "epsdiluted": 0.42,
    "weightedAverageShsOut": 184600000,
    "weightedAverageShsOutDil": 184600000,
    "link": "https://www.sec.gov/Archives/edgar/data/1524472/000095012311099774/0000950123-11-099774-index.htm",
    "finalLink": "https://www.sec.gov/Archives/edgar/data/1524472/000095012311099774/y93003e10vq.htm"
  },
  {
    "date": "2011-06-30",
    "symbol": "XYL",
    "reportedCurrency": "USD",
    "cik": "0001524472",
    "fillingDate": "2011-06-30",
    "acceptedDate": "2011-06-29 20:00:00",
    "calendarYear": "2011",
    "period": "Q2",
    "revenue": 971000000,
    "costOfRevenue": 592000000,
    "grossProfit": 379000000,
    "grossProfitRatio": 0.3903192585,
    "researchAndDevelopmentExpenses": 26000000,
    "generalAndAdministrativeExpenses": 0,
    "sellingAndMarketingExpenses": 0,
    "sellingGeneralAndAdministrativeExpenses": 237000000,
    "otherExpenses": 0,
    "operatingExpenses": 263000000,
    "costAndExpenses": 855000000,
    "interestIncome": 0,
    "interestExpense": 1000000,
    "depreciationAndAmortization": 35000000,
    "ebitda": 151000000,
    "ebitdaratio": 0.1555097837,
    "operatingIncome": 116000000,
    "operatingIncomeRatio": 0.1194644696,
    "totalOtherIncomeExpensesNet": -1000000,
    "incomeBeforeTax": 115000000,
    "incomeBeforeTaxRatio": 0.1184346035,
    "incomeTaxExpense": 43000000,
    "netIncome": 72000000,
    "netIncomeRatio": 0.0741503605,
    "eps": 0.39,
    "epsdiluted": 0.39,
    "weightedAverageShsOut": 184600000,
    "weightedAverageShsOutDil": 184600000,
    "link": "",
    "finalLink": ""
  },
  {
    "date": "2011-03-31",
    "symbol": "XYL",
    "reportedCurrency": "USD",
    "cik": "0001524472",
    "fillingDate": "2011-03-31",
    "acceptedDate": "2011-03-30 20:00:00",
    "calendarYear": "2011",
    "period": "Q1",
    "revenue": 890000000,
    "costOfRevenue": 553000000,
    "grossProfit": 337000000,
    "grossProfitRatio": 0.3786516854,
    "researchAndDevelopmentExpenses": 24000000,
    "generalAndAdministrativeExpenses": 0,
    "sellingAndMarketingExpenses": 0,
    "sellingGeneralAndAdministrativeExpenses": 210000000,
    "otherExpenses": 3000000,
    "operatingExpenses": 237000000,
    "costAndExpenses": 790000000,
    "interestIncome": 0,
    "interestExpense": 0,
    "depreciationAndAmortization": 33000000,
    "ebitda": 134000000,
    "ebitdaratio": 0.1505617978,
    "operatingIncome": 100000000,
    "operatingIncomeRatio": 0.1123595506,
    "totalOtherIncomeExpensesNet": 1000000,
    "incomeBeforeTax": 101000000,
    "incomeBeforeTaxRatio": 0.1134831461,
    "incomeTaxExpense": 23000000,
    "netIncome": 78000000,
    "netIncomeRatio": 0.0876404494,
    "eps": 0.42,
    "epsdiluted": 0.42,
    "weightedAverageShsOut": 184600000,
    "weightedAverageShsOutDil": 184600000,
    "link": "",
    "finalLink": ""
  },
  {
    "date": "2010-12-31",
    "symbol": "XYL",
    "reportedCurrency": "USD",
    "cik": "0001524472",
    "fillingDate": "2010-12-31",
    "acceptedDate": "2010-12-30 19:00:00",
    "calendarYear": "2010",
    "period": "Q4",
    "revenue": 935000000,
    "costOfRevenue": 576000000,
    "grossProfit": 359000000,
    "grossProfitRatio": 0.3839572193,
    "researchAndDevelopmentExpenses": 21000000,
    "generalAndAdministrativeExpenses": 0,
    "sellingAndMarketingExpenses": 0,
    "sellingGeneralAndAdministrativeExpenses": 220000000,
    "otherExpenses": 7000000,
    "operatingExpenses": 248000000,
    "costAndExpenses": 824000000,
    "interestIncome": 0,
    "interestExpense": 0,
    "depreciationAndAmortization": 25000000,
    "ebitda": 151000000,
    "ebitdaratio": 0.1614973262,
    "operatingIncome": 111000000,
    "operatingIncomeRatio": 0.1187165775,
    "totalOtherIncomeExpensesNet": 0,
    "incomeBeforeTax": 111000000,
    "incomeBeforeTaxRatio": 0.1187165775,
    "incomeTaxExpense": 14000000,
    "netIncome": 97000000,
    "netIncomeRatio": 0.1037433155,
    "eps": 0.53,
    "epsdiluted": 0.53,
    "weightedAverageShsOut": 184600000,
    "weightedAverageShsOutDil": 184600000,
    "link": "",
    "finalLink": ""
  },
  {
    "date": "2010-09-30",
    "symbol": "XYL",
    "reportedCurrency": "USD",
    "cik": "0001524472",
    "fillingDate": "2010-09-30",
    "acceptedDate": "2010-09-29 20:00:00",
    "calendarYear": "2010",
    "period": "Q3",
    "revenue": 806000000,
    "costOfRevenue": 497000000,
    "grossProfit": 309000000,
    "grossProfitRatio": 0.3833746898,
    "researchAndDevelopmentExpenses": 18000000,
    "generalAndAdministrativeExpenses": 0,
    "sellingAndMarketingExpenses": 0,
    "sellingGeneralAndAdministrativeExpenses": 183000000,
    "otherExpenses": 1000000,
    "operatingExpenses": 202000000,
    "costAndExpenses": 699000000,
    "interestIncome": 0,
    "interestExpense": 0,
    "depreciationAndAmortization": 1000000,
    "ebitda": 110000000,
    "ebitdaratio": 0.1364764268,
    "operatingIncome": 107000000,
    "operatingIncomeRatio": 0.1327543424,
    "totalOtherIncomeExpensesNet": 3000000,
    "incomeBeforeTax": 110000000,
    "incomeBeforeTaxRatio": 0.1364764268,
    "incomeTaxExpense": 19000000,
    "netIncome": 91000000,
    "netIncomeRatio": 0.1129032258,
    "eps": 0.49,
    "epsdiluted": 0.49,
    "weightedAverageShsOut": 184600000,
    "weightedAverageShsOutDil": 184600000,
    "link": "",
    "finalLink": ""
  },
  {
    "date": "2010-03-31",
    "symbol": "XYL",
    "reportedCurrency": "USD",
    "cik": "0001524472",
    "fillingDate": "2010-03-31",
    "acceptedDate": "2010-03-30 20:00:00",
    "calendarYear": "2010",
    "period": "Q1",
    "revenue": 686000000,
    "costOfRevenue": 431000000,
    "grossProfit": 255000000,
    "grossProfitRatio": 0.3717201166,
    "researchAndDevelopmentExpenses": 18000000,
    "generalAndAdministrativeExpenses": 0,
    "sellingAndMarketingExpenses": 0,
    "sellingGeneralAndAdministrativeExpenses": 164000000,
    "otherExpenses": 4000000,
    "operatingExpenses": 186000000,
    "costAndExpenses": 617000000,
    "interestIncome": 0,
    "interestExpense": 0,
    "depreciationAndAmortization": 19000000,
    "ebitda": 92000000,
    "ebitdaratio": 0.1341107872,
    "operatingIncome": 69000000,
    "operatingIncomeRatio": 0.1005830904,
    "totalOtherIncomeExpensesNet": -2000000,
    "incomeBeforeTax": 67000000,
    "incomeBeforeTaxRatio": 0.0976676385,
    "incomeTaxExpense": 11000000,
    "netIncome": 56000000,
    "netIncomeRatio": 0.0816326531,
    "eps": 0.3,
    "epsdiluted": 0.3,
    "weightedAverageShsOut": 184600000,
    "weightedAverageShsOutDil": 184600000,
    "link": "",
    "finalLink": ""
  }
]