[
  {
    "date": "2025-06-30",
    "symbol": "XYZ",
    "reportedCurrency": "USD",
    "cik": "0001512673",
    "fillingDate": "2025-08-07",
    "acceptedDate": "2025-08-07 16:26:16",
    "calendarYear": "2025",
    "period": "Q2",
    "revenue": 6054457000,
    "costOfRevenue": 3551818000,
    "grossProfit": 2502639000,
    "grossProfitRatio": 0.4133548227,
    "researchAndDevelopmentExpenses": 725288000,
    "generalAndAdministrativeExpenses": 0,
    "sellingAndMarketingExpenses": 0,
    "sellingGeneralAndAdministrativeExpenses": 997926000,
    "otherExpenses": 0,
    "operatingExpenses": 1723214000,
    "costAndExpenses": 5275032000,
    "interestIncome": 0,
    "interestExpense": 23687000,
    "depreciationAndAmortization": 92397000,
    "ebitda": 775466000,
    "ebitdaratio": 0.1280818412,
    "operatingIncome": 779425000,
    "operatingIncomeRatio": 0.1287357396,
    "totalOtherIncomeExpensesNet": -120043000,
    "incomeBeforeTax": 659382000,
    "incomeBeforeTaxRatio": 0.108908528,
    "incomeTaxExpense": 121048000,
    "netIncome": 538458000,
    "netIncomeRatio": 0.0889358038,
    "eps": 0.88,
    "epsdiluted": 0.87,
    "weightedAverageShsOut": 612882000,
    "weightedAverageShsOutDil": 618928000,
    "link": "https://www.sec.gov/Archives/edgar/data/1512673/000162828025038920/0001628280-25-038920-index.htm",
    "finalLink": "https://www.sec.gov/Archives/edgar/data/1512673/000162828025038920/sq-20250630.htm"
  },
  {
    "date": "2025-03-31",
    "symbol": "XYZ",
    "reportedCurrency": "USD",
    "cik": "0001512673",
    "fillingDate": "2025-05-01",
    "acceptedDate": "2025-05-01 20:16:36",
    "calendarYear": "2025",
    "period": "Q1",
    "revenue": 5771796000,
    "costOfRevenue": 3515849000,
    "grossProfit": 2255947000,
    "grossProfitRatio": 0.3908570227,
    "researchAndDevelopmentExpenses": 760699000,
    "generalAndAdministrativeExpenses": 0,
    "sellingAndMarketingExpenses": 0,
    "sellingGeneralAndAdministrativeExpenses": 995937000,
    "otherExpenses": 0,
    "operatingExpenses": 1756636000,
    "costAndExpenses": 5272485000,
    "interestIncome": 0,
    "interestExpense": 17243000,
    "depreciationAndAmortization": 88948000,
    "ebitda": 333241000,
    "ebitdaratio": 0.0577361016,
    "operatingIncome": 499311000,
    "operatingIncomeRatio": 0.0865087747,
    "totalOtherIncomeExpensesNet": -272261000,
    "incomeBeforeTax": 227050000,
    "incomeBeforeTaxRatio": 0.0393378422,
    "incomeTaxExpense": 38328000,
    "netIncome": 189872000,
    "netIncomeRatio": 0.0328965196,
    "eps": 0.31,
    "epsdiluted": 0.3,
    "weightedAverageShsOut": 619370000,
    "weightedAverageShsOutDil": 635342000,
    "link": "https://www.sec.gov/Archives/edgar/data/1512673/000162828025021538/0001628280-25-021538-index.htm",
    "finalLink": "https://www.sec.gov/Archives/edgar/data/1512673/000162828025021538/sq-20250331.htm"
  },
  {
    "date": "2024-12-31",
    "symbol": "XYZ",
    "reportedCurrency": "USD",
    "cik": "0001512673",
    "fillingDate": "2025-02-24",
    "acceptedDate": "2025-02-24 21:17:17",
    "calendarYear": "2024",
    "period": "Q4",
    "revenue": 6032561000,
    "costOfRevenue": 3755756000,
    "grossProfit": 2276805000,
    "grossProfitRatio": 0.3774193083,
    "researchAndDevelopmentExpenses": 769695000,
    "generalAndAdministrativeExpenses": 0,
    "sellingAndMarketingExpenses": 0,
    "sellingGeneralAndAdministrativeExpenses": 1046045000,
    "otherExpenses": 0,
    "operatingExpenses": 1815740000,
    "costAndExpenses": 5571496000,
    "interestIncome": 0,
    "interestExpense": 16107000,
    "depreciationAndAmortization": 88878000,
    "ebitda": 382779000,
    "ebitdaratio": 0.0634521557,
    "operatingIncome": 461065000,
    "operatingIncomeRatio": 0.0764293971,
    "totalOtherIncomeExpensesNet": -183271000,
    "incomeBeforeTax": 277794000,
    "incomeBeforeTaxRatio": 0.0460490992,
    "incomeTaxExpense": -1646875000,
    "netIncome": 1946020000,
    "netIncomeRatio": 0.322586046,
    "eps": 3.15,
    "epsdiluted": 3.04,
    "weightedAverageShsOut": 637954213,
    "weightedAverageShsOutDil": 639302000,
    "link": "https://www.sec.gov/Archives/edgar/data/1512673/000162828025007376/0001628280-25-007376-index.htm",
    "finalLink": "https://www.sec.gov/Archives/edgar/data/1512673/000162828025007376/sq-20241231.htm"
  },
  {
    "date": "2024-09-30",
    "symbol": "XYZ",
    "reportedCurrency": "USD",
    "cik": "0001512673",
    "fillingDate": "2024-11-07",
    "acceptedDate": "2024-11-07 16:18:12",
    "calendarYear": "2024",
    "period": "Q3",
    "revenue": 5975801000,
    "costOfRevenue": 3762137000,
    "grossProfit": 2213664000,
    "grossProfitRatio": 0.3704380383,
    "researchAndDevelopmentExpenses": 710983000,
    "generalAndAdministrativeExpenses": 0,
    "sellingAndMarketingExpenses": 0,
    "sellingGeneralAndAdministrativeExpenses": 987002000,
    "otherExpenses": 0,
    "operatingExpenses": 1697985000,
    "costAndExpenses": 5460122000,
    "interestIncome": 0,
    "interestExpense": 13811000,
    "depreciationAndAmortization": 92706000,
    "ebitda": 430664000,
    "ebitdaratio": 0.0720679956,
    "operatingIncome": 515679000,
    "operatingIncomeRatio": 0.0862945403,
    "totalOtherIncomeExpensesNet": -191532000,
    "incomeBeforeTax": 324147000,
    "incomeBeforeTaxRatio": 0.0542432722,
    "incomeTaxExpense": 43011000,
    "netIncome": 283754000,
    "netIncomeRatio": 0.0474838436,
    "eps": 0.46,
    "epsdiluted": 0.45,
    "weightedAverageShsOut": 616428000,
    "weightedAverageShsOutDil": 632760000,
    "link": "https://www.sec.gov/Archives/edgar/data/1512673/000162828024046294/0001628280-24-046294-index.htm",
    "finalLink": "https://www.sec.gov/Archives/edgar/data/1512673/000162828024046294/sq-20240930.htm"
  },
  {
    "date": "2024-06-30",
    "symbol": "XYZ",
    "reportedCurrency": "USD",
    "cik": "0001512673",
    "fillingDate": "2024-08-01",
    "acceptedDate": "2024-08-01 16:19:06",
    "calendarYear": "2024",
    "period": "Q2",
    "revenue": 6155563000,
    "costOfRevenue": 3962896000,
    "grossProfit": 2192667000,
    "grossProfitRatio": 0.3562090096,
    "researchAndDevelopmentExpenses": 713163000,
    "generalAndAdministrativeExpenses": 0,
    "sellingAndMarketingExpenses": 0,
    "sellingGeneralAndAdministrativeExpenses": 946976000,
    "otherExpenses": 0,
    "operatingExpenses": 1660139000,
    "costAndExpenses": 5623035000,
    "interestIncome": 1871000,
    "interestExpense": 0,
    "depreciationAndAmortization": 96903000,
    "ebitda": 345804000,
    "ebitdaratio": 0.0561774772,
    "operatingIncome": 532528000,
    "operatingIncomeRatio": 0.0865116643,
    "totalOtherIncomeExpensesNet": -283627000,
    "incomeBeforeTax": 248901000,
    "incomeBeforeTaxRatio": 0.0404351316,
    "incomeTaxExpense": 59029000,
    "netIncome": 195268000,
    "netIncomeRatio": 0.0317221999,
    "eps": 0.32,
    "epsdiluted": 0.31,
    "weightedAverageShsOut": 617666000,
    "weightedAverageShsOutDil": 634221000,
    "link": "https://www.sec.gov/Archives/edgar/data/1512673/000162828024034157/0001628280-24-034157-index.htm",
    "finalLink": "https://www.sec.gov/Archives/edgar/data/1512673/000162828024034157/sq-20240630.htm"
  },
  {
    "date": "2024-03-31",
    "symbol": "XYZ",
    "reportedCurrency": "USD",
    "cik": "0001512673",
    "fillingDate": "2024-05-02",
    "acceptedDate": "2024-05-02 16:21:33",
    "calendarYear": "2024",
    "period": "Q1",
    "revenue": 5957128000,
    "costOfRevenue": 3905937000,
    "grossProfit": 2051190999,
    "grossProfitRatio": 0.3443254869,
    "researchAndDevelopmentExpenses": 720574000,
    "generalAndAdministrativeExpenses": 0,
    "sellingAndMarketingExpenses": 0,
    "sellingGeneralAndAdministrativeExpenses": 882633000,
    "otherExpenses": 0,
    "operatingExpenses": 1603207000,
    "costAndExpenses": 5509144000,
    "interestIncome": 18745000,
    "interestExpense": 0,
    "depreciationAndAmortization": 97640000,
    "ebitda": 603952000,
    "ebitdaratio": 0.1013830826,
    "operatingIncome": 447984000,
    "operatingIncomeRatio": 0.0752013386,
    "totalOtherIncomeExpensesNet": 58328000,
    "incomeBeforeTax": 506312000,
    "incomeBeforeTaxRatio": 0.084992634,
    "incomeTaxExpense": 35492000,
    "netIncome": 472005000,
    "netIncomeRatio": 0.0792336508,
    "eps": 0.77,
    "epsdiluted": 0.74,
    "weightedAverageShsOut": 616401000,
    "weightedAverageShsOutDil": 637360000,
    "link": "https://www.sec.gov/Archives/edgar/data/1512673/000162828024020025/0001628280-24-020025-index.htm",
    "finalLink": "https://www.sec.gov/Archives/edgar/data/1512673/000162828024020025/sq-20240331.htm"
  },
  {
    "date": "2023-12-31",
    "symbol": "XYZ",
    "reportedCurrency": "USD",
    "cik": "0001512673",
    "fillingDate": "2024-02-22",
    "acceptedDate": "2024-02-22 16:18:13",
    "calendarYear": "2023",
    "period": "Q4",
    "revenue": 5773042000,
    "costOfRevenue": 3790417000,
    "grossProfit": 1982625000,
    "grossProfitRatio": 0.3434281268,
    "researchAndDevelopmentExpenses": 685422000,
    "generalAndAdministrativeExpenses": 0,
    "sellingAndMarketingExpenses": 0,
    "sellingGeneralAndAdministrativeExpenses": 1129905000,
    "otherExpenses": 0,
    "operatingExpenses": 1815327000,
    "costAndExpenses": 5605744000,
    "interestIncome": 18701000,
    "interestExpense": 0,
    "depreciationAndAmortization": 105324000,
    "ebitda": 211336000,
    "ebitdaratio": 0.03660739,
    "operatingIncome": 167298000,
    "operatingIncomeRatio": 0.028979176,
    "totalOtherIncomeExpensesNet": -61286000,
    "incomeBeforeTax": 106012000,
    "incomeBeforeTaxRatio": 0.0183632823,
    "incomeTaxExpense": -51792000,
    "netIncome": 178070000,
    "netIncomeRatio": 0.03084509,
    "eps": 0.29,
    "epsdiluted": 0.28,
    "weightedAverageShsOut": 615053000,
    "weightedAverageShsOutDil": 629126000,
    "link": "https://www.sec.gov/Archives/edgar/data/1512673/000162828024006354/0001628280-24-006354-index.htm",
    "finalLink": "https://www.sec.gov/Archives/edgar/data/1512673/000162828024006354/sq-20231231.htm"
  },
  {
    "date": "2023-09-30",
    "symbol": "XYZ",
    "reportedCurrency": "USD",
    "cik": "0001512673",
    "fillingDate": "2023-11-02",
    "acceptedDate": "2023-11-02 16:16:57",
    "calendarYear": "2023",
    "period": "Q3",
    "revenue": 5617493000,
    "costOfRevenue": 3776009000,
    "grossProfit": 1841484000,
    "grossProfitRatio": 0.3278124245,
    "researchAndDevelopmentExpenses": 713788000,
    "generalAndAdministrativeExpenses": 0,
    "sellingAndMarketingExpenses": 0,
    "sellingGeneralAndAdministrativeExpenses": 956875000,
    "otherExpenses": 0,
    "operatingExpenses": 1670663000,
    "costAndExpenses": 5446672000,
    "interestIncome": 21415000,
    "interestExpense": 0,
    "depreciationAndAmortization": 115518000,
    "ebitda": 103113000,
    "ebitdaratio": 0.0183556971,
    "operatingIncome": 170821000,
    "operatingIncomeRatio": 0.0304087606,
    "totalOtherIncomeExpensesNet": -183226000,
    "incomeBeforeTax": -12405000,
    "incomeBeforeTaxRatio": -0.0022082805,
    "incomeTaxExpense": 81139000,
    "netIncome": -88738000,
    "netIncomeRatio": -0.0157967264,
    "eps": -0.15,
    "epsdiluted": -0.15,
    "weightedAverageShsOut": 611276000,
    "weightedAverageShsOutDil": 611276000,
    "link": "https://www.sec.gov/Archives/edgar/data/1512673/000162828023036406/0001628280-23-036406-index.htm",
    "finalLink": "https://www.sec.gov/Archives/edgar/data/1512673/000162828023036406/sq-20230930.htm"
  },
  {
    "date": "2023-06-30",
    "symbol": "XYZ",
    "reportedCurrency": "USD",
    "cik": "0001512673",
    "fillingDate": "2023-08-03",
    "acceptedDate": "2023-08-03 16:19:57",
    "calendarYear": "2023",
    "period": "Q2",
    "revenue": 5534957000,
    "costOfRevenue": 3705721000,
    "grossProfit": 1829236000,
    "grossProfitRatio": 0.330487843,
    "researchAndDevelopmentExpenses": 694672000,
    "generalAndAdministrativeExpenses": 0,
    "sellingAndMarketingExpenses": 0,
    "sellingGeneralAndAdministrativeExpenses": 984551000,
    "otherExpenses": 0,
    "operatingExpenses": 1679223000,
    "costAndExpenses": 5384944000,
    "interestIncome": 3944000,
    "interestExpense": 0,
    "depreciationAndAmortization": 94545000,
    "ebitda": -18983000,
    "ebitdaratio": -0.0034296563,
    "operatingIncome": 150013000,
    "operatingIncomeRatio": 0.0271028302,
    "totalOtherIncomeExpensesNet": -263541000,
    "incomeBeforeTax": -113528000,
    "incomeBeforeTaxRatio": -0.0205110898,
    "incomeTaxExpense": -8150000,
    "netIncome": -102042000,
    "netIncomeRatio": -0.0184359156,
    "eps": -0.17,
    "epsdiluted": -0.17,
    "weightedAverageShsOut": 606692000,
    "weightedAverageShsOutDil": 606692000,
    "link": "https://www.sec.gov/Archives/edgar/data/1512673/000162828023027248/0001628280-23-027248-index.htm",
    "finalLink": "https://www.sec.gov/Archives/edgar/data/1512673/000162828023027248/sq-20230630.htm"
  },
  {
    "date": "2023-03-31",
    "symbol": "XYZ",
    "reportedCurrency": "USD",
    "cik": "0001512673",
    "fillingDate": "2023-05-04",
    "acceptedDate": "2023-05-04 13:19:29",
    "calendarYear": "2023",
    "period": "Q1",
    "revenue": 4990131000,
    "costOfRevenue": 3312634000,
    "grossProfit": 1677497000,
    "grossProfitRatio": 0.3361629184,
    "researchAndDevelopmentExpenses": 626937000,
    "generalAndAdministrativeExpenses": 0,
    "sellingAndMarketingExpenses": 0,
    "sellingGeneralAndAdministrativeExpenses": 927357000,
    "otherExpenses": 0,
    "operatingExpenses": 1554294000,
    "costAndExpenses": 4866928000,
    "interestIncome": 3161000,
    "interestExpense": 0,
    "depreciationAndAmortization": 93173000,
    "ebitda": 167879000,
    "ebitdaratio": 0.033642203,
    "operatingIncome": 123203000,
    "operatingIncomeRatio": 0.0246893318,
    "totalOtherIncomeExpensesNet": -48497000,
    "incomeBeforeTax": 74706000,
    "incomeBeforeTaxRatio": 0.0149707493,
    "incomeTaxExpense": -21122000,
    "netIncome": 98316000,
    "netIncomeRatio": 0.019702088,
    "eps": 0.16,
    "epsdiluted": 0.16,
    "weightedAverageShsOut": 602234000,
    "weightedAverageShsOutDil": 602234000,
    "link": "https://www.sec.gov/Archives/edgar/data/1512673/000162828023015762/0001628280-23-015762-index.htm",
    "finalLink": "https://www.sec.gov/Archives/edgar/data/1512673/000162828023015762/sq-20230331.htm"
  },
  {
    "date": "2022-12-31",
    "symbol": "XYZ",
    "reportedCurrency": "USD",
    "cik": "0001512673",
    "fillingDate": "2023-02-23",
    "acceptedDate": "2023-02-23 16:23:08",
    "calendarYear": "2022",
    "period": "Q4",
    "revenue": 4650902000,
    "costOfRevenue": 3073249000,
    "grossProfit": 1577653000,
    "grossProfitRatio": 0.3392144148,
    "researchAndDevelopmentExpenses": 574581000,
    "generalAndAdministrativeExpenses": 0,
    "sellingAndMarketingExpenses": 0,
    "sellingGeneralAndAdministrativeExpenses": 932366000,
    "otherExpenses": 0,
    "operatingExpenses": 1506947000,
    "costAndExpenses": 4580196000,
    "interestIncome": 0,
    "interestExpense": 1472000,
    "depreciationAndAmortization": 149760000,
    "ebitda": 38986000,
    "ebitdaratio": 0.00838246,
    "operatingIncome": 70706000,
    "operatingIncomeRatio": 0.0152026424,
    "totalOtherIncomeExpensesNet": -182952000,
    "incomeBeforeTax": -112246000,
    "incomeBeforeTaxRatio": -0.0241342432,
    "incomeTaxExpense": 5375000,
    "netIncome": -113823000,
    "netIncomeRatio": -0.0244733172,
    "eps": -0.19,
    "epsdiluted": -0.19,
    "weightedAverageShsOut": 598875000,
    "weightedAverageShsOutDil": 598875000,
    "link": "https://www.sec.gov/Archives/edgar/data/1512673/000162828023004840/0001628280-23-004840-index.htm",
    "finalLink": "https://www.sec.gov/Archives/edgar/data/1512673/000162828023004840/sq-20221231.htm"
  },
  {
    "date": "2022-09-30",
    "symbol": "XYZ",
    "reportedCurrency": "USD",
    "cik": "0001512673",
    "fillingDate": "2022-11-03",
    "acceptedDate": "2022-11-03 16:19:21",
    "calendarYear": "2022",
    "period": "Q3",
    "revenue": 4515541000,
    "costOfRevenue": 2985813000,
    "grossProfit": 1529728000,
    "grossProfitRatio": 0.3387695959,
    "researchAndDevelopmentExpenses": 548037000,
    "generalAndAdministrativeExpenses": 0,
    "sellingAndMarketingExpenses": 0,
    "sellingGeneralAndAdministrativeExpenses": 881275000,
    "otherExpenses": 0,
    "operatingExpenses": 1429312000,
    "costAndExpenses": 4415125000,
    "interestIncome": 0,
    "interestExpense": 6042000,
    "depreciationAndAmortization": 111808000,
    "ebitda": 81817000,
    "ebitdaratio": 0.0181189806,
    "operatingIncome": 100416000,
    "operatingIncomeRatio": 0.022237867,
    "totalOtherIncomeExpensesNet": -136449000,
    "incomeBeforeTax": -36033000,
    "incomeBeforeTaxRatio": -0.0079797747,
    "incomeTaxExpense": -17289000,
    "netIncome": -14711000,
    "netIncomeRatio": -0.0032578599,
    "eps": -0.0248,
    "epsdiluted": -0.0248,
    "weightedAverageShsOut": 592672000,
    "weightedAverageShsOutDil": 592672000,
    "link": "https://www.sec.gov/Archives/edgar/data/1512673/000162828022028213/0001628280-22-028213-index.htm",
    "finalLink": "https://www.sec.gov/Archives/edgar/data/1512673/000162828022028213/sq-20220930.htm"
  },
  {
    "date": "2022-06-30",
    "symbol": "XYZ",
    "reportedCurrency": "USD",
    "cik": "0001512673",
    "fillingDate": "2022-08-04",
    "acceptedDate": "2022-08-04 16:23:28",
    "calendarYear": "2022",
    "period": "Q2",
    "revenue": 4404499000,
    "costOfRevenue": 2974240000,
    "grossProfit": 1430259000,
    "grossProfitRatio": 0.3247268305,
    "researchAndDevelopmentExpenses": 524827000,
    "generalAndAdministrativeExpenses": 0,
    "sellingAndMarketingExpenses": 0,
    "sellingGeneralAndAdministrativeExpenses": 926547000,
    "otherExpenses": 0,
    "operatingExpenses": 1451374000,
    "costAndExpenses": 4425614000,
    "interestIncome": 0,
    "interestExpense": 12966000,
    "depreciationAndAmortization": 116014000,
    "ebitda": -78992999,
    "ebitdaratio": -0.0179346162,
    "operatingIncome": -21115000,
    "operatingIncomeRatio": -0.0047939618,
    "totalOtherIncomeExpensesNet": -186858000,
    "incomeBeforeTax": -207973000,
    "incomeBeforeTaxRatio": -0.0472183102,
    "incomeTaxExpense": 1304000,
    "netIncome": -208014000,
    "netIncomeRatio": -0.0472276189,
    "eps": -0.36,
    "epsdiluted": -0.36,
    "weightedAverageShsOut": 577816666,
    "weightedAverageShsOutDil": 581350000,
    "link": "https://www.sec.gov/Archives/edgar/data/1512673/000162828022021091/0001628280-22-021091-index.htm",
    "finalLink": "https://www.sec.gov/Archives/edgar/data/1512673/000162828022021091/sq-20220630.htm"
  },
  {
    "date": "2022-03-31",
    "symbol": "XYZ",
    "reportedCurrency": "USD",
    "cik": "0001512673",
    "fillingDate": "2022-05-05",
    "acceptedDate": "2022-05-05 16:39:28",
    "calendarYear": "2022",
    "period": "Q1",
    "revenue": 3960645000,
    "costOfRevenue": 2720272000,
    "grossProfit": 1240373000,
    "grossProfitRatio": 0.3131744956,
    "researchAndDevelopmentExpenses": 439017000,
    "generalAndAdministrativeExpenses": 0,
    "sellingAndMarketingExpenses": 0,
    "sellingGeneralAndAdministrativeExpenses": 936995000,
    "otherExpenses": 0,
    "operatingExpenses": 1376012000,
    "costAndExpenses": 4096283999,
    "interestIncome": 0,
    "interestExpense": 15748000,
    "depreciationAndAmortization": 92752000,
    "ebitda": -100565000,
    "ebitdaratio": -0.0253910664,
    "operatingIncome": -135639000,
    "operatingIncomeRatio": -0.0342466947,
    "totalOtherIncomeExpensesNet": -73426000,
    "incomeBeforeTax": -209065000,
    "incomeBeforeTaxRatio": -0.0527855943,
    "incomeTaxExpense": -1702000,
    "netIncome": -204199000,
    "netIncomeRatio": -0.0515570065,
    "eps": -0.38,
    "epsdiluted": -0.38,
    "weightedAverageShsOut": 537365789,
    "weightedAverageShsOutDil": 541435000,
    "link": "https://www.sec.gov/Archives/edgar/data/1512673/000162828022012707/0001628280-22-012707-index.htm",
    "finalLink": "https://www.sec.gov/Archives/edgar/data/1512673/000162828022012707/sq-20220331.htm"
  },
  {
    "date": "2021-12-31",
    "symbol": "XYZ",
    "reportedCurrency": "USD",
    "cik": "0001512673",
    "fillingDate": "2022-02-24",
    "acceptedDate": "2022-02-24 16:19:13",
    "calendarYear": "2021",
    "period": "Q4",
    "revenue": 4078534000,
    "costOfRevenue": 2928952000,
    "grossProfit": 1149582000,
    "grossProfitRatio": 0.2818615708,
    "researchAndDevelopmentExpenses": 375157000,
    "generalAndAdministrativeExpenses": 0,
    "sellingAndMarketingExpenses": 0,
    "sellingGeneralAndAdministrativeExpenses": 750307000,
    "otherExpenses": 0,
    "operatingExpenses": 1125464000,
    "costAndExpenses": 4054416000,
    "interestIncome": 0,
    "interestExpense": 12998000,
    "depreciationAndAmortization": 60210000,
    "ebitda": -1179000,
    "ebitdaratio": -0.0002890745,
    "operatingIncome": 24118000,
    "operatingIncomeRatio": 0.0059133993,
    "totalOtherIncomeExpensesNet": -98505000,
    "incomeBeforeTax": -74387000,
    "incomeBeforeTaxRatio": -0.0182386612,
    "incomeTaxExpense": 6597000,
    "netIncome": -76829000,
    "netIncomeRatio": -0.0188374058,
    "eps": -0.17,
    "epsdiluted": -0.15,
    "weightedAverageShsOut": 458432000,
    "weightedAverageShsOutDil": 501779000,
    "link": "https://www.sec.gov/Archives/edgar/data/1512673/000162828022003825/0001628280-22-003825-index.htm",
    "finalLink": "https://www.sec.gov/Archives/edgar/data/1512673/000162828022003825/sq-20211231.htm"
  },
  {
    "date": "2021-09-30",
    "symbol": "XYZ",
    "reportedCurrency": "USD",
    "cik": "0001512673",
    "fillingDate": "2021-11-04",
    "acceptedDate": "2021-11-04 16:20:05",
    "calendarYear": "2021",
    "period": "Q3",
    "revenue": 3844727000,
    "costOfRevenue": 2711512000,
    "grossProfit": 1133215000,
    "grossProfitRatio": 0.2947452446,
    "researchAndDevelopmentExpenses": 366587000,
    "generalAndAdministrativeExpenses": 0,
    "sellingAndMarketingExpenses": 0,
    "sellingGeneralAndAdministrativeExpenses": 675326000,
    "otherExpenses": 0,
    "operatingExpenses": 1041913000,
    "costAndExpenses": 3753425000,
    "interestIncome": 0,
    "interestExpense": 13409000,
    "depreciationAndAmortization": 59043000,
    "ebitda": 70028000,
    "ebitdaratio": 0.018214037,
    "operatingIncome": 91302000,
    "operatingIncomeRatio": 0.0237473298,
    "totalOtherIncomeExpensesNet": -93726000,
    "incomeBeforeTax": -2424000,
    "incomeBeforeTaxRatio": -0.0006304739,
    "incomeTaxExpense": 452000,
    "netIncome": 84000,
    "netIncomeRatio": 0.0000218481,
    "eps": 0.0002,
    "epsdiluted": 0.0002,
    "weightedAverageShsOut": 460654000,
    "weightedAverageShsOutDil": 504120000,
    "link": "https://www.sec.gov/Archives/edgar/data/1512673/000162828021021782/0001628280-21-021782-index.htm",
    "finalLink": "https://www.sec.gov/Archives/edgar/data/1512673/000162828021021782/sq-20210930.htm"
  },
  {
    "date": "2021-06-30",
    "symbol": "XYZ",
    "reportedCurrency": "USD",
    "cik": "0001512673",
    "fillingDate": "2021-08-02",
    "acceptedDate": "2021-08-02 06:13:32",
    "calendarYear": "2021",
    "period": "Q2",
    "revenue": 4680672000,
    "costOfRevenue": 3562597000,
    "grossProfit": 1118075000,
    "grossProfitRatio": 0.2388706152,
    "researchAndDevelopmentExpenses": 311110000,
    "generalAndAdministrativeExpenses": 0,
    "sellingAndMarketingExpenses": 0,
    "sellingGeneralAndAdministrativeExpenses": 573866000,
    "otherExpenses": 0,
    "operatingExpenses": 884976000,
    "costAndExpenses": 4447573000,
    "interestIncome": 0,
    "interestExpense": 6464000,
    "depreciationAndAmortization": 49009000,
    "ebitda": 249791000,
    "ebitdaratio": 0.0533664824,
    "operatingIncome": 233099000,
    "operatingIncomeRatio": 0.0498003278,
    "totalOtherIncomeExpensesNet": -38781000,
    "incomeBeforeTax": 194318000,
    "incomeBeforeTaxRatio": 0.041514979,
    "incomeTaxExpense": -9360000,
    "netIncome": 204021000,
    "netIncomeRatio": 0.043587972,
    "eps": 0.45,
    "epsdiluted": 0.39,
    "weightedAverageShsOut": 455431000,
    "weightedAverageShsOutDil": 522578000,
    "link": "https://www.sec.gov/Archives/edgar/data/1512673/000162828021015094/0001628280-21-015094-index.htm",
    "finalLink": "https://www.sec.gov/Archives/edgar/data/1512673/000162828021015094/sq-20210630.htm"
  },
  {
    "date": "2021-03-31",
    "symbol": "XYZ",
    "reportedCurrency": "USD",
    "cik": "0001512673",
    "fillingDate": "2021-05-06",
    "acceptedDate": "2021-05-06 16:19:59",
    "calendarYear": "2021",
    "period": "Q1",
    "revenue": 5057270000,
    "costOfRevenue": 4118670000,
    "grossProfit": 938600000,
    "grossProfitRatio": 0.185594204,
    "researchAndDevelopmentExpenses": 291283000,
    "generalAndAdministrativeExpenses": 0,
    "sellingAndMarketingExpenses": 0,
    "sellingGeneralAndAdministrativeExpenses": 538685000,
    "otherExpenses": 0,
    "operatingExpenses": 829968000,
    "costAndExpenses": 4948638000,
    "interestIncome": 0,
    "interestExpense": 253000,
    "depreciationAndAmortization": 49633000,
    "ebitda": 89841000,
    "ebitdaratio": 0.0177647229,
    "operatingIncome": 108632000,
    "operatingIncomeRatio": 0.0214803639,
    "totalOtherIncomeExpensesNet": -68677000,
    "incomeBeforeTax": 39955000,
    "incomeBeforeTaxRatio": 0.0079005076,
    "incomeTaxExpense": 947000,
    "netIncome": 39008000,
    "netIncomeRatio": 0.0077132524,
    "eps": 0.0857,
    "epsdiluted": 0.0778,
    "weightedAverageShsOut": 454973000,
    "weightedAverageShsOutDil": 501353000,
    "link": "https://www.sec.gov/Archives/edgar/data/1512673/000151267321000013/0001512673-21-000013-index.htm",
    "finalLink": "https://www.sec.gov/Archives/edgar/data/1512673/000151267321000013/sq-20210331.htm"
  },
  {
    "date": "2020-12-31",
    "symbol": "XYZ",
    "reportedCurrency": "USD",
    "cik": "0001512673",
    "fillingDate": "2021-02-23",
    "acceptedDate": "2021-02-23 16:19:48",
    "calendarYear": "2020",
    "period": "Q4",
    "revenue": 3158970000,
    "costOfRevenue": 2374246000,
    "grossProfit": 784724000,
    "grossProfitRatio": 0.2484113493,
    "researchAndDevelopmentExpenses": 240603000,
    "generalAndAdministrativeExpenses": 0,
    "sellingAndMarketingExpenses": 0,
    "sellingGeneralAndAdministrativeExpenses": 478934000,
    "otherExpenses": 0,
    "operatingExpenses": 719537000,
    "costAndExpenses": 3093783000,
    "interestIncome": 0,
    "interestExpense": 17988000,
    "depreciationAndAmortization": 41942000,
    "ebitda": 358337000,
    "ebitdaratio": 0.1134347588,
    "operatingIncome": 65187000,
    "operatingIncomeRatio": 0.0206355236,
    "totalOtherIncomeExpensesNet": 233220000,
    "incomeBeforeTax": 298407000,
    "incomeBeforeTaxRatio": 0.0944633852,
    "incomeTaxExpense": 4448000,
    "netIncome": 293959000,
    "netIncomeRatio": 0.0930553313,
    "eps": 0.67,
    "epsdiluted": 0.59,
    "weightedAverageShsOut": 443126000,
    "weightedAverageShsOutDil": 482167000,
    "link": "https://www.sec.gov/Archives/edgar/data/1512673/000151267321000008/0001512673-21-000008-index.htm",
    "finalLink": "https://www.sec.gov/Archives/edgar/data/1512673/000151267321000008/sq-20201231.htm"
  },
  {
    "date": "2020-09-30",
    "symbol": "XYZ",
    "reportedCurrency": "USD",
    "cik": "0001512673",
    "fillingDate": "2020-11-05",
    "acceptedDate": "2020-11-05 16:24:09",
    "calendarYear": "2020",
    "period": "Q3",
    "revenue": 3033874000,
    "costOfRevenue": 2256567000,
    "grossProfit": 777307000,
    "grossProfitRatio": 0.2562093877,
    "researchAndDevelopmentExpenses": 215021000,
    "generalAndAdministrativeExpenses": 0,
    "sellingAndMarketingExpenses": 0,
    "sellingGeneralAndAdministrativeExpenses": 497387000,
    "otherExpenses": 0,
    "operatingExpenses": 712408000,
    "costAndExpenses": 2968975000,
    "interestIncome": 0,
    "interestExpense": 14980000,
    "depreciationAndAmortization": 39063000,
    "ebitda": 89189000,
    "ebitdaratio": 0.0293977271,
    "operatingIncome": 64899000,
    "operatingIncomeRatio": 0.0213914619,
    "totalOtherIncomeExpensesNet": -29753000,
    "incomeBeforeTax": 35146000,
    "incomeBeforeTaxRatio": 0.0115845286,
    "incomeTaxExpense": -1369000,
    "netIncome": 36515000,
    "netIncomeRatio": 0.0120357668,
    "eps": 0.0822,
    "epsdiluted": 0.0748,
    "weightedAverageShsOut": 444458000,
    "weightedAverageShsOutDil": 488069000,
    "link": "https://www.sec.gov/Archives/edgar/data/1512673/000151267320000012/0001512673-20-000012-index.htm",
    "finalLink": "https://www.sec.gov/Archives/edgar/data/1512673/000151267320000012/sq-20200930.htm"
  },
  {
    "date": "2020-06-30",
    "symbol": "XYZ",
    "reportedCurrency": "USD",
    "cik": "0001512673",
    "fillingDate": "2020-08-05",
    "acceptedDate": "2020-08-05 16:14:58",
    "calendarYear": "2020",
    "period": "Q2",
    "revenue": 1923625000,
    "costOfRevenue": 1345650000,
    "grossProfit": 577975000,
    "grossProfitRatio": 0.3004613685,
    "researchAndDevelopmentExpenses": 194129000,
    "generalAndAdministrativeExpenses": 0,
    "sellingAndMarketingExpenses": 0,
    "sellingGeneralAndAdministrativeExpenses": 369295000,
    "otherExpenses": 0,
    "operatingExpenses": 563424000,
    "costAndExpenses": 1909074000,
    "interestIncome": 0,
    "interestExpense": 14769000,
    "depreciationAndAmortization": 38274000,
    "ebitda": 40813000,
    "ebitdaratio": 0.0212167132,
    "operatingIncome": 14551000,
    "operatingIncomeRatio": 0.0075643642,
    "totalOtherIncomeExpensesNet": -26781000,
    "incomeBeforeTax": -12230000,
    "incomeBeforeTaxRatio": -0.006357788,
    "incomeTaxExpense": -752000,
    "netIncome": -11478000,
    "netIncomeRatio": -0.0059668594,
    "eps": -0.0261,
    "epsdiluted": -0.0261,
    "weightedAverageShsOut": 440117000,
    "weightedAverageShsOutDil": 440117000,
    "link": "https://www.sec.gov/Archives/edgar/data/1512673/000151267320000005/0001512673-20-000005-index.htm",
    "finalLink": "https://www.sec.gov/Archives/edgar/data/1512673/000151267320000005/sq-20200630.htm"
  },
  {
    "date": "2020-03-31",
    "symbol": "XYZ",
    "reportedCurrency": "USD",
    "cik": "0001512673",
    "fillingDate": "2020-05-06",
    "acceptedDate": "2020-05-06 16:19:49",
    "calendarYear": "2020",
    "period": "Q1",
    "revenue": 1381109000,
    "costOfRevenue": 860243000,
    "grossProfit": 520866000,
    "grossProfitRatio": 0.3771360552,
    "researchAndDevelopmentExpenses": 182650000,
    "generalAndAdministrativeExpenses": 0,
    "sellingAndMarketingExpenses": 0,
    "sellingGeneralAndAdministrativeExpenses": 319621000,
    "otherExpenses": 0,
    "operatingExpenses": 502271000,
    "costAndExpenses": 1362514000,
    "interestIncome": 0,
    "interestExpense": 9206000,
    "depreciationAndAmortization": 35186000,
    "ebitda": -60964000,
    "ebitdaratio": -0.0441413386,
    "operatingIncome": 18595000,
    "operatingIncomeRatio": 0.0134638178,
    "totalOtherIncomeExpensesNet": -123951000,
    "incomeBeforeTax": -105356000,
    "incomeBeforeTaxRatio": -0.0762836242,
    "incomeTaxExpense": 535000,
    "netIncome": -105891000,
    "netIncomeRatio": -0.0766709941,
    "eps": -0.24,
    "epsdiluted": -0.24,
    "weightedAverageShsOut": 434940000,
    "weightedAverageShsOutDil": 434940000,
    "link": "https://www.sec.gov/Archives/edgar/data/1512673/000162828020006688/0001628280-20-006688-index.htm",
    "finalLink": "https://www.sec.gov/Archives/edgar/data/1512673/000162828020006688/sq-20200331.htm"
  },
  {
    "date": "2019-12-31",
    "symbol": "XYZ",
    "reportedCurrency": "USD",
    "cik": "0001512673",
    "fillingDate": "2020-02-26",
    "acceptedDate": "2020-02-26 16:16:57",
    "calendarYear": "2019",
    "period": "Q4",
    "revenue": 1313429000,
    "costOfRevenue": 803071000,
    "grossProfit": 510358000,
    "grossProfitRatio": 0.3885691575,
    "researchAndDevelopmentExpenses": 161838000,
    "generalAndAdministrativeExpenses": 0,
    "sellingAndMarketingExpenses": 0,
    "sellingGeneralAndAdministrativeExpenses": 299040000,
    "otherExpenses": 0,
    "operatingExpenses": 460878000,
    "costAndExpenses": 1263949000,
    "interestIncome": 0,
    "interestExpense": 21516000,
    "depreciationAndAmortization": 26465000,
    "ebitda": 423973000,
    "ebitdaratio": 0.3227985677,
    "operatingIncome": 49480000,
    "operatingIncomeRatio": 0.0376723827,
    "totalOtherIncomeExpensesNet": 341968000,
    "incomeBeforeTax": 391448000,
    "incomeBeforeTaxRatio": 0.2980351431,
    "incomeTaxExpense": 508000,
    "netIncome": 390940000,
    "netIncomeRatio": 0.2976483693,
    "eps": 0.92,
    "epsdiluted": 0.83,
    "weightedAverageShsOut": 424999000,
    "weightedAverageShsOutDil": 466076000,
    "link": "https://www.sec.gov/Archives/edgar/data/1512673/000162828020002303/0001628280-20-002303-index.htm",
    "finalLink": "https://www.sec.gov/Archives/edgar/data/1512673/000162828020002303/sq-20191231.htm"
  },
  {
    "date": "2019-09-30",
    "symbol": "XYZ",
    "reportedCurrency": "USD",
    "cik": "0001512673",
    "fillingDate": "2019-11-06",
    "acceptedDate": "2019-11-06 16:29:21",
    "calendarYear": "2019",
    "period": "Q3",
    "revenue": 1266474000,
    "costOfRevenue": 783521000,
    "grossProfit": 482953000,
    "grossProfitRatio": 0.3813366875,
    "researchAndDevelopmentExpenses": 156838000,
    "generalAndAdministrativeExpenses": 0,
    "sellingAndMarketingExpenses": 0,
    "sellingGeneralAndAdministrativeExpenses": 261298999,
    "otherExpenses": 0,
    "operatingExpenses": 418137000,
    "costAndExpenses": 1201658000,
    "interestIncome": 0,
    "interestExpense": 5632000,
    "depreciationAndAmortization": 26721000,
    "ebitda": 64356000,
    "ebitdaratio": 0.0508150977,
    "operatingIncome": 64816000,
    "operatingIncomeRatio": 0.0511783108,
    "totalOtherIncomeExpensesNet": -32813000,
    "incomeBeforeTax": 32003000,
    "incomeBeforeTaxRatio": 0.0252693699,
    "incomeTaxExpense": 2606000,
    "netIncome": 29397000,
    "netIncomeRatio": 0.0232116885,
    "eps": 0.0688,
    "epsdiluted": 0.0631,
    "weightedAverageShsOut": 427124000,
    "weightedAverageShsOutDil": 466099000,
    "link": "https://www.sec.gov/Archives/edgar/data/1512673/000162828019013504/0001628280-19-013504-index.htm",
    "finalLink": "https://www.sec.gov/Archives/edgar/data/1512673/000162828019013504/q3fy19squareinc10-q.htm"
  },
  {
    "date": "2019-06-30",
    "symbol": "XYZ",
    "reportedCurrency": "USD",
    "cik": "0001512673",
    "fillingDate": "2019-08-01",
    "acceptedDate": "2019-08-01 16:34:49",
    "calendarYear": "2019",
    "period": "Q2",
    "revenue": 1174238000,
    "costOfRevenue": 725266000,
    "grossProfit": 448972000,
    "grossProfitRatio": 0.382351789,
    "researchAndDevelopmentExpenses": 162723000,
    "generalAndAdministrativeExpenses": 0,
    "sellingAndMarketingExpenses": 0,
    "sellingGeneralAndAdministrativeExpenses": 252828000,
    "otherExpenses": 0,
    "operatingExpenses": 415551000,
    "costAndExpenses": 1140817000,
    "interestIncome": 0,
    "interestExpense": 5143000,
    "depreciationAndAmortization": 26447000,
    "ebitda": 24374000,
    "ebitdaratio": 0.0207572911,
    "operatingIncome": 33421000,
    "operatingIncomeRatio": 0.0284618621,
    "totalOtherIncomeExpensesNet": -40637000,
    "incomeBeforeTax": -7216000,
    "incomeBeforeTaxRatio": -0.0061452619,
    "incomeTaxExpense": -476000,
    "netIncome": -6740000,
    "netIncomeRatio": -0.0057398926,
    "eps": -0.0159,
    "epsdiluted": -0.0159,
    "weightedAverageShsOut": 423305000,
    "weightedAverageShsOutDil": 423305000,
    "link": "https://www.sec.gov/Archives/edgar/data/1512673/000151267319000011/0001512673-19-000011-index.htm",
    "finalLink": "https://www.sec.gov/Archives/edgar/data/1512673/000151267319000011/q2fy19squareinc10-q.htm"
  },
  {
    "date": "2019-03-31",
    "symbol": "XYZ",
    "reportedCurrency": "USD",
    "cik": "0001512673",
    "fillingDate": "2019-05-01",
    "acceptedDate": "2019-05-01 16:22:04",
    "calendarYear": "2019",
    "period": "Q1",
    "revenue": 959359000,
    "costOfRevenue": 579841000,
    "grossProfit": 379518000,
    "grossProfitRatio": 0.3955953923,
    "researchAndDevelopmentExpenses": 142417000,
    "generalAndAdministrativeExpenses": 0,
    "sellingAndMarketingExpenses": 0,
    "sellingGeneralAndAdministrativeExpenses": 231302000,
    "otherExpenses": 0,
    "operatingExpenses": 373719000,
    "costAndExpenses": 953560000,
    "interestIncome": 0,
    "interestExpense": 4681000,
    "depreciationAndAmortization": 25661000,
    "ebitda": -7680000,
    "ebitdaratio": -0.0080053452,
    "operatingIncome": 5799000,
    "operatingIncomeRatio": 0.0060446611,
    "totalOtherIncomeExpensesNet": -43821000,
    "incomeBeforeTax": -38022000,
    "incomeBeforeTaxRatio": -0.0396327131,
    "incomeTaxExpense": 129000,
    "netIncome": -38151000,
    "netIncomeRatio": -0.0397671779,
    "eps": -0.091,
    "epsdiluted": -0.091,
    "weightedAverageShsOut": 419289000,
    "weightedAverageShsOutDil": 419289000,
    "link": "https://www.sec.gov/Archives/edgar/data/1512673/000151267319000007/0001512673-19-000007-index.htm",
    "finalLink": "https://www.sec.gov/Archives/edgar/data/1512673/000151267319000007/q1fy19squareinc10-q.htm"
  },
  {
    "date": "2018-12-31",
    "symbol": "XYZ",
    "reportedCurrency": "USD",
    "cik": "0001512673",
    "fillingDate": "2019-02-27",
    "acceptedDate": "2019-02-27 16:45:49",
    "calendarYear": "2018",
    "period": "Q4",
    "revenue": 932528000,
    "costOfRevenue": 573228000,
    "grossProfit": 359300000,
    "grossProfitRatio": 0.3852967418,
    "researchAndDevelopmentExpenses": 127782000,
    "generalAndAdministrativeExpenses": 0,
    "sellingAndMarketingExpenses": 0,
    "sellingGeneralAndAdministrativeExpenses": 210152000,
    "otherExpenses": 0,
    "operatingExpenses": 337934000,
    "costAndExpenses": 911162000,
    "interestIncome": 0,
    "interestExpense": 17982000,
    "depreciationAndAmortization": 22638000,
    "ebitda": 91000,
    "ebitdaratio": 0.0000975842,
    "operatingIncome": 21366000,
    "operatingIncomeRatio": 0.0229119126,
    "totalOtherIncomeExpensesNet": -49089000,
    "incomeBeforeTax": -27723000,
    "incomeBeforeTaxRatio": -0.0297288661,
    "incomeTaxExpense": 481000,
    "netIncome": -28204000,
    "netIncomeRatio": -0.0302446683,
    "eps": -0.0695,
    "epsdiluted": -0.0695,
    "weightedAverageShsOut": 405731000,
    "weightedAverageShsOutDil": 405731000,
    "link": "https://www.sec.gov/Archives/edgar/data/1512673/000151267319000003/0001512673-19-000003-index.htm",
    "finalLink": "https://www.sec.gov/Archives/edgar/data/1512673/000151267319000003/a10-kfilingsquareinc2018.htm"
  },
  {
    "date": "2018-09-30",
    "symbol": "XYZ",
    "reportedCurrency": "USD",
    "cik": "0001512673",
    "fillingDate": "2018-11-07",
    "acceptedDate": "2018-11-07 16:19:30",
    "calendarYear": "2018",
    "period": "Q3",
    "revenue": 882108000,
    "costOfRevenue": 530741999,
    "grossProfit": 351366000,
    "grossProfitRatio": 0.3983253751,
    "researchAndDevelopmentExpenses": 135773000,
    "generalAndAdministrativeExpenses": 0,
    "sellingAndMarketingExpenses": 0,
    "sellingGeneralAndAdministrativeExpenses": 198364000,
    "otherExpenses": 0,
    "operatingExpenses": 334137000,
    "costAndExpenses": 864879000,
    "interestIncome": 0,
    "interestExpense": 7224000,
    "depreciationAndAmortization": 15835000,
    "ebitda": 43767999,
    "ebitdaratio": 0.049617506,
    "operatingIncome": 17229000,
    "operatingIncomeRatio": 0.019531622,
    "totalOtherIncomeExpensesNet": 3480000,
    "incomeBeforeTax": 20709000,
    "incomeBeforeTaxRatio": 0.0234767171,
    "incomeTaxExpense": 1066000,
    "netIncome": 19643000,
    "netIncomeRatio": 0.0222682483,
    "eps": 0.0479,
    "epsdiluted": 0.0414,
    "weightedAverageShsOut": 409690000,
    "weightedAverageShsOutDil": 474915000,
    "link": "https://www.sec.gov/Archives/edgar/data/1512673/000151267318000014/0001512673-18-000014-index.htm",
    "finalLink": "https://www.sec.gov/Archives/edgar/data/1512673/000151267318000014/q3fy18squareinc10-q.htm"
  },
  {
    "date": "2018-06-30",
    "symbol": "XYZ",
    "reportedCurrency": "USD",
    "cik": "0001512673",
    "fillingDate": "2018-08-01",
    "acceptedDate": "2018-08-01 16:17:46",
    "calendarYear": "2018",
    "period": "Q2",
    "revenue": 814938000,
    "costOfRevenue": 499794000,
    "grossProfit": 315144000,
    "grossProfitRatio": 0.386709173,
    "researchAndDevelopmentExpenses": 114800000,
    "generalAndAdministrativeExpenses": 0,
    "sellingAndMarketingExpenses": 0,
    "sellingGeneralAndAdministrativeExpenses": 179815000,
    "otherExpenses": 0,
    "operatingExpenses": 294615000,
    "costAndExpenses": 794409000,
    "interestIncome": 3470000,
    "interestExpense": 0,
    "depreciationAndAmortization": 12328000,
    "ebitda": 9681000,
    "ebitdaratio": 0.0118794313,
    "operatingIncome": 20529000,
    "operatingIncomeRatio": 0.0251908734,
    "totalOtherIncomeExpensesNet": -25831000,
    "incomeBeforeTax": -5302000,
    "incomeBeforeTaxRatio": -0.0065060164,
    "incomeTaxExpense": 604000,
    "netIncome": -5906000,
    "netIncomeRatio": -0.0072471771,
    "eps": -0.0146,
    "epsdiluted": -0.0146,
    "weightedAverageShsOut": 403301000,
    "weightedAverageShsOutDil": 403301000,
    "link": "https://www.sec.gov/Archives/edgar/data/1512673/000151267318000011/0001512673-18-000011-index.htm",
    "finalLink": "https://www.sec.gov/Archives/edgar/data/1512673/000151267318000011/q2fy18squareinc10-q.htm"
  },
  {
    "date": "2018-03-31",
    "symbol": "XYZ",
    "reportedCurrency": "USD",
    "cik": "0001512673",
    "fillingDate": "2018-05-02",
    "acceptedDate": "2018-05-02 16:16:12",
    "calendarYear": "2018",
    "period": "Q1",
    "revenue": 668603000,
    "costOfRevenue": 413702000,
    "grossProfit": 254901000,
    "grossProfitRatio": 0.3812441763,
    "researchAndDevelopmentExpenses": 105095000,
    "generalAndAdministrativeExpenses": 0,
    "sellingAndMarketingExpenses": 0,
    "sellingGeneralAndAdministrativeExpenses": 152767000,
    "otherExpenses": 0,
    "operatingExpenses": 257862000,
    "costAndExpenses": 671564000,
    "interestIncome": 707000,
    "interestExpense": 2819000,
    "depreciationAndAmortization": 10160000,
    "ebitda": -8844999,
    "ebitdaratio": -0.0132290747,
    "operatingIncome": -2961000,
    "operatingIncomeRatio": -0.004428637,
    "totalOtherIncomeExpensesNet": -20850000,
    "incomeBeforeTax": -23811000,
    "incomeBeforeTaxRatio": -0.0356130619,
    "incomeTaxExpense": 175000,
    "netIncome": -23986000,
    "netIncomeRatio": -0.0358748016,
    "eps": -0.0606,
    "epsdiluted": -0.0606,
    "weightedAverageShsOut": 395948000,
    "weightedAverageShsOutDil": 395948000,
    "link": "https://www.sec.gov/Archives/edgar/data/1512673/000151267318000007/0001512673-18-000007-index.htm",
    "finalLink": "https://www.sec.gov/Archives/edgar/data/1512673/000151267318000007/q1fy18squareincfinancials.htm"
  },
  {
    "date": "2017-12-31",
    "symbol": "XYZ",
    "reportedCurrency": "USD",
    "cik": "0001512673",
    "fillingDate": "2018-02-27",
    "acceptedDate": "2018-02-27 16:19:33",
    "calendarYear": "2017",
    "period": "Q4",
    "revenue": 616035000,
    "costOfRevenue": 384320000,
    "grossProfit": 231715000,
    "grossProfitRatio": 0.3761393427,
    "researchAndDevelopmentExpenses": 87412000,
    "generalAndAdministrativeExpenses": 0,
    "sellingAndMarketingExpenses": 0,
    "sellingGeneralAndAdministrativeExpenses": 140479000,
    "otherExpenses": 0,
    "operatingExpenses": 227891000,
    "costAndExpenses": 612211000,
    "interestIncome": 0,
    "interestExpense": 8458000,
    "depreciationAndAmortization": 9632000,
    "ebitda": -3376999,
    "ebitdaratio": -0.0054818298,
    "operatingIncome": 3824000,
    "operatingIncomeRatio": 0.0062074395,
    "totalOtherIncomeExpensesNet": -19672000,
    "incomeBeforeTax": -15848000,
    "incomeBeforeTaxRatio": -0.025725811,
    "incomeTaxExpense": -185000,
    "netIncome": -15663000,
    "netIncomeRatio": -0.0254255034,
    "eps": -0.0413,
    "epsdiluted": -0.0413,
    "weightedAverageShsOut": 379344000,
    "weightedAverageShsOutDil": 379344000,
    "link": "https://www.sec.gov/Archives/edgar/data/1512673/000151267318000004/0001512673-18-000004-index.htm",
    "finalLink": "https://www.sec.gov/Archives/edgar/data/1512673/000151267318000004/a10-kfilingsquareinc2017.htm"
  },
  {
    "date": "2017-09-30",
    "symbol": "XYZ",
    "reportedCurrency": "USD",
    "cik": "0001512673",
    "fillingDate": "2017-11-08",
    "acceptedDate": "2017-11-08 16:22:20",
    "calendarYear": "2017",
    "period": "Q3",
    "revenue": 585159000,
    "costOfRevenue": 366765000,
    "grossProfit": 218394000,
    "grossProfitRatio": 0.3732216372,
    "researchAndDevelopmentExpenses": 82547000,
    "generalAndAdministrativeExpenses": 0,
    "sellingAndMarketingExpenses": 0,
    "sellingGeneralAndAdministrativeExpenses": 130845000,
    "otherExpenses": 0,
    "operatingExpenses": 213392000,
    "costAndExpenses": 580157000,
    "interestIncome": 3080000,
    "interestExpense": 0,
    "depreciationAndAmortization": 9085000,
    "ebitda": -2970000,
    "ebitdaratio": -0.0050755436,
    "operatingIncome": 5002000,
    "operatingIncomeRatio": 0.008548104,
    "totalOtherIncomeExpensesNet": -21747000,
    "incomeBeforeTax": -16745000,
    "incomeBeforeTaxRatio": -0.0286161539,
    "incomeTaxExpense": -647000,
    "netIncome": -16097999,
    "netIncomeRatio": -0.0275104698,
    "eps": -0.0419,
    "epsdiluted": -0.0419,
    "weightedAverageShsOut": 383951000,
    "weightedAverageShsOutDil": 383951000,
    "link": "https://www.sec.gov/Archives/edgar/data/1512673/000151267317000008/0001512673-17-000008-index.htm",
    "finalLink": "https://www.sec.gov/Archives/edgar/data/1512673/000151267317000008/q3fy17squareincfinancials.htm"
  },
  {
    "date": "2017-06-30",
    "symbol": "XYZ",
    "reportedCurrency": "USD",
    "cik": "0001512673",
    "fillingDate": "2017-08-02",
    "acceptedDate": "2017-08-02 16:58:36",
    "calendarYear": "2017",
    "period": "Q2",
    "revenue": 551505000,
    "costOfRevenue": 344298000,
    "grossProfit": 207207000,
    "grossProfitRatio": 0.3757119156,
    "researchAndDevelopmentExpenses": 78126000,
    "generalAndAdministrativeExpenses": 0,
    "sellingAndMarketingExpenses": 0,
    "sellingGeneralAndAdministrativeExpenses": 122904000,
    "otherExpenses": 0,
    "operatingExpenses": 201030000,
    "costAndExpenses": 545328000,
    "interestIncome": 0,
    "interestExpense": 3266000,
    "depreciationAndAmortization": 9117000,
    "ebitda": -1739000,
    "ebitdaratio": -0.0031531899,
    "operatingIncome": 6177000,
    "operatingIncomeRatio": 0.0112002611,
    "totalOtherIncomeExpensesNet": -21667000,
    "incomeBeforeTax": -15490000,
    "incomeBeforeTaxRatio": -0.0280867807,
    "incomeTaxExpense": 472000,
    "netIncome": -15962000,
    "netIncomeRatio": -0.0289426206,
    "eps": -0.0424,
    "epsdiluted": -0.0424,
    "weightedAverageShsOut": 376357000,
    "weightedAverageShsOutDil": 376357000,
    "link": "https://www.sec.gov/Archives/edgar/data/1512673/000151267317000004/0001512673-17-000004-index.htm",
    "finalLink": "https://www.sec.gov/Archives/edgar/data/1512673/000151267317000004/q2fy17squareincfinancials.htm"
  },
  {
    "date": "2017-03-31",
    "symbol": "XYZ",
    "reportedCurrency": "USD",
    "cik": "0001512673",
    "fillingDate": "2017-05-04",
    "acceptedDate": "2017-05-03 21:25:22",
    "calendarYear": "2017",
    "period": "Q1",
    "revenue": 461554000,
    "costOfRevenue": 288328000,
    "grossProfit": 173226000,
    "grossProfitRatio": 0.3753103646,
    "researchAndDevelopmentExpenses": 68582000,
    "generalAndAdministrativeExpenses": 0,
    "sellingAndMarketingExpenses": 0,
    "sellingGeneralAndAdministrativeExpenses": 106835000,
    "otherExpenses": 0,
    "operatingExpenses": 175417000,
    "costAndExpenses": 463745000,
    "interestIncome": 0,
    "interestExpense": 499000,
    "depreciationAndAmortization": 9437000,
    "ebitda": -3641000,
    "ebitdaratio": -0.0078885678,
    "operatingIncome": -2191000,
    "operatingIncomeRatio": -0.0047470069,
    "totalOtherIncomeExpensesNet": -12390000,
    "incomeBeforeTax": -14581000,
    "incomeBeforeTaxRatio": -0.0315911031,
    "incomeTaxExpense": 509000,
    "netIncome": -15090000,
    "netIncomeRatio": -0.0326938993,
    "eps": -0.0411,
    "epsdiluted": -0.0411,
    "weightedAverageShsOut": 366737000,
    "weightedAverageShsOutDil": 366737000,
    "link": "https://www.sec.gov/Archives/edgar/data/1512673/000162828017004837/0001628280-17-004837-index.htm",
    "finalLink": "https://www.sec.gov/Archives/edgar/data/1512673/000162828017004837/q1fy17squareincfinancials.htm"
  },
  {
    "date": "2016-12-31",
    "symbol": "XYZ",
    "reportedCurrency": "USD",
    "cik": "0001512673",
    "fillingDate": "2017-02-27",
    "acceptedDate": "2017-02-24 21:42:05",
    "calendarYear": "2016",
    "period": "Q4",
    "revenue": 451917000,
    "costOfRevenue": 293083000,
    "grossProfit": 158834000,
    "grossProfitRatio": 0.3514671942,
    "researchAndDevelopmentExpenses": 61250000,
    "generalAndAdministrativeExpenses": 0,
    "sellingAndMarketingExpenses": 0,
    "sellingGeneralAndAdministrativeExpenses": 98528000,
    "otherExpenses": 0,
    "operatingExpenses": 159778000,
    "costAndExpenses": 452861000,
    "interestIncome": 0,
    "interestExpense": 0,
    "depreciationAndAmortization": 9928000,
    "ebitda": -4050000,
    "ebitdaratio": -0.0089618226,
    "operatingIncome": -944000,
    "operatingIncomeRatio": -0.0020888792,
    "totalOtherIncomeExpensesNet": -13187000,
    "incomeBeforeTax": -14131000,
    "incomeBeforeTaxRatio": -0.0312690162,
    "incomeTaxExpense": 1036000,
    "netIncome": -15167000,
    "netIncomeRatio": -0.0335614726,
    "eps": -0.0447,
    "epsdiluted": -0.0444,
    "weightedAverageShsOut": 338965247,
    "weightedAverageShsOutDil": 341555000,
    "link": "https://www.sec.gov/Archives/edgar/data/1512673/000162828017001754/0001628280-17-001754-index.htm",
    "finalLink": "https://www.sec.gov/Archives/edgar/data/1512673/000162828017001754/a10-kfilingsquareinc2016.htm"
  },
  {
    "date": "2016-09-30",
    "symbol": "XYZ",
    "reportedCurrency": "USD",
    "cik": "0001512673",
    "fillingDate": "2016-11-02",
    "acceptedDate": "2016-11-02 16:44:42",
    "calendarYear": "2016",
    "period": "Q3",
    "revenue": 439002000,
    "costOfRevenue": 288688000,
    "grossProfit": 150314000,
    "grossProfitRatio": 0.3423993513,
    "researchAndDevelopmentExpenses": 70418000,
    "generalAndAdministrativeExpenses": 52075000,
    "sellingAndMarketingExpenses": 46754000,
    "sellingGeneralAndAdministrativeExpenses": 98829000,
    "otherExpenses": 13049000,
    "operatingExpenses": 182296000,
    "costAndExpenses": 470984000,
    "interestIncome": 0,
    "interestExpense": 0,
    "depreciationAndAmortization": 9681000,
    "ebitda": -9416000,
    "ebitdaratio": -0.0214486494,
    "operatingIncome": -31982000,
    "operatingIncomeRatio": -0.0728516043,
    "totalOtherIncomeExpensesNet": -111000,
    "incomeBeforeTax": -32093000,
    "incomeBeforeTaxRatio": -0.0731044505,
    "incomeTaxExpense": 230000,
    "netIncome": -32323000,
    "netIncomeRatio": -0.0736283662,
    "eps": -0.094,
    "epsdiluted": -0.094,
    "weightedAverageShsOut": 343893000,
    "weightedAverageShsOutDil": 343893000,
    "link": "https://www.sec.gov/Archives/edgar/data/1512673/000162828016020645/0001628280-16-020645-index.htm",
    "finalLink": "https://www.sec.gov/Archives/edgar/data/1512673/000162828016020645/q3fy16squareincfinancials.htm"
  },
  {
    "date": "2016-06-30",
    "symbol": "XYZ",
    "reportedCurrency": "USD",
    "cik": "0001512673",
    "fillingDate": "2016-08-04",
    "acceptedDate": "2016-08-04 15:05:00",
    "calendarYear": "2016",
    "period": "Q2",
    "revenue": 438533000,
    "costOfRevenue": 289574000,
    "grossProfit": 148959000,
    "grossProfitRatio": 0.3396756915,
    "researchAndDevelopmentExpenses": 68638000,
    "generalAndAdministrativeExpenses": 50784000,
    "sellingAndMarketingExpenses": 39220000,
    "sellingGeneralAndAdministrativeExpenses": 90004000,
    "otherExpenses": 15791000,
    "operatingExpenses": 176319000,
    "costAndExpenses": 465893000,
    "interestIncome": 0,
    "interestExpense": 0,
    "depreciationAndAmortization": 9018000,
    "ebitda": -20342000,
    "ebitdaratio": -0.0463864749,
    "operatingIncome": -27360000,
    "operatingIncomeRatio": -0.0623898316,
    "totalOtherIncomeExpensesNet": 327000,
    "incomeBeforeTax": -27033000,
    "incomeBeforeTaxRatio": -0.0616441636,
    "incomeTaxExpense": 312000,
    "netIncome": -27345000,
    "netIncomeRatio": -0.0623556266,
    "eps": -0.0818,
    "epsdiluted": -0.0818,
    "weightedAverageShsOut": 334488000,
    "weightedAverageShsOutDil": 334488000,
    "link": "https://www.sec.gov/Archives/edgar/data/1512673/000162828016018485/0001628280-16-018485-index.htm",
    "finalLink": "https://www.sec.gov/Archives/edgar/data/1512673/000162828016018485/q2fy16squareincfinancials.htm"
  },
  {
    "date": "2016-03-31",
    "symbol": "XYZ",
    "reportedCurrency": "USD",
    "cik": "0001512673",
    "fillingDate": "2016-05-06",
    "acceptedDate": "2016-05-06 16:05:58",
    "calendarYear": "2016",
    "period": "Q1",
    "revenue": 379269000,
    "costOfRevenue": 269029000,
    "grossProfit": 110240000,
    "grossProfitRatio": 0.2906644097,
    "researchAndDevelopmentExpenses": 64592000,
    "generalAndAdministrativeExpenses": 96107000,
    "sellingAndMarketingExpenses": 38496000,
    "sellingGeneralAndAdministrativeExpenses": 134603000,
    "otherExpenses": 8178000,
    "operatingExpenses": 207373000,
    "costAndExpenses": 476402000,
    "interestIncome": 0,
    "interestExpense": 69000,
    "depreciationAndAmortization": 9118000,
    "ebitda": -80154000,
    "ebitdaratio": -0.2113381268,
    "operatingIncome": -97133000,
    "operatingIncomeRatio": -0.2561058246,
    "totalOtherIncomeExpensesNet": 717000,
    "incomeBeforeTax": -96416000,
    "incomeBeforeTaxRatio": -0.2542153458,
    "incomeTaxExpense": 339000,
    "netIncome": -96755000,
    "netIncomeRatio": -0.2551091705,
    "eps": -0.29,
    "epsdiluted": -0.29,
    "weightedAverageShsOut": 331324000,
    "weightedAverageShsOutDil": 331324000,
    "link": "https://www.sec.gov/Archives/edgar/data/1512673/000151267316000007/0001512673-16-000007-index.htm",
    "finalLink": "https://www.sec.gov/Archives/edgar/data/1512673/000151267316000007/q1fy16squareincfinancials.htm"
  },
  {
    "date": "2015-12-31",
    "symbol": "XYZ",
    "reportedCurrency": "USD",
    "cik": "0001512673",
    "fillingDate": "2016-03-10",
    "acceptedDate": "2016-03-10 16:50:21",
    "calendarYear": "2015",
    "period": "Q4",
    "revenue": 374360000,
    "costOfRevenue": 265267000,
    "grossProfit": 109093000,
    "grossProfitRatio": 0.2914120098,
    "researchAndDevelopmentExpenses": 59186000,
    "generalAndAdministrativeExpenses": 45723000,
    "sellingAndMarketingExpenses": 38448000,
    "sellingGeneralAndAdministrativeExpenses": 84171000,
    "otherExpenses": 13553000,
    "operatingExpenses": 156910000,
    "costAndExpenses": 422177000,
    "interestIncome": 0,
    "interestExpense": 1163000,
    "depreciationAndAmortization": 9100000,
    "ebitda": -25548000,
    "ebitdaratio": -0.0682444706,
    "operatingIncome": -47817000,
    "operatingIncomeRatio": -0.1277299925,
    "totalOtherIncomeExpensesNet": 772000,
    "incomeBeforeTax": -47045000,
    "incomeBeforeTaxRatio": -0.1256678064,
    "incomeTaxExpense": 1244000,
    "netIncome": -48289000,
    "netIncomeRatio": -0.128990811,
    "eps": -0.24,
    "epsdiluted": -0.24,
    "weightedAverageShsOut": 327134357,
    "weightedAverageShsOutDil": 327134357,
    "link": "https://www.sec.gov/Archives/edgar/data/1512673/000151267316000002/0001512673-16-000002-index.htm",
    "finalLink": "https://www.sec.gov/Archives/edgar/data/1512673/000151267316000002/a10-kfilingsquareinc2015.htm"
  },
  {
    "date": "2015-09-30",
    "symbol": "XYZ",
    "reportedCurrency": "USD",
    "cik": "0001512673",
    "fillingDate": "2015-09-30",
    "acceptedDate": "2015-09-30 00:00:00",
    "calendarYear": "2015",
    "period": "Q3",
    "revenue": 332188000,
    "costOfRevenue": 235878000,
    "grossProfit": 96310000,
    "grossProfitRatio": 0.2899261864,
    "researchAndDevelopmentExpenses": 55020000,
    "generalAndAdministrativeExpenses": 37820000,
    "sellingAndMarketingExpenses": 39259000,
    "sellingGeneralAndAdministrativeExpenses": 77079000,
    "otherExpenses": 16428000,
    "operatingExpenses": 148527000,
    "costAndExpenses": 384405000,
    "interestIncome": 0,
    "interestExpense": 0,
    "depreciationAndAmortization": 6571000,
    "ebitda": -29642000,
    "ebitdaratio": -0.0892326032,
    "operatingIncome": -52217000,
    "operatingIncomeRatio": -0.1571911086,
    "totalOtherIncomeExpensesNet": -781000,
    "incomeBeforeTax": -52998000,
    "incomeBeforeTaxRatio": -0.159542187,
    "incomeTaxExpense": 932000,
    "netIncome": -53930000,
    "netIncomeRatio": -0.1623478271,
    "eps": -0.17,
    "epsdiluted": -0.17,
    "weightedAverageShsOut": 322944713,
    "weightedAverageShsOutDil": 322944713,
    "link": null,
    "finalLink": null
  },
  {
    "date": "2015-06-30",
    "symbol": "XYZ",
    "reportedCurrency": "USD",
    "cik": "0001512673",
    "fillingDate": "2015-06-30",
    "acceptedDate": "2015-06-30 00:00:00",
    "calendarYear": "2015",
    "period": "Q2",
    "revenue": 310013000,
    "costOfRevenue": 219671000,
    "grossProfit": 90342000,
    "grossProfitRatio": 0.2914135859,
    "researchAndDevelopmentExpenses": 45887000,
    "generalAndAdministrativeExpenses": 31804000,
    "sellingAndMarketingExpenses": 31730000,
    "sellingGeneralAndAdministrativeExpenses": 63534000,
    "otherExpenses": 8995000,
    "operatingExpenses": 118416000,
    "costAndExpenses": 338087000,
    "interestIncome": 0,
    "interestExpense": 0,
    "depreciationAndAmortization": 6409000,
    "ebitda": -13151000,
    "ebitdaratio": -0.0424208017,
    "operatingIncome": -28074000,
    "operatingIncomeRatio": -0.0905574928,
    "totalOtherIncomeExpensesNet": -394000,
    "incomeBeforeTax": -28468000,
    "incomeBeforeTaxRatio": -0.0918284072,
    "incomeTaxExpense": 1152000,
    "netIncome": -29620000,
    "netIncomeRatio": -0.0955443804,
    "eps": -0.1,
    "epsdiluted": -0.1,
    "weightedAverageShsOut": 284311000,
    "weightedAverageShsOutDil": 284311000,
    "link": null,
    "finalLink": null
  },
  {
    "date": "2015-03-31",
    "symbol": "XYZ",
    "reportedCurrency": "USD",
    "cik": "0001512673",
    "fillingDate": "2015-03-31",
    "acceptedDate": "2015-03-31 00:00:00",
    "calendarYear": "2015",
    "period": "Q1",
    "revenue": 250557000,
    "costOfRevenue": 176272000,
    "grossProfit": 74285000,
    "grossProfitRatio": 0.2964794438,
    "researchAndDevelopmentExpenses": 39545000,
    "generalAndAdministrativeExpenses": 28119000,
    "sellingAndMarketingExpenses": 36181000,
    "sellingGeneralAndAdministrativeExpenses": 64300000,
    "otherExpenses": 16790000,
    "operatingExpenses": 120635000,
    "costAndExpenses": 296907000,
    "interestIncome": 0,
    "interestExpense": 0,
    "depreciationAndAmortization": 5546000,
    "ebitda": -24482000,
    "ebitdaratio": -0.0977103014,
    "operatingIncome": -46350000,
    "operatingIncomeRatio": -0.1849878471,
    "totalOtherIncomeExpensesNet": -1210000,
    "incomeBeforeTax": -47560000,
    "incomeBeforeTaxRatio": -0.1898170875,
    "incomeTaxExpense": 418000,
    "netIncome": -47978000,
    "netIncomeRatio": -0.1914853706,
    "eps": -0.17,
    "epsdiluted": -0.17,
    "weightedAverageShsOut": 284311000,
    "weightedAverageShsOutDil": 284311000,
    "link": null,
    "finalLink": null
  },
  {
    "date": "2014-12-31",
    "symbol": "XYZ",
    "reportedCurrency": "USD",
    "cik": "0001512673",
    "fillingDate": "2014-12-31",
    "acceptedDate": "2014-12-31 00:00:00",
    "calendarYear": "2014",
    "period": "Q4",
    "revenue": 250894000,
    "costOfRevenue": 182567000,
    "grossProfit": 68327000,
    "grossProfitRatio": 0.2723341331,
    "researchAndDevelopmentExpenses": 39670000,
    "generalAndAdministrativeExpenses": 25635000,
    "sellingAndMarketingExpenses": 30873000,
    "sellingGeneralAndAdministrativeExpenses": 56508000,
    "otherExpenses": 6714000,
    "operatingExpenses": 102892000,
    "costAndExpenses": 285459000,
    "interestIncome": 0,
    "interestExpense": 0,
    "depreciationAndAmortization": 5743000,
    "ebitda": -22567000,
    "ebitdaratio": -0.0899463518,
    "operatingIncome": -34565000,
    "operatingIncomeRatio": -0.137767344,
    "totalOtherIncomeExpensesNet": -810000,
    "incomeBeforeTax": -35375000,
    "incomeBeforeTaxRatio": -0.140995799,
    "incomeTaxExpense": 1697000,
    "netIncome": -37072000,
    "netIncomeRatio": -0.1477596116,
    "eps": -0.13,
    "epsdiluted": -0.13,
    "weightedAverageShsOut": 277295000,
    "weightedAverageShsOutDil": 277295000,
    "link": null,
    "finalLink": null
  },
  {
    "date": "2014-09-30",
    "symbol": "XYZ",
    "reportedCurrency": "USD",
    "cik": "0001512673",
    "fillingDate": "2014-09-30",
    "acceptedDate": "2014-09-30 00:00:00",
    "calendarYear": "2014",
    "period": "Q3",
    "revenue": 227420000,
    "costOfRevenue": 166281000,
    "grossProfit": 61139000,
    "grossProfitRatio": 0.2688373934,
    "researchAndDevelopmentExpenses": 39483000,
    "generalAndAdministrativeExpenses": 24514000,
    "sellingAndMarketingExpenses": 25914000,
    "sellingGeneralAndAdministrativeExpenses": 50428000,
    "otherExpenses": 7219000,
    "operatingExpenses": 97130000,
    "costAndExpenses": 263411000,
    "interestIncome": 0,
    "interestExpense": 0,
    "depreciationAndAmortization": 5130000,
    "ebitda": -24003000,
    "ebitdaratio": -0.105544807,
    "operatingIncome": -35991000,
    "operatingIncomeRatio": -0.1582578489,
    "totalOtherIncomeExpensesNet": -1390000,
    "incomeBeforeTax": -37381000,
    "incomeBeforeTaxRatio": -0.1643698883,
    "incomeTaxExpense": 285000,
    "netIncome": -37666000,
    "netIncomeRatio": -0.1656230762,
    "eps": -0.13,
    "epsdiluted": -0.13,
    "weightedAverageShsOut": 284311000,
    "weightedAverageShsOutDil": 284311000,
    "link": null,
    "finalLink": null
  },
  {
    "date": "2014-06-30",
    "symbol": "XYZ",
    "reportedCurrency": "USD",
    "cik": "0001512673",
    "fillingDate": "2014-06-30",
    "acceptedDate": "2014-06-29 20:00:00",
    "calendarYear": "2014",
    "period": "Q2",
    "revenue": 206796000,
    "costOfRevenue": 152252000,
    "grossProfit": 54544000,
    "grossProfitRatio": 0.2637575195,
    "researchAndDevelopmentExpenses": 34743000,
    "generalAndAdministrativeExpenses": 20669000,
    "sellingAndMarketingExpenses": 29720000,
    "sellingGeneralAndAdministrativeExpenses": 50389000,
    "otherExpenses": 5002000,
    "operatingExpenses": 90134000,
    "costAndExpenses": 241712000,
    "interestIncome": 180000,
    "interestExpense": 0,
    "depreciationAndAmortization": 3699000,
    "ebitda": -31891000,
    "ebitdaratio": -0.1542147817,
    "operatingIncome": -35590000,
    "operatingIncomeRatio": -0.1721019749,
    "totalOtherIncomeExpensesNet": 494000,
    "incomeBeforeTax": -35096000,
    "incomeBeforeTaxRatio": -0.1697131473,
    "incomeTaxExpense": 268000,
    "netIncome": -35364000,
    "netIncomeRatio": -0.1710091104,
    "eps": -0.12,
    "epsdiluted": -0.12,
    "weightedAverageShsOut": 284311000,
    "weightedAverageShsOutDil": 284311000,
    "link": null,
    "finalLink": null
  },
  {
    "date": "2014-03-31",
    "symbol": "XYZ",
    "reportedCurrency": "USD",
    "cik": "0001512673",
    "fillingDate": "2014-03-31",
    "acceptedDate": "2014-03-30 20:00:00",
    "calendarYear": "2014",
    "period": "Q1",
    "revenue": 165082000,
    "costOfRevenue": 122746000,
    "grossProfit": 42336000,
    "grossProfitRatio": 0.2564543681,
    "researchAndDevelopmentExpenses": 31013000,
    "generalAndAdministrativeExpenses": 23402000,
    "sellingAndMarketingExpenses": 26070000,
    "sellingGeneralAndAdministrativeExpenses": 49472000,
    "otherExpenses": 6196000,
    "operatingExpenses": 86681000,
    "costAndExpenses": 209881000,
    "interestIncome": 2000,
    "interestExpense": 0,
    "depreciationAndAmortization": 3314000,
    "ebitda": -41031000,
    "ebitdaratio": -0.2485492058,
    "operatingIncome": -44345000,
    "operatingIncomeRatio": -0.2686240777,
    "totalOtherIncomeExpensesNet": -456000,
    "incomeBeforeTax": -44801000,
    "incomeBeforeTaxRatio": -0.2713863413,
    "incomeTaxExpense": 810000,
    "netIncome": -43991000,
    "netIncomeRatio": -0.2664796889,
    "eps": -0.15,
    "epsdiluted": -0.15,
    "weightedAverageShsOut": 284311000,
    "weightedAverageShsOutDil": 284311000,
    "link": null,
    "finalLink": null
  }
]