[
  {
    "date": "2024-12-31",
    "symbol": "XYZ",
    "reportedCurrency": "USD",
    "cik": "0001512673",
    "fillingDate": "2025-02-24",
    "acceptedDate": "2025-02-24 21:17:17",
    "calendarYear": "2024",
    "period": "FY",
    "revenue": 24121053000,
    "costOfRevenue": 15386726000,
    "grossProfit": 8734327000,
    "grossProfitRatio": 0.3621038849,
    "researchAndDevelopmentExpenses": 2914415000,
    "generalAndAdministrativeExpenses": 0,
    "sellingAndMarketingExpenses": 0,
    "sellingGeneralAndAdministrativeExpenses": 3781899000,
    "otherExpenses": 0,
    "operatingExpenses": 6696314000,
    "costAndExpenses": 22083040000,
    "interestIncome": 0,
    "interestExpense": 9302000,
    "depreciationAndAmortization": 376127000,
    "ebitda": 1742583000,
    "ebitdaratio": 0.0722432391,
    "operatingIncome": 2038013000,
    "operatingIncomeRatio": 0.0844910461,
    "totalOtherIncomeExpensesNet": -680859000,
    "incomeBeforeTax": 1357154000,
    "incomeBeforeTaxRatio": 0.0562642933,
    "incomeTaxExpense": -1509343000,
    "netIncome": 2897047000,
    "netIncomeRatio": 0.1201044996,
    "eps": 4.7,
    "epsdiluted": 4.55,
    "weightedAverageShsOut": 616993000,
    "weightedAverageShsOutDil": 636390000,
    "link": "https://www.sec.gov/Archives/edgar/data/1512673/000162828025007376/0001628280-25-007376-index.htm",
    "finalLink": "https://www.sec.gov/Archives/edgar/data/1512673/000162828025007376/sq-20241231.htm"
  },
  {
    "date": "2023-12-31",
    "symbol": "XYZ",
    "reportedCurrency": "USD",
    "cik": "0001512673",
    "fillingDate": "2024-02-22",
    "acceptedDate": "2024-02-22 16:18:13",
    "calendarYear": "2023",
    "period": "FY",
    "revenue": 21915623000,
    "costOfRevenue": 14584781000,
    "grossProfit": 7330842000,
    "grossProfitRatio": 0.3345030164,
    "researchAndDevelopmentExpenses": 2720819000,
    "generalAndAdministrativeExpenses": 0,
    "sellingAndMarketingExpenses": 0,
    "sellingGeneralAndAdministrativeExpenses": 3977195000,
    "otherExpenses": 0,
    "operatingExpenses": 6698014000,
    "costAndExpenses": 21282795000,
    "interestIncome": 47221000,
    "interestExpense": 0,
    "depreciationAndAmortization": 408560000,
    "ebitda": 379417000,
    "ebitdaratio": 0.0173126267,
    "operatingIncome": 632828000,
    "operatingIncomeRatio": 0.0288756564,
    "totalOtherIncomeExpensesNet": -661971000,
    "incomeBeforeTax": -29143000,
    "incomeBeforeTaxRatio": -0.001329782,
    "incomeTaxExpense": -8019000,
    "netIncome": 9772000,
    "netIncomeRatio": 0.000445892,
    "eps": 0.016,
    "epsdiluted": 0.0159,
    "weightedAverageShsOut": 608856000,
    "weightedAverageShsOutDil": 614024000,
    "link": "https://www.sec.gov/Archives/edgar/data/1512673/000162828024006354/0001628280-24-006354-index.htm",
    "finalLink": "https://www.sec.gov/Archives/edgar/data/1512673/000162828024006354/sq-20231231.htm"
  },
  {
    "date": "2022-12-31",
    "symbol": "XYZ",
    "reportedCurrency": "USD",
    "cik": "0001512673",
    "fillingDate": "2023-02-23",
    "acceptedDate": "2023-02-23 16:23:08",
    "calendarYear": "2022",
    "period": "FY",
    "revenue": 17531587000,
    "costOfRevenue": 11854011000,
    "grossProfit": 5677576000,
    "grossProfitRatio": 0.3238483772,
    "researchAndDevelopmentExpenses": 2012885000,
    "generalAndAdministrativeExpenses": 0,
    "sellingAndMarketingExpenses": 0,
    "sellingGeneralAndAdministrativeExpenses": 3533086000,
    "otherExpenses": 0,
    "operatingExpenses": 5545971000,
    "costAndExpenses": 17399982000,
    "interestIncome": 0,
    "interestExpense": 36228000,
    "depreciationAndAmortization": 470334000,
    "ebitda": -58755000,
    "ebitdaratio": -0.0033513794,
    "operatingIncome": 131604999,
    "operatingIncomeRatio": 0.0075067362,
    "totalOtherIncomeExpensesNet": -696922000,
    "incomeBeforeTax": -565317000,
    "incomeBeforeTaxRatio": -0.0322456261,
    "incomeTaxExpense": -12312000,
    "netIncome": -540747000,
    "netIncomeRatio": -0.0308441558,
    "eps": -0.93,
    "epsdiluted": -0.93,
    "weightedAverageShsOut": 578949000,
    "weightedAverageShsOutDil": 578949000,
    "link": "https://www.sec.gov/Archives/edgar/data/1512673/000162828023004840/0001628280-23-004840-index.htm",
    "finalLink": "https://www.sec.gov/Archives/edgar/data/1512673/000162828023004840/sq-20221231.htm"
  },
  {
    "date": "2021-12-31",
    "symbol": "XYZ",
    "reportedCurrency": "USD",
    "cik": "0001512673",
    "fillingDate": "2022-02-24",
    "acceptedDate": "2022-02-24 16:19:13",
    "calendarYear": "2021",
    "period": "FY",
    "revenue": 17661203000,
    "costOfRevenue": 13353491000,
    "grossProfit": 4307712000,
    "grossProfitRatio": 0.2439081868,
    "researchAndDevelopmentExpenses": 1319965000,
    "generalAndAdministrativeExpenses": 0,
    "sellingAndMarketingExpenses": 0,
    "sellingGeneralAndAdministrativeExpenses": 2529411000,
    "otherExpenses": 0,
    "operatingExpenses": 3849376000,
    "costAndExpenses": 17202867000,
    "interestIncome": 0,
    "interestExpense": 33124000,
    "depreciationAndAmortization": 217893000,
    "ebitda": 408479000,
    "ebitdaratio": 0.0231286057,
    "operatingIncome": 458336000,
    "operatingIncomeRatio": 0.0259515731,
    "totalOtherIncomeExpensesNet": -300874000,
    "incomeBeforeTax": 157462000,
    "incomeBeforeTaxRatio": 0.0089157007,
    "incomeTaxExpense": -1364000,
    "netIncome": 166284000,
    "netIncomeRatio": 0.0094152137,
    "eps": 0.36,
    "epsdiluted": 0.33,
    "weightedAverageShsOut": 458432000,
    "weightedAverageShsOutDil": 501779000,
    "link": "https://www.sec.gov/Archives/edgar/data/1512673/000162828022003825/0001628280-22-003825-index.htm",
    "finalLink": "https://www.sec.gov/Archives/edgar/data/1512673/000162828022003825/sq-20211231.htm"
  },
  {
    "date": "2020-12-31",
    "symbol": "XYZ",
    "reportedCurrency": "USD",
    "cik": "0001512673",
    "fillingDate": "2021-02-23",
    "acceptedDate": "2021-02-23 16:19:48",
    "calendarYear": "2020",
    "period": "FY",
    "revenue": 9497578000,
    "costOfRevenue": 6837065000,
    "grossProfit": 2660513000,
    "grossProfitRatio": 0.2801254172,
    "researchAndDevelopmentExpenses": 831717000,
    "generalAndAdministrativeExpenses": 0,
    "sellingAndMarketingExpenses": 0,
    "sellingGeneralAndAdministrativeExpenses": 1659889000,
    "otherExpenses": 0,
    "operatingExpenses": 2491606000,
    "costAndExpenses": 9328671000,
    "interestIncome": 0,
    "interestExpense": 56943000,
    "depreciationAndAmortization": 154465000,
    "ebitda": 427375000,
    "ebitdaratio": 0.0449983143,
    "operatingIncome": 168907000,
    "operatingIncomeRatio": 0.0177842183,
    "totalOtherIncomeExpensesNet": 47060000,
    "incomeBeforeTax": 215967000,
    "incomeBeforeTaxRatio": 0.0227391657,
    "incomeTaxExpense": 2862000,
    "netIncome": 213105000,
    "netIncomeRatio": 0.0224378257,
    "eps": 0.48,
    "epsdiluted": 0.44,
    "weightedAverageShsOut": 443126000,
    "weightedAverageShsOutDil": 482167000,
    "link": "https://www.sec.gov/Archives/edgar/data/1512673/000151267321000008/0001512673-21-000008-index.htm",
    "finalLink": "https://www.sec.gov/Archives/edgar/data/1512673/000151267321000008/sq-20201231.htm"
  },
  {
    "date": "2019-12-31",
    "symbol": "XYZ",
    "reportedCurrency": "USD",
    "cik": "0001512673",
    "fillingDate": "2020-02-26",
    "acceptedDate": "2020-02-26 16:16:57",
    "calendarYear": "2019",
    "period": "FY",
    "revenue": 4713500000,
    "costOfRevenue": 2891699000,
    "grossProfit": 1821801000,
    "grossProfitRatio": 0.3865070542,
    "researchAndDevelopmentExpenses": 623816000,
    "generalAndAdministrativeExpenses": 0,
    "sellingAndMarketingExpenses": 0,
    "sellingGeneralAndAdministrativeExpenses": 1044469000,
    "otherExpenses": 0,
    "operatingExpenses": 1668285000,
    "costAndExpenses": 4559984000,
    "interestIncome": 0,
    "interestExpense": 21516000,
    "depreciationAndAmortization": 105294000,
    "ebitda": 505023000,
    "ebitdaratio": 0.1071439482,
    "operatingIncome": 153516000,
    "operatingIncomeRatio": 0.0325694282,
    "totalOtherIncomeExpensesNet": 224697000,
    "incomeBeforeTax": 378213000,
    "incomeBeforeTaxRatio": 0.0802403734,
    "incomeTaxExpense": 2767000,
    "netIncome": 375446000,
    "netIncomeRatio": 0.0796533362,
    "eps": 0.88,
    "epsdiluted": 0.81,
    "weightedAverageShsOut": 424999000,
    "weightedAverageShsOutDil": 466076000,
    "link": "https://www.sec.gov/Archives/edgar/data/1512673/000162828020002303/0001628280-20-002303-index.htm",
    "finalLink": "https://www.sec.gov/Archives/edgar/data/1512673/000162828020002303/sq-20191231.htm"
  },
  {
    "date": "2018-12-31",
    "symbol": "XYZ",
    "reportedCurrency": "USD",
    "cik": "0001512673",
    "fillingDate": "2019-02-27",
    "acceptedDate": "2019-02-27 16:45:49",
    "calendarYear": "2018",
    "period": "FY",
    "revenue": 3298177000,
    "costOfRevenue": 2047268000,
    "grossProfit": 1250909000,
    "grossProfitRatio": 0.3792728529,
    "researchAndDevelopmentExpenses": 464172000,
    "generalAndAdministrativeExpenses": 0,
    "sellingAndMarketingExpenses": 0,
    "sellingGeneralAndAdministrativeExpenses": 730574000,
    "otherExpenses": 0,
    "operatingExpenses": 1194746000,
    "costAndExpenses": 3242014000,
    "interestIncome": 0,
    "interestExpense": 17982000,
    "depreciationAndAmortization": 60961000,
    "ebitda": 42816000,
    "ebitdaratio": 0.0129817169,
    "operatingIncome": 56163000,
    "operatingIncomeRatio": 0.0170284979,
    "totalOtherIncomeExpensesNet": -92290000,
    "incomeBeforeTax": -36127000,
    "incomeBeforeTaxRatio": -0.0109536268,
    "incomeTaxExpense": 2326000,
    "netIncome": -38453000,
    "netIncomeRatio": -0.0116588649,
    "eps": -0.0948,
    "epsdiluted": -0.0948,
    "weightedAverageShsOut": 405731000,
    "weightedAverageShsOutDil": 405731000,
    "link": "https://www.sec.gov/Archives/edgar/data/1512673/000151267319000003/0001512673-19-000003-index.htm",
    "finalLink": "https://www.sec.gov/Archives/edgar/data/1512673/000151267319000003/a10-kfilingsquareinc2018.htm"
  },
  {
    "date": "2017-12-31",
    "symbol": "XYZ",
    "reportedCurrency": "USD",
    "cik": "0001512673",
    "fillingDate": "2018-02-27",
    "acceptedDate": "2018-02-27 16:19:33",
    "calendarYear": "2017",
    "period": "FY",
    "revenue": 2214253000,
    "costOfRevenue": 1405491000,
    "grossProfit": 808762000,
    "grossProfitRatio": 0.3652527512,
    "researchAndDevelopmentExpenses": 304933000,
    "generalAndAdministrativeExpenses": 0,
    "sellingAndMarketingExpenses": 0,
    "sellingGeneralAndAdministrativeExpenses": 491017000,
    "otherExpenses": 0,
    "operatingExpenses": 795950000,
    "costAndExpenses": 2201441000,
    "interestIncome": 0,
    "interestExpense": 8458000,
    "depreciationAndAmortization": 37279000,
    "ebitda": -15332000,
    "ebitdaratio": -0.0069242313,
    "operatingIncome": 12812000,
    "operatingIncomeRatio": 0.00578615,
    "totalOtherIncomeExpensesNet": -75476000,
    "incomeBeforeTax": -62664000,
    "incomeBeforeTaxRatio": -0.0283002891,
    "incomeTaxExpense": 149000,
    "netIncome": -62813000,
    "netIncomeRatio": -0.0283675804,
    "eps": -0.17,
    "epsdiluted": -0.17,
    "weightedAverageShsOut": 369488235,
    "weightedAverageShsOutDil": 379344000,
    "link": "https://www.sec.gov/Archives/edgar/data/1512673/000151267318000004/0001512673-18-000004-index.htm",
    "finalLink": "https://www.sec.gov/Archives/edgar/data/1512673/000151267318000004/a10-kfilingsquareinc2017.htm"
  },
  {
    "date": "2016-12-31",
    "symbol": "XYZ",
    "reportedCurrency": "USD",
    "cik": "0001512673",
    "fillingDate": "2017-02-27",
    "acceptedDate": "2017-02-24 21:42:05",
    "calendarYear": "2016",
    "period": "FY",
    "revenue": 1708721000,
    "costOfRevenue": 1160219000,
    "grossProfit": 548502000,
    "grossProfitRatio": 0.3210014976,
    "researchAndDevelopmentExpenses": 255347000,
    "generalAndAdministrativeExpenses": 0,
    "sellingAndMarketingExpenses": 0,
    "sellingGeneralAndAdministrativeExpenses": 412373000,
    "otherExpenses": 0,
    "operatingExpenses": 667720000,
    "costAndExpenses": 1827939000,
    "interestIncome": 0,
    "interestExpense": 0,
    "depreciationAndAmortization": 37745000,
    "ebitda": -131928000,
    "ebitdaratio": -0.0772086256,
    "operatingIncome": -119218000,
    "operatingIncomeRatio": -0.0697703136,
    "totalOtherIncomeExpensesNet": -50455000,
    "incomeBeforeTax": -169673000,
    "incomeBeforeTaxRatio": -0.0992982471,
    "incomeTaxExpense": 1917000,
    "netIncome": -171590000,
    "netIncomeRatio": -0.1004201388,
    "eps": -0.5,
    "epsdiluted": -0.5,
    "weightedAverageShsOut": 341555000,
    "weightedAverageShsOutDil": 341555000,
    "link": "https://www.sec.gov/Archives/edgar/data/1512673/000162828017001754/0001628280-17-001754-index.htm",
    "finalLink": "https://www.sec.gov/Archives/edgar/data/1512673/000162828017001754/a10-kfilingsquareinc2016.htm"
  },
  {
    "date": "2015-12-31",
    "symbol": "XYZ",
    "reportedCurrency": "USD",
    "cik": "0001512673",
    "fillingDate": "2016-03-10",
    "acceptedDate": "2016-03-10 16:50:21",
    "calendarYear": "2015",
    "period": "FY",
    "revenue": 1267118000,
    "costOfRevenue": 910145000,
    "grossProfit": 356973000,
    "grossProfitRatio": 0.281720408,
    "researchAndDevelopmentExpenses": 188338000,
    "generalAndAdministrativeExpenses": 0,
    "sellingAndMarketingExpenses": 0,
    "sellingGeneralAndAdministrativeExpenses": 288484000,
    "otherExpenses": 0,
    "operatingExpenses": 476822000,
    "costAndExpenses": 1386967000,
    "interestIncome": 1613000,
    "interestExpense": 0,
    "depreciationAndAmortization": 27626000,
    "ebitda": -147282000,
    "ebitdaratio": -0.1162338472,
    "operatingIncome": -119849000,
    "operatingIncomeRatio": -0.0945839298,
    "totalOtherIncomeExpensesNet": -56222000,
    "incomeBeforeTax": -176071000,
    "incomeBeforeTaxRatio": -0.1389539096,
    "incomeTaxExpense": 3746000,
    "netIncome": -179817000,
    "netIncomeRatio": -0.1419102246,
    "eps": -0.63,
    "epsdiluted": -0.63,
    "weightedAverageShsOut": 327134357,
    "weightedAverageShsOutDil": 327134357,
    "link": "https://www.sec.gov/Archives/edgar/data/1512673/000151267316000002/0001512673-16-000002-index.htm",
    "finalLink": "https://www.sec.gov/Archives/edgar/data/1512673/000151267316000002/a10-kfilingsquareinc2015.htm"
  },
  {
    "date": "2014-12-31",
    "symbol": "XYZ",
    "reportedCurrency": "USD",
    "cik": "0001512673",
    "fillingDate": "2014-12-31",
    "acceptedDate": "2014-12-31 00:00:00",
    "calendarYear": "2014",
    "period": "FY",
    "revenue": 850192000,
    "costOfRevenue": 631868000,
    "grossProfit": 218324000,
    "grossProfitRatio": 0.2567937595,
    "researchAndDevelopmentExpenses": 137937000,
    "generalAndAdministrativeExpenses": 0,
    "sellingAndMarketingExpenses": 0,
    "sellingGeneralAndAdministrativeExpenses": 206297000,
    "otherExpenses": 0,
    "operatingExpenses": 344234000,
    "costAndExpenses": 976102000,
    "interestIncome": 0,
    "interestExpense": 0,
    "depreciationAndAmortization": 18586000,
    "ebitda": -133009000,
    "ebitdaratio": -0.1564458381,
    "operatingIncome": -125910000,
    "operatingIncomeRatio": -0.1480959595,
    "totalOtherIncomeExpensesNet": -26743000,
    "incomeBeforeTax": -152653000,
    "incomeBeforeTaxRatio": -0.1795512073,
    "incomeTaxExpense": 1440000,
    "netIncome": -154093000,
    "netIncomeRatio": -0.1812449423,
    "eps": -0.54,
    "epsdiluted": -0.54,
    "weightedAverageShsOut": 284311000,
    "weightedAverageShsOutDil": 284311000,
    "link": null,
    "finalLink": null
  },
  {
    "date": "2013-12-31",
    "symbol": "XYZ",
    "reportedCurrency": "USD",
    "cik": "0001512673",
    "fillingDate": "2013-12-31",
    "acceptedDate": "2013-12-31 00:00:00",
    "calendarYear": "2013",
    "period": "FY",
    "revenue": 552433000,
    "costOfRevenue": 423648000,
    "grossProfit": 128785000,
    "grossProfitRatio": 0.2331232928,
    "researchAndDevelopmentExpenses": 82864000,
    "generalAndAdministrativeExpenses": 0,
    "sellingAndMarketingExpenses": 0,
    "sellingGeneralAndAdministrativeExpenses": 132904000,
    "otherExpenses": 0,
    "operatingExpenses": 215768000,
    "costAndExpenses": 639416000,
    "interestIncome": 12000,
    "interestExpense": 0,
    "depreciationAndAmortization": 8272000,
    "ebitda": -95708000,
    "ebitdaratio": -0.1732481586,
    "operatingIncome": -86983000,
    "operatingIncomeRatio": -0.1574543881,
    "totalOtherIncomeExpensesNet": -16997000,
    "incomeBeforeTax": -103980000,
    "incomeBeforeTaxRatio": -0.1882219201,
    "incomeTaxExpense": 513000,
    "netIncome": -104493000,
    "netIncomeRatio": -0.1891505395,
    "eps": -0.37,
    "epsdiluted": -0.37,
    "weightedAverageShsOut": 284311000,
    "weightedAverageShsOutDil": 284311000,
    "link": null,
    "finalLink": null
  },
  {
    "date": "2012-12-31",
    "symbol": "XYZ",
    "reportedCurrency": "USD",
    "cik": "0001512673",
    "fillingDate": "2012-12-31",
    "acceptedDate": "2012-12-31 00:00:00",
    "calendarYear": "2012",
    "period": "FY",
    "revenue": 203449000,
    "costOfRevenue": 138898000,
    "grossProfit": 64551000,
    "grossProfitRatio": 0.317283447,
    "researchAndDevelopmentExpenses": 46568000,
    "generalAndAdministrativeExpenses": 0,
    "sellingAndMarketingExpenses": 0,
    "sellingGeneralAndAdministrativeExpenses": 92832000,
    "otherExpenses": 0,
    "operatingExpenses": 139400000,
    "costAndExpenses": 278298000,
    "interestIncome": 0,
    "interestExpense": 0,
    "depreciationAndAmortization": 3579000,
    "ebitda": -81615000,
    "ebitdaratio": -0.4011570467,
    "operatingIncome": -74849000,
    "operatingIncomeRatio": -0.3679005549,
    "totalOtherIncomeExpensesNet": -10350000,
    "incomeBeforeTax": -85199000,
    "incomeBeforeTaxRatio": -0.4187732552,
    "incomeTaxExpense": 0,
    "netIncome": -85199000,
    "netIncomeRatio": -0.4187732552,
    "eps": -0.31,
    "epsdiluted": -0.31,
    "weightedAverageShsOut": 277295000,
    "weightedAverageShsOutDil": 277295000,
    "link": null,
    "finalLink": null
  }
]