[
  {
    "date": "2025-06-30",
    "symbol": "YUM",
    "reportedCurrency": "USD",
    "cik": "0001041061",
    "fillingDate": "2025-08-07",
    "acceptedDate": "2025-08-07 16:48:46",
    "calendarYear": "2025",
    "period": "Q2",
    "revenue": 1933000000,
    "costOfRevenue": 1027000000,
    "grossProfit": 906000000,
    "grossProfitRatio": 0.4687015003,
    "researchAndDevelopmentExpenses": 0,
    "generalAndAdministrativeExpenses": 302000000,
    "sellingAndMarketingExpenses": 0,
    "sellingGeneralAndAdministrativeExpenses": 302000000,
    "otherExpenses": -19000000,
    "operatingExpenses": 283000000,
    "costAndExpenses": 1310000000,
    "interestIncome": 0,
    "interestExpense": 123000000,
    "depreciationAndAmortization": 44000000,
    "ebitda": 666000000,
    "ebitdaratio": 0.3445421624,
    "operatingIncome": 622000000,
    "operatingIncomeRatio": 0.3217796172,
    "totalOtherIncomeExpensesNet": -123000000,
    "incomeBeforeTax": 499000000,
    "incomeBeforeTaxRatio": 0.2581479565,
    "incomeTaxExpense": 125000000,
    "netIncome": 374000000,
    "netIncomeRatio": 0.1934816348,
    "eps": 1.34,
    "epsdiluted": 1.33,
    "weightedAverageShsOut": 279000000,
    "weightedAverageShsOutDil": 281000000,
    "link": "https://www.sec.gov/Archives/edgar/data/1041061/000104106125000057/0001041061-25-000057-index.htm",
    "finalLink": "https://www.sec.gov/Archives/edgar/data/1041061/000104106125000057/yum-20250630.htm"
  },
  {
    "date": "2025-03-31",
    "symbol": "YUM",
    "reportedCurrency": "USD",
    "cik": "0001041061",
    "fillingDate": "2025-05-07",
    "acceptedDate": "2025-05-06 17:58:32",
    "calendarYear": "2025",
    "period": "Q1",
    "revenue": 1787000000,
    "costOfRevenue": 950000000,
    "grossProfit": 837000000,
    "grossProfitRatio": 0.4683827644,
    "researchAndDevelopmentExpenses": 0,
    "generalAndAdministrativeExpenses": 302000000,
    "sellingAndMarketingExpenses": 0,
    "sellingGeneralAndAdministrativeExpenses": 302000000,
    "otherExpenses": -13000000,
    "operatingExpenses": 289000000,
    "costAndExpenses": 1239000000,
    "interestIncome": 0,
    "interestExpense": 120000000,
    "depreciationAndAmortization": 45000000,
    "ebitda": 594000000,
    "ebitdaratio": 0.3324006715,
    "operatingIncome": 548000000,
    "operatingIncomeRatio": 0.3066592054,
    "totalOtherIncomeExpensesNet": -119000000,
    "incomeBeforeTax": 429000000,
    "incomeBeforeTaxRatio": 0.2400671517,
    "incomeTaxExpense": 176000000,
    "netIncome": 253000000,
    "netIncomeRatio": 0.1415780638,
    "eps": 0.9,
    "epsdiluted": 0.9,
    "weightedAverageShsOut": 280000000,
    "weightedAverageShsOutDil": 282000000,
    "link": "https://www.sec.gov/Archives/edgar/data/1041061/000104106125000025/0001041061-25-000025-index.htm",
    "finalLink": "https://www.sec.gov/Archives/edgar/data/1041061/000104106125000025/yum-20250331.htm"
  },
  {
    "date": "2024-12-31",
    "symbol": "YUM",
    "reportedCurrency": "USD",
    "cik": "0001041061",
    "fillingDate": "2025-02-19",
    "acceptedDate": "2025-02-19 17:26:39",
    "calendarYear": "2024",
    "period": "Q4",
    "revenue": 2362000000,
    "costOfRevenue": 1313000000,
    "grossProfit": 1049000000,
    "grossProfitRatio": 0.4441151566,
    "researchAndDevelopmentExpenses": 0,
    "generalAndAdministrativeExpenses": 351000000,
    "sellingAndMarketingExpenses": 0,
    "sellingGeneralAndAdministrativeExpenses": 351000000,
    "otherExpenses": 41000000,
    "operatingExpenses": 392000000,
    "costAndExpenses": 1705000000,
    "interestIncome": 0,
    "interestExpense": 131000000,
    "depreciationAndAmortization": 55000000,
    "ebitda": 714000000,
    "ebitdaratio": 0.3022861981,
    "operatingIncome": 657000000,
    "operatingIncomeRatio": 0.2781541067,
    "totalOtherIncomeExpensesNet": -129000000,
    "incomeBeforeTax": 528000000,
    "incomeBeforeTaxRatio": 0.2235393734,
    "incomeTaxExpense": 105000000,
    "netIncome": 423000000,
    "netIncomeRatio": 0.1790855207,
    "eps": 1.51,
    "epsdiluted": 1.49,
    "weightedAverageShsOut": 280000000,
    "weightedAverageShsOutDil": 283000000,
    "link": "https://www.sec.gov/Archives/edgar/data/1041061/000104106125000013/0001041061-25-000013-index.htm",
    "finalLink": "https://www.sec.gov/Archives/edgar/data/1041061/000104106125000013/yum-20241231.htm"
  },
  {
    "date": "2024-09-30",
    "symbol": "YUM",
    "reportedCurrency": "USD",
    "cik": "0001041061",
    "fillingDate": "2024-11-07",
    "acceptedDate": "2024-11-07 15:51:36",
    "calendarYear": "2024",
    "period": "Q3",
    "revenue": 1826000000,
    "costOfRevenue": 960000000,
    "grossProfit": 866000000,
    "grossProfitRatio": 0.4742606791,
    "researchAndDevelopmentExpenses": 0,
    "generalAndAdministrativeExpenses": 263000000,
    "sellingAndMarketingExpenses": 0,
    "sellingGeneralAndAdministrativeExpenses": 263000000,
    "otherExpenses": -16000000,
    "operatingExpenses": 247000000,
    "costAndExpenses": 1207000000,
    "interestIncome": 0,
    "interestExpense": 120000000,
    "depreciationAndAmortization": 44000000,
    "ebitda": 666000000,
    "ebitdaratio": 0.3647316539,
    "operatingIncome": 619000000,
    "operatingIncomeRatio": 0.338992333,
    "totalOtherIncomeExpensesNet": -117000000,
    "incomeBeforeTax": 502000000,
    "incomeBeforeTaxRatio": 0.2749178532,
    "incomeTaxExpense": 120000000,
    "netIncome": 382000000,
    "netIncomeRatio": 0.2092004381,
    "eps": 1.36,
    "epsdiluted": 1.35,
    "weightedAverageShsOut": 282000000,
    "weightedAverageShsOutDil": 285000000,
    "link": "https://www.sec.gov/Archives/edgar/data/1041061/000104106124000039/0001041061-24-000039-index.htm",
    "finalLink": "https://www.sec.gov/Archives/edgar/data/1041061/000104106124000039/yum-20240930.htm"
  },
  {
    "date": "2024-06-30",
    "symbol": "YUM",
    "reportedCurrency": "USD",
    "cik": "0001041061",
    "fillingDate": "2024-08-08",
    "acceptedDate": "2024-08-08 17:12:38",
    "calendarYear": "2024",
    "period": "Q2",
    "revenue": 1763000000,
    "costOfRevenue": 894000000,
    "grossProfit": 869000000,
    "grossProfitRatio": 0.4929098128,
    "researchAndDevelopmentExpenses": 0,
    "generalAndAdministrativeExpenses": 281000000,
    "sellingAndMarketingExpenses": 0,
    "sellingGeneralAndAdministrativeExpenses": 281000000,
    "otherExpenses": -19000000,
    "operatingExpenses": 262000000,
    "costAndExpenses": 1156000000,
    "interestIncome": 0,
    "interestExpense": 121000000,
    "depreciationAndAmortization": 41000000,
    "ebitda": 649000000,
    "ebitdaratio": 0.3681225184,
    "operatingIncome": 607000000,
    "operatingIncomeRatio": 0.3442994895,
    "totalOtherIncomeExpensesNet": -120000000,
    "incomeBeforeTax": 487000000,
    "incomeBeforeTaxRatio": 0.2762336926,
    "incomeTaxExpense": 120000000,
    "netIncome": 367000000,
    "netIncomeRatio": 0.2081678956,
    "eps": 1.3,
    "epsdiluted": 1.28,
    "weightedAverageShsOut": 282000000,
    "weightedAverageShsOutDil": 286000000,
    "link": "https://www.sec.gov/Archives/edgar/data/1041061/000104106124000033/0001041061-24-000033-index.htm",
    "finalLink": "https://www.sec.gov/Archives/edgar/data/1041061/000104106124000033/yum-20240630.htm"
  },
  {
    "date": "2024-03-31",
    "symbol": "YUM",
    "reportedCurrency": "USD",
    "cik": "0001041061",
    "fillingDate": "2024-05-07",
    "acceptedDate": "2024-05-07 16:58:29",
    "calendarYear": "2024",
    "period": "Q1",
    "revenue": 1598000000,
    "costOfRevenue": 798000000,
    "grossProfit": 800000000,
    "grossProfitRatio": 0.5006257822,
    "researchAndDevelopmentExpenses": 0,
    "generalAndAdministrativeExpenses": 286000000,
    "sellingAndMarketingExpenses": 0,
    "sellingGeneralAndAdministrativeExpenses": 286000000,
    "otherExpenses": -6000000,
    "operatingExpenses": 280000000,
    "costAndExpenses": 1078000000,
    "interestIncome": 0,
    "interestExpense": 117000000,
    "depreciationAndAmortization": 35000000,
    "ebitda": 535000000,
    "ebitdaratio": 0.3347934919,
    "operatingIncome": 520000000,
    "operatingIncomeRatio": 0.3254067584,
    "totalOtherIncomeExpensesNet": -137000000,
    "incomeBeforeTax": 383000000,
    "incomeBeforeTaxRatio": 0.2396745932,
    "incomeTaxExpense": 69000000,
    "netIncome": 314000000,
    "netIncomeRatio": 0.1964956195,
    "eps": 1.11,
    "epsdiluted": 1.1,
    "weightedAverageShsOut": 282000000,
    "weightedAverageShsOutDil": 286000000,
    "link": "https://www.sec.gov/Archives/edgar/data/1041061/000104106124000020/0001041061-24-000020-index.htm",
    "finalLink": "https://www.sec.gov/Archives/edgar/data/1041061/000104106124000020/yum-20240331.htm"
  },
  {
    "date": "2023-12-31",
    "symbol": "YUM",
    "reportedCurrency": "USD",
    "cik": "0001041061",
    "fillingDate": "2024-02-20",
    "acceptedDate": "2024-02-20 16:33:54",
    "calendarYear": "2023",
    "period": "Q4",
    "revenue": 2036000000,
    "costOfRevenue": 1063000000,
    "grossProfit": 973000000,
    "grossProfitRatio": 0.4778978389,
    "researchAndDevelopmentExpenses": 0,
    "generalAndAdministrativeExpenses": 353000000,
    "sellingAndMarketingExpenses": 0,
    "sellingGeneralAndAdministrativeExpenses": 353000000,
    "otherExpenses": 11000000,
    "operatingExpenses": 364000000,
    "costAndExpenses": 1427000000,
    "interestIncome": 0,
    "interestExpense": 132000000,
    "depreciationAndAmortization": 49000000,
    "ebitda": 645000000,
    "ebitdaratio": 0.3167976424,
    "operatingIncome": 609000000,
    "operatingIncomeRatio": 0.2991159136,
    "totalOtherIncomeExpensesNet": -145000000,
    "incomeBeforeTax": 464000000,
    "incomeBeforeTaxRatio": 0.2278978389,
    "incomeTaxExpense": 1000000,
    "netIncome": 463000000,
    "netIncomeRatio": 0.2274066798,
    "eps": 1.65,
    "epsdiluted": 1.62,
    "weightedAverageShsOut": 281000000,
    "weightedAverageShsOutDil": 285000000,
    "link": "https://www.sec.gov/Archives/edgar/data/1041061/000104106124000011/0001041061-24-000011-index.htm",
    "finalLink": "https://www.sec.gov/Archives/edgar/data/1041061/000104106124000011/yum-20231231.htm"
  },
  {
    "date": "2023-09-30",
    "symbol": "YUM",
    "reportedCurrency": "USD",
    "cik": "0001041061",
    "fillingDate": "2023-11-07",
    "acceptedDate": "2023-11-07 15:09:01",
    "calendarYear": "2023",
    "period": "Q3",
    "revenue": 1708000000,
    "costOfRevenue": 848000000,
    "grossProfit": 860000000,
    "grossProfitRatio": 0.5035128806,
    "researchAndDevelopmentExpenses": 0,
    "generalAndAdministrativeExpenses": 267000000,
    "sellingAndMarketingExpenses": 0,
    "sellingGeneralAndAdministrativeExpenses": 267000000,
    "otherExpenses": -20000000,
    "operatingExpenses": 247000000,
    "costAndExpenses": 1095000000,
    "interestIncome": 0,
    "interestExpense": 126000000,
    "depreciationAndAmortization": 37000000,
    "ebitda": 668000000,
    "ebitdaratio": 0.3911007026,
    "operatingIncome": 613000000,
    "operatingIncomeRatio": 0.3588992974,
    "totalOtherIncomeExpensesNet": -108000000,
    "incomeBeforeTax": 505000000,
    "incomeBeforeTaxRatio": 0.2956674473,
    "incomeTaxExpense": 89000000,
    "netIncome": 416000000,
    "netIncomeRatio": 0.243559719,
    "eps": 1.48,
    "epsdiluted": 1.46,
    "weightedAverageShsOut": 281000000,
    "weightedAverageShsOutDil": 286000000,
    "link": "https://www.sec.gov/Archives/edgar/data/1041061/000104106123000050/0001041061-23-000050-index.htm",
    "finalLink": "https://www.sec.gov/Archives/edgar/data/1041061/000104106123000050/yum-20230930.htm"
  },
  {
    "date": "2023-06-30",
    "symbol": "YUM",
    "reportedCurrency": "USD",
    "cik": "0001041061",
    "fillingDate": "2023-08-07",
    "acceptedDate": "2023-08-07 16:58:27",
    "calendarYear": "2023",
    "period": "Q2",
    "revenue": 1687000000,
    "costOfRevenue": 835000000,
    "grossProfit": 852000000,
    "grossProfitRatio": 0.5050385299,
    "researchAndDevelopmentExpenses": 0,
    "generalAndAdministrativeExpenses": 291000000,
    "sellingAndMarketingExpenses": 0,
    "sellingGeneralAndAdministrativeExpenses": 291000000,
    "otherExpenses": -12000000,
    "operatingExpenses": 279000000,
    "costAndExpenses": 1114000000,
    "interestIncome": 0,
    "interestExpense": 125000000,
    "depreciationAndAmortization": 38000000,
    "ebitda": 641000000,
    "ebitdaratio": 0.3799644339,
    "operatingIncome": 573000000,
    "operatingIncomeRatio": 0.3396561944,
    "totalOtherIncomeExpensesNet": -95000000,
    "incomeBeforeTax": 478000000,
    "incomeBeforeTaxRatio": 0.2833432128,
    "incomeTaxExpense": 60000000,
    "netIncome": 418000000,
    "netIncomeRatio": 0.2477771191,
    "eps": 1.49,
    "epsdiluted": 1.46,
    "weightedAverageShsOut": 281000000,
    "weightedAverageShsOutDil": 286000000,
    "link": "https://www.sec.gov/Archives/edgar/data/1041061/000104106123000041/0001041061-23-000041-index.htm",
    "finalLink": "https://www.sec.gov/Archives/edgar/data/1041061/000104106123000041/yum-20230630.htm"
  },
  {
    "date": "2023-03-31",
    "symbol": "YUM",
    "reportedCurrency": "USD",
    "cik": "0001041061",
    "fillingDate": "2023-05-09",
    "acceptedDate": "2023-05-08 17:46:40",
    "calendarYear": "2023",
    "period": "Q1",
    "revenue": 1645000000,
    "costOfRevenue": 834000000,
    "grossProfit": 811000000,
    "grossProfitRatio": 0.4930091185,
    "researchAndDevelopmentExpenses": 0,
    "generalAndAdministrativeExpenses": 282000000,
    "sellingAndMarketingExpenses": 0,
    "sellingGeneralAndAdministrativeExpenses": 282000000,
    "otherExpenses": 6000000,
    "operatingExpenses": 288000000,
    "costAndExpenses": 1122000000,
    "interestIncome": 0,
    "interestExpense": 130000000,
    "depreciationAndAmortization": 29000000,
    "ebitda": 530000000,
    "ebitdaratio": 0.3221884498,
    "operatingIncome": 523000000,
    "operatingIncomeRatio": 0.3179331307,
    "totalOtherIncomeExpensesNet": -152000000,
    "incomeBeforeTax": 371000000,
    "incomeBeforeTaxRatio": 0.2255319149,
    "incomeTaxExpense": 71000000,
    "netIncome": 300000000,
    "netIncomeRatio": 0.1823708207,
    "eps": 1.07,
    "epsdiluted": 1.05,
    "weightedAverageShsOut": 281000000,
    "weightedAverageShsOutDil": 285000000,
    "link": "https://www.sec.gov/Archives/edgar/data/1041061/000104106123000025/0001041061-23-000025-index.htm",
    "finalLink": "https://www.sec.gov/Archives/edgar/data/1041061/000104106123000025/yum-20230331.htm"
  },
  {
    "date": "2022-12-31",
    "symbol": "YUM",
    "reportedCurrency": "USD",
    "cik": "0001041061",
    "fillingDate": "2023-02-27",
    "acceptedDate": "2023-02-24 18:07:33",
    "calendarYear": "2022",
    "period": "Q4",
    "revenue": 2019000000,
    "costOfRevenue": 1074000000,
    "grossProfit": 945000000,
    "grossProfitRatio": 0.4680534918,
    "researchAndDevelopmentExpenses": 0,
    "generalAndAdministrativeExpenses": 372000000,
    "sellingAndMarketingExpenses": 0,
    "sellingGeneralAndAdministrativeExpenses": 372000000,
    "otherExpenses": -5000000,
    "operatingExpenses": 367000000,
    "costAndExpenses": 1441000000,
    "interestIncome": 0,
    "interestExpense": 137000000,
    "depreciationAndAmortization": 42000000,
    "ebitda": 606000000,
    "ebitdaratio": 0.3001485884,
    "operatingIncome": 578000000,
    "operatingIncomeRatio": 0.2862803368,
    "totalOtherIncomeExpensesNet": -151000000,
    "incomeBeforeTax": 427000000,
    "incomeBeforeTaxRatio": 0.211490837,
    "incomeTaxExpense": 56000000,
    "netIncome": 371000000,
    "netIncomeRatio": 0.1837543338,
    "eps": 1.31,
    "epsdiluted": 1.29,
    "weightedAverageShsOut": 283000000,
    "weightedAverageShsOutDil": 287000000,
    "link": "https://www.sec.gov/Archives/edgar/data/1041061/000104106123000009/0001041061-23-000009-index.htm",
    "finalLink": "https://www.sec.gov/Archives/edgar/data/1041061/000104106123000009/yum-20221231.htm"
  },
  {
    "date": "2022-09-30",
    "symbol": "YUM",
    "reportedCurrency": "USD",
    "cik": "0001041061",
    "fillingDate": "2022-11-08",
    "acceptedDate": "2022-11-08 16:38:19",
    "calendarYear": "2022",
    "period": "Q3",
    "revenue": 1640000000,
    "costOfRevenue": 826000000,
    "grossProfit": 814000000,
    "grossProfitRatio": 0.4963414634,
    "researchAndDevelopmentExpenses": 0,
    "generalAndAdministrativeExpenses": 261000000,
    "sellingAndMarketingExpenses": 0,
    "sellingGeneralAndAdministrativeExpenses": 261000000,
    "otherExpenses": 7000000,
    "operatingExpenses": 268000000,
    "costAndExpenses": 1094000000,
    "interestIncome": 0,
    "interestExpense": 124000000,
    "depreciationAndAmortization": 33000000,
    "ebitda": 604000000,
    "ebitdaratio": 0.3682926829,
    "operatingIncome": 546000000,
    "operatingIncomeRatio": 0.3329268293,
    "totalOtherIncomeExpensesNet": -99000000,
    "incomeBeforeTax": 447000000,
    "incomeBeforeTaxRatio": 0.2725609756,
    "incomeTaxExpense": 116000000,
    "netIncome": 331000000,
    "netIncomeRatio": 0.2018292683,
    "eps": 1.16,
    "epsdiluted": 1.15,
    "weightedAverageShsOut": 285000000,
    "weightedAverageShsOutDil": 289000000,
    "link": "https://www.sec.gov/Archives/edgar/data/1041061/000104106122000040/0001041061-22-000040-index.htm",
    "finalLink": "https://www.sec.gov/Archives/edgar/data/1041061/000104106122000040/yum-20220930.htm"
  },
  {
    "date": "2022-06-30",
    "symbol": "YUM",
    "reportedCurrency": "USD",
    "cik": "0001041061",
    "fillingDate": "2022-08-08",
    "acceptedDate": "2022-08-08 17:29:07",
    "calendarYear": "2022",
    "period": "Q2",
    "revenue": 1636000000,
    "costOfRevenue": 840000000,
    "grossProfit": 796000000,
    "grossProfitRatio": 0.4865525672,
    "researchAndDevelopmentExpenses": 0,
    "generalAndAdministrativeExpenses": 254000000,
    "sellingAndMarketingExpenses": 0,
    "sellingGeneralAndAdministrativeExpenses": 254000000,
    "otherExpenses": -12000000,
    "operatingExpenses": 242000000,
    "costAndExpenses": 1082000000,
    "interestIncome": 0,
    "interestExpense": 148000000,
    "depreciationAndAmortization": 34000000,
    "ebitda": 572000000,
    "ebitdaratio": 0.3496332518,
    "operatingIncome": 554000000,
    "operatingIncomeRatio": 0.3386308068,
    "totalOtherIncomeExpensesNet": -164000000,
    "incomeBeforeTax": 390000000,
    "incomeBeforeTaxRatio": 0.2383863081,
    "incomeTaxExpense": 166000000,
    "netIncome": 224000000,
    "netIncomeRatio": 0.1369193154,
    "eps": 0.78,
    "epsdiluted": 0.77,
    "weightedAverageShsOut": 286000000,
    "weightedAverageShsOutDil": 290000000,
    "link": "https://www.sec.gov/Archives/edgar/data/1041061/000104106122000033/0001041061-22-000033-index.htm",
    "finalLink": "https://www.sec.gov/Archives/edgar/data/1041061/000104106122000033/yum-20220630.htm"
  },
  {
    "date": "2022-03-31",
    "symbol": "YUM",
    "reportedCurrency": "USD",
    "cik": "0001041061",
    "fillingDate": "2022-05-10",
    "acceptedDate": "2022-05-10 17:03:31",
    "calendarYear": "2022",
    "period": "Q1",
    "revenue": 1547000000,
    "costOfRevenue": 795000000,
    "grossProfit": 752000000,
    "grossProfitRatio": 0.4861021332,
    "researchAndDevelopmentExpenses": 0,
    "generalAndAdministrativeExpenses": 253000000,
    "sellingAndMarketingExpenses": 0,
    "sellingGeneralAndAdministrativeExpenses": 253000000,
    "otherExpenses": -10000000,
    "operatingExpenses": 243000000,
    "costAndExpenses": 1038000000,
    "interestIncome": 0,
    "interestExpense": 118000000,
    "depreciationAndAmortization": 37000000,
    "ebitda": 553000000,
    "ebitdaratio": 0.3574660633,
    "operatingIncome": 509000000,
    "operatingIncomeRatio": 0.3290239173,
    "totalOtherIncomeExpensesNet": -111000000,
    "incomeBeforeTax": 398000000,
    "incomeBeforeTaxRatio": 0.2572721396,
    "incomeTaxExpense": -1000000,
    "netIncome": 399000000,
    "netIncomeRatio": 0.257918552,
    "eps": 1.38,
    "epsdiluted": 1.36,
    "weightedAverageShsOut": 289000000,
    "weightedAverageShsOutDil": 294000000,
    "link": "https://www.sec.gov/Archives/edgar/data/1041061/000104106122000019/0001041061-22-000019-index.htm",
    "finalLink": "https://www.sec.gov/Archives/edgar/data/1041061/000104106122000019/yum-20220331.htm"
  },
  {
    "date": "2021-12-31",
    "symbol": "YUM",
    "reportedCurrency": "USD",
    "cik": "0001041061",
    "fillingDate": "2022-02-23",
    "acceptedDate": "2022-02-22 18:00:26",
    "calendarYear": "2021",
    "period": "Q4",
    "revenue": 1890000000,
    "costOfRevenue": 1017000000,
    "grossProfit": 873000000,
    "grossProfitRatio": 0.4619047619,
    "researchAndDevelopmentExpenses": 0,
    "generalAndAdministrativeExpenses": 371000000,
    "sellingAndMarketingExpenses": 0,
    "sellingGeneralAndAdministrativeExpenses": 371000000,
    "otherExpenses": 0,
    "operatingExpenses": 371000000,
    "costAndExpenses": 1388000000,
    "interestIncome": 0,
    "interestExpense": 128000000,
    "depreciationAndAmortization": 47000000,
    "ebitda": 582000000,
    "ebitdaratio": 0.3079365079,
    "operatingIncome": 502000000,
    "operatingIncomeRatio": 0.2656084656,
    "totalOtherIncomeExpensesNet": -95000000,
    "incomeBeforeTax": 407000000,
    "incomeBeforeTaxRatio": 0.2153439153,
    "incomeTaxExpense": 77000000,
    "netIncome": 330000000,
    "netIncomeRatio": 0.1746031746,
    "eps": 1.13,
    "epsdiluted": 1.11,
    "weightedAverageShsOut": 293000000,
    "weightedAverageShsOutDil": 298000000,
    "link": "https://www.sec.gov/Archives/edgar/data/1041061/000104106122000009/0001041061-22-000009-index.htm",
    "finalLink": "https://www.sec.gov/Archives/edgar/data/1041061/000104106122000009/yum-20211231.htm"
  },
  {
    "date": "2021-09-30",
    "symbol": "YUM",
    "reportedCurrency": "USD",
    "cik": "0001041061",
    "fillingDate": "2021-11-03",
    "acceptedDate": "2021-11-03 17:30:31",
    "calendarYear": "2021",
    "period": "Q3",
    "revenue": 1606000000,
    "costOfRevenue": 827000000,
    "grossProfit": 779000000,
    "grossProfitRatio": 0.4850560399,
    "researchAndDevelopmentExpenses": 0,
    "generalAndAdministrativeExpenses": 253000000,
    "sellingAndMarketingExpenses": 0,
    "sellingGeneralAndAdministrativeExpenses": 253000000,
    "otherExpenses": -1000000,
    "operatingExpenses": 252000000,
    "costAndExpenses": 1079000000,
    "interestIncome": 0,
    "interestExpense": 126000000,
    "depreciationAndAmortization": 39000000,
    "ebitda": 616000000,
    "ebitdaratio": 0.3835616438,
    "operatingIncome": 527000000,
    "operatingIncomeRatio": 0.3281444583,
    "totalOtherIncomeExpensesNet": -76000000,
    "incomeBeforeTax": 451000000,
    "incomeBeforeTaxRatio": 0.2808219178,
    "incomeTaxExpense": -77000000,
    "netIncome": 528000000,
    "netIncomeRatio": 0.3287671233,
    "eps": 1.78,
    "epsdiluted": 1.75,
    "weightedAverageShsOut": 296000000,
    "weightedAverageShsOutDil": 302000000,
    "link": "https://www.sec.gov/Archives/edgar/data/1041061/000104106121000056/0001041061-21-000056-index.htm",
    "finalLink": "https://www.sec.gov/Archives/edgar/data/1041061/000104106121000056/yum-20210930.htm"
  },
  {
    "date": "2021-06-30",
    "symbol": "YUM",
    "reportedCurrency": "USD",
    "cik": "0001041061",
    "fillingDate": "2021-08-05",
    "acceptedDate": "2021-08-04 18:23:12",
    "calendarYear": "2021",
    "period": "Q2",
    "revenue": 1602000000,
    "costOfRevenue": 816000000,
    "grossProfit": 786000000,
    "grossProfitRatio": 0.4906367041,
    "researchAndDevelopmentExpenses": 0,
    "generalAndAdministrativeExpenses": 230000000,
    "sellingAndMarketingExpenses": 0,
    "sellingGeneralAndAdministrativeExpenses": 230000000,
    "otherExpenses": -11000000,
    "operatingExpenses": 219000000,
    "costAndExpenses": 1035000000,
    "interestIncome": 0,
    "interestExpense": 159000000,
    "depreciationAndAmortization": 39000000,
    "ebitda": 605000000,
    "ebitdaratio": 0.3776529338,
    "operatingIncome": 567000000,
    "operatingIncomeRatio": 0.3539325843,
    "totalOtherIncomeExpensesNet": -160000000,
    "incomeBeforeTax": 407000000,
    "incomeBeforeTaxRatio": 0.2540574282,
    "incomeTaxExpense": 16000000,
    "netIncome": 391000000,
    "netIncomeRatio": 0.2440699126,
    "eps": 1.31,
    "epsdiluted": 1.29,
    "weightedAverageShsOut": 298000000,
    "weightedAverageShsOutDil": 304000000,
    "link": "https://www.sec.gov/Archives/edgar/data/1041061/000104106121000042/0001041061-21-000042-index.htm",
    "finalLink": "https://www.sec.gov/Archives/edgar/data/1041061/000104106121000042/yum-20210630.htm"
  },
  {
    "date": "2021-03-31",
    "symbol": "YUM",
    "reportedCurrency": "USD",
    "cik": "0001041061",
    "fillingDate": "2021-05-05",
    "acceptedDate": "2021-05-04 19:09:50",
    "calendarYear": "2021",
    "period": "Q1",
    "revenue": 1486000000,
    "costOfRevenue": 758000000,
    "grossProfit": 728000000,
    "grossProfitRatio": 0.4899057873,
    "researchAndDevelopmentExpenses": 0,
    "generalAndAdministrativeExpenses": 206000000,
    "sellingAndMarketingExpenses": 0,
    "sellingGeneralAndAdministrativeExpenses": 206000000,
    "otherExpenses": -21000000,
    "operatingExpenses": 185000000,
    "costAndExpenses": 943000000,
    "interestIncome": 0,
    "interestExpense": 131000000,
    "depreciationAndAmortization": 39000000,
    "ebitda": 579000000,
    "ebitdaratio": 0.3896366083,
    "operatingIncome": 543000000,
    "operatingIncomeRatio": 0.365410498,
    "totalOtherIncomeExpensesNet": -134000000,
    "incomeBeforeTax": 409000000,
    "incomeBeforeTaxRatio": 0.2752355316,
    "incomeTaxExpense": 83000000,
    "netIncome": 326000000,
    "netIncomeRatio": 0.2193808883,
    "eps": 1.09,
    "epsdiluted": 1.07,
    "weightedAverageShsOut": 301000000,
    "weightedAverageShsOutDil": 305000000,
    "link": "https://www.sec.gov/Archives/edgar/data/1041061/000104106121000022/0001041061-21-000022-index.htm",
    "finalLink": "https://www.sec.gov/Archives/edgar/data/1041061/000104106121000022/yum-20210331.htm"
  },
  {
    "date": "2020-12-31",
    "symbol": "YUM",
    "reportedCurrency": "USD",
    "cik": "0001041061",
    "fillingDate": "2021-02-22",
    "acceptedDate": "2021-02-19 18:02:05",
    "calendarYear": "2020",
    "period": "Q4",
    "revenue": 1743000000,
    "costOfRevenue": 925000000,
    "grossProfit": 818000000,
    "grossProfitRatio": 0.4693057946,
    "researchAndDevelopmentExpenses": 0,
    "generalAndAdministrativeExpenses": 340000000,
    "sellingAndMarketingExpenses": 0,
    "sellingGeneralAndAdministrativeExpenses": 340000000,
    "otherExpenses": -4000000,
    "operatingExpenses": 336000000,
    "costAndExpenses": 1261000000,
    "interestIncome": 0,
    "interestExpense": 132000000,
    "depreciationAndAmortization": 46000000,
    "ebitda": 530000000,
    "ebitdaratio": 0.3040734366,
    "operatingIncome": 482000000,
    "operatingIncomeRatio": 0.2765347103,
    "totalOtherIncomeExpensesNet": -130000000,
    "incomeBeforeTax": 352000000,
    "incomeBeforeTaxRatio": 0.2019506598,
    "incomeTaxExpense": 20000000,
    "netIncome": 332000000,
    "netIncomeRatio": 0.1904761905,
    "eps": 1.1,
    "epsdiluted": 1.08,
    "weightedAverageShsOut": 302000000,
    "weightedAverageShsOutDil": 307000000,
    "link": "https://www.sec.gov/Archives/edgar/data/1041061/000104106121000012/0001041061-21-000012-index.htm",
    "finalLink": "https://www.sec.gov/Archives/edgar/data/1041061/000104106121000012/yum-20201231.htm"
  },
  {
    "date": "2020-09-30",
    "symbol": "YUM",
    "reportedCurrency": "USD",
    "cik": "0001041061",
    "fillingDate": "2020-11-05",
    "acceptedDate": "2020-11-05 16:58:41",
    "calendarYear": "2020",
    "period": "Q3",
    "revenue": 1448000000,
    "costOfRevenue": 725000000,
    "grossProfit": 723000000,
    "grossProfitRatio": 0.4993093923,
    "researchAndDevelopmentExpenses": 0,
    "generalAndAdministrativeExpenses": 257000000,
    "sellingAndMarketingExpenses": 0,
    "sellingGeneralAndAdministrativeExpenses": 257000000,
    "otherExpenses": -5000000,
    "operatingExpenses": 252000000,
    "costAndExpenses": 977000000,
    "interestIncome": 0,
    "interestExpense": 161000000,
    "depreciationAndAmortization": 47000000,
    "ebitda": 524000000,
    "ebitdaratio": 0.361878453,
    "operatingIncome": 471000000,
    "operatingIncomeRatio": 0.3252762431,
    "totalOtherIncomeExpensesNet": -155000000,
    "incomeBeforeTax": 316000000,
    "incomeBeforeTaxRatio": 0.2182320442,
    "incomeTaxExpense": 33000000,
    "netIncome": 283000000,
    "netIncomeRatio": 0.195441989,
    "eps": 0.94,
    "epsdiluted": 0.92,
    "weightedAverageShsOut": 303000000,
    "weightedAverageShsOutDil": 307000000,
    "link": "https://www.sec.gov/Archives/edgar/data/1041061/000104106120000064/0001041061-20-000064-index.htm",
    "finalLink": "https://www.sec.gov/Archives/edgar/data/1041061/000104106120000064/yum-20200930.htm"
  },
  {
    "date": "2020-06-30",
    "symbol": "YUM",
    "reportedCurrency": "USD",
    "cik": "0001041061",
    "fillingDate": "2020-08-05",
    "acceptedDate": "2020-08-05 17:26:47",
    "calendarYear": "2020",
    "period": "Q2",
    "revenue": 1198000000,
    "costOfRevenue": 649000000,
    "grossProfit": 549000000,
    "grossProfitRatio": 0.458263773,
    "researchAndDevelopmentExpenses": 0,
    "generalAndAdministrativeExpenses": 259000000,
    "sellingAndMarketingExpenses": 0,
    "sellingGeneralAndAdministrativeExpenses": 259000000,
    "otherExpenses": -10000000,
    "operatingExpenses": 249000000,
    "costAndExpenses": 898000000,
    "interestIncome": 0,
    "interestExpense": 132000000,
    "depreciationAndAmortization": 26000000,
    "ebitda": 415000000,
    "ebitdaratio": 0.3464106845,
    "operatingIncome": 300000000,
    "operatingIncomeRatio": 0.2504173623,
    "totalOtherIncomeExpensesNet": -43000000,
    "incomeBeforeTax": 257000000,
    "incomeBeforeTaxRatio": 0.214524207,
    "incomeTaxExpense": 51000000,
    "netIncome": 206000000,
    "netIncomeRatio": 0.1719532554,
    "eps": 0.68,
    "epsdiluted": 0.67,
    "weightedAverageShsOut": 303000000,
    "weightedAverageShsOutDil": 307000000,
    "link": "https://www.sec.gov/Archives/edgar/data/1041061/000104106120000053/0001041061-20-000053-index.htm",
    "finalLink": "https://www.sec.gov/Archives/edgar/data/1041061/000104106120000053/yum-6302020x10q.htm"
  },
  {
    "date": "2020-03-31",
    "symbol": "YUM",
    "reportedCurrency": "USD",
    "cik": "0001041061",
    "fillingDate": "2020-05-06",
    "acceptedDate": "2020-05-05 18:23:43",
    "calendarYear": "2020",
    "period": "Q1",
    "revenue": 1263000000,
    "costOfRevenue": 666000000,
    "grossProfit": 597000000,
    "grossProfitRatio": 0.4726840855,
    "researchAndDevelopmentExpenses": 0,
    "generalAndAdministrativeExpenses": 208000000,
    "sellingAndMarketingExpenses": 0,
    "sellingGeneralAndAdministrativeExpenses": 208000000,
    "otherExpenses": 139000000,
    "operatingExpenses": 347000000,
    "costAndExpenses": 1013000000,
    "interestIncome": 0,
    "interestExpense": 118000000,
    "depreciationAndAmortization": 27000000,
    "ebitda": 240000000,
    "ebitdaratio": 0.190023753,
    "operatingIncome": 250000000,
    "operatingIncomeRatio": 0.1979414093,
    "totalOtherIncomeExpensesNet": -155000000,
    "incomeBeforeTax": 95000000,
    "incomeBeforeTaxRatio": 0.0752177356,
    "incomeTaxExpense": 12000000,
    "netIncome": 83000000,
    "netIncomeRatio": 0.0657165479,
    "eps": 0.28,
    "epsdiluted": 0.27,
    "weightedAverageShsOut": 302000000,
    "weightedAverageShsOutDil": 307000000,
    "link": "https://www.sec.gov/Archives/edgar/data/1041061/000104106120000034/0001041061-20-000034-index.htm",
    "finalLink": "https://www.sec.gov/Archives/edgar/data/1041061/000104106120000034/yum-3312020x10q.htm"
  },
  {
    "date": "2019-12-31",
    "symbol": "YUM",
    "reportedCurrency": "USD",
    "cik": "0001041061",
    "fillingDate": "2020-02-20",
    "acceptedDate": "2020-02-20 07:34:37",
    "calendarYear": "2019",
    "period": "Q4",
    "revenue": 1694000000,
    "costOfRevenue": 868000000,
    "grossProfit": 826000000,
    "grossProfitRatio": 0.4876033058,
    "researchAndDevelopmentExpenses": 0,
    "generalAndAdministrativeExpenses": 300000000,
    "sellingAndMarketingExpenses": 0,
    "sellingGeneralAndAdministrativeExpenses": 300000000,
    "otherExpenses": -20000000,
    "operatingExpenses": 280000000,
    "costAndExpenses": 1148000000,
    "interestIncome": 0,
    "interestExpense": 132000000,
    "depreciationAndAmortization": 28000000,
    "ebitda": 557000000,
    "ebitdaratio": 0.3288075561,
    "operatingIncome": 546000000,
    "operatingIncomeRatio": 0.3223140496,
    "totalOtherIncomeExpensesNet": -149000000,
    "incomeBeforeTax": 397000000,
    "incomeBeforeTaxRatio": 0.2343565525,
    "incomeTaxExpense": -91000000,
    "netIncome": 488000000,
    "netIncomeRatio": 0.2880755608,
    "eps": 1.61,
    "epsdiluted": 1.58,
    "weightedAverageShsOut": 303000000,
    "weightedAverageShsOutDil": 309000000,
    "link": "https://www.sec.gov/Archives/edgar/data/1041061/000104106120000015/0001041061-20-000015-index.htm",
    "finalLink": "https://www.sec.gov/Archives/edgar/data/1041061/000104106120000015/yum10k12312019.htm"
  },
  {
    "date": "2019-09-30",
    "symbol": "YUM",
    "reportedCurrency": "USD",
    "cik": "0001041061",
    "fillingDate": "2019-11-05",
    "acceptedDate": "2019-11-05 17:13:25",
    "calendarYear": "2019",
    "period": "Q3",
    "revenue": 1339000000,
    "costOfRevenue": 660000000,
    "grossProfit": 679000000,
    "grossProfitRatio": 0.5070948469,
    "researchAndDevelopmentExpenses": 0,
    "generalAndAdministrativeExpenses": 208000000,
    "sellingAndMarketingExpenses": 1000000,
    "sellingGeneralAndAdministrativeExpenses": 208000000,
    "otherExpenses": -9000000,
    "operatingExpenses": 199000000,
    "costAndExpenses": 859000000,
    "interestIncome": 0,
    "interestExpense": 120000000,
    "depreciationAndAmortization": 30000000,
    "ebitda": 450000000,
    "ebitdaratio": 0.3360716953,
    "operatingIncome": 480000000,
    "operatingIncomeRatio": 0.358476475,
    "totalOtherIncomeExpensesNet": -180000000,
    "incomeBeforeTax": 300000000,
    "incomeBeforeTaxRatio": 0.2240477969,
    "incomeTaxExpense": 45000000,
    "netIncome": 255000000,
    "netIncomeRatio": 0.1904406273,
    "eps": 0.83,
    "epsdiluted": 0.81,
    "weightedAverageShsOut": 306000000,
    "weightedAverageShsOutDil": 313000000,
    "link": "https://www.sec.gov/Archives/edgar/data/1041061/000104106119000048/0001041061-19-000048-index.htm",
    "finalLink": "https://www.sec.gov/Archives/edgar/data/1041061/000104106119000048/yum-9302019x10q.htm"
  },
  {
    "date": "2019-06-30",
    "symbol": "YUM",
    "reportedCurrency": "USD",
    "cik": "0001041061",
    "fillingDate": "2019-08-09",
    "acceptedDate": "2019-08-08 17:54:25",
    "calendarYear": "2019",
    "period": "Q2",
    "revenue": 1310000000,
    "costOfRevenue": 639000000,
    "grossProfit": 671000000,
    "grossProfitRatio": 0.5122137405,
    "researchAndDevelopmentExpenses": 0,
    "generalAndAdministrativeExpenses": 198000000,
    "sellingAndMarketingExpenses": 0,
    "sellingGeneralAndAdministrativeExpenses": 198000000,
    "otherExpenses": 2000000,
    "operatingExpenses": 200000000,
    "costAndExpenses": 839000000,
    "interestIncome": 0,
    "interestExpense": 119000000,
    "depreciationAndAmortization": 28000000,
    "ebitda": 524000000,
    "ebitdaratio": 0.4,
    "operatingIncome": 471000000,
    "operatingIncomeRatio": 0.3595419847,
    "totalOtherIncomeExpensesNet": -94000000,
    "incomeBeforeTax": 377000000,
    "incomeBeforeTaxRatio": 0.2877862595,
    "incomeTaxExpense": 88000000,
    "netIncome": 289000000,
    "netIncomeRatio": 0.220610687,
    "eps": 0.94,
    "epsdiluted": 0.92,
    "weightedAverageShsOut": 307000000,
    "weightedAverageShsOutDil": 314000000,
    "link": "https://www.sec.gov/Archives/edgar/data/1041061/000104106119000033/0001041061-19-000033-index.htm",
    "finalLink": "https://www.sec.gov/Archives/edgar/data/1041061/000104106119000033/yum-6302019x10q.htm"
  },
  {
    "date": "2019-03-31",
    "symbol": "YUM",
    "reportedCurrency": "USD",
    "cik": "0001041061",
    "fillingDate": "2019-05-08",
    "acceptedDate": "2019-05-07 17:37:41",
    "calendarYear": "2019",
    "period": "Q1",
    "revenue": 1254000000,
    "costOfRevenue": 616000000,
    "grossProfit": 638000000,
    "grossProfitRatio": 0.5087719298,
    "researchAndDevelopmentExpenses": 0,
    "generalAndAdministrativeExpenses": 211000000,
    "sellingAndMarketingExpenses": 3000000,
    "sellingGeneralAndAdministrativeExpenses": 211000000,
    "otherExpenses": -6000000,
    "operatingExpenses": 205000000,
    "costAndExpenses": 821000000,
    "interestIncome": 0,
    "interestExpense": 115000000,
    "depreciationAndAmortization": 26000000,
    "ebitda": 440000000,
    "ebitdaratio": 0.350877193,
    "operatingIncome": 433000000,
    "operatingIncomeRatio": 0.3452950558,
    "totalOtherIncomeExpensesNet": -134000000,
    "incomeBeforeTax": 299000000,
    "incomeBeforeTaxRatio": 0.2384370016,
    "incomeTaxExpense": 37000000,
    "netIncome": 262000000,
    "netIncomeRatio": 0.2089314195,
    "eps": 0.85,
    "epsdiluted": 0.83,
    "weightedAverageShsOut": 308000000,
    "weightedAverageShsOutDil": 315000000,
    "link": "https://www.sec.gov/Archives/edgar/data/1041061/000104106119000018/0001041061-19-000018-index.htm",
    "finalLink": "https://www.sec.gov/Archives/edgar/data/1041061/000104106119000018/yum-3312019x10q.htm"
  },
  {
    "date": "2018-12-31",
    "symbol": "YUM",
    "reportedCurrency": "USD",
    "cik": "0001041061",
    "fillingDate": "2019-02-21",
    "acceptedDate": "2019-02-21 08:05:55",
    "calendarYear": "2018",
    "period": "Q4",
    "revenue": 1558000000,
    "costOfRevenue": 811000000,
    "grossProfit": 747000000,
    "grossProfitRatio": 0.4794608472,
    "researchAndDevelopmentExpenses": 0,
    "generalAndAdministrativeExpenses": 264000000,
    "sellingAndMarketingExpenses": 4000000,
    "sellingGeneralAndAdministrativeExpenses": 264000000,
    "otherExpenses": -258000000,
    "operatingExpenses": 6000000,
    "costAndExpenses": 817000000,
    "interestIncome": 0,
    "interestExpense": 122000000,
    "depreciationAndAmortization": 34000000,
    "ebitda": 595000000,
    "ebitdaratio": 0.3818998716,
    "operatingIncome": 741000000,
    "operatingIncomeRatio": 0.4756097561,
    "totalOtherIncomeExpensesNet": -302000000,
    "incomeBeforeTax": 439000000,
    "incomeBeforeTaxRatio": 0.2817715019,
    "incomeTaxExpense": 105000000,
    "netIncome": 334000000,
    "netIncomeRatio": 0.2143774069,
    "eps": 1.07,
    "epsdiluted": 1.04,
    "weightedAverageShsOut": 313000000,
    "weightedAverageShsOutDil": 320000000,
    "link": "https://www.sec.gov/Archives/edgar/data/1041061/000104106119000010/0001041061-19-000010-index.htm",
    "finalLink": "https://www.sec.gov/Archives/edgar/data/1041061/000104106119000010/yum10k12312018.htm"
  },
  {
    "date": "2018-09-30",
    "symbol": "YUM",
    "reportedCurrency": "USD",
    "cik": "0001041061",
    "fillingDate": "2018-11-07",
    "acceptedDate": "2018-11-07 15:29:01",
    "calendarYear": "2018",
    "period": "Q3",
    "revenue": 1391000000,
    "costOfRevenue": 727000000,
    "grossProfit": 664000000,
    "grossProfitRatio": 0.4773544213,
    "researchAndDevelopmentExpenses": 0,
    "generalAndAdministrativeExpenses": 204000000,
    "sellingAndMarketingExpenses": 4000000,
    "sellingGeneralAndAdministrativeExpenses": 204000000,
    "otherExpenses": -93000000,
    "operatingExpenses": 111000000,
    "costAndExpenses": 838000000,
    "interestIncome": 0,
    "interestExpense": 111000000,
    "depreciationAndAmortization": 32000000,
    "ebitda": 677000000,
    "ebitdaratio": 0.4867002157,
    "operatingIncome": 553000000,
    "operatingIncomeRatio": 0.3975557153,
    "totalOtherIncomeExpensesNet": -19000000,
    "incomeBeforeTax": 534000000,
    "incomeBeforeTaxRatio": 0.3838964774,
    "incomeTaxExpense": 80000000,
    "netIncome": 454000000,
    "netIncomeRatio": 0.3263838965,
    "eps": 1.43,
    "epsdiluted": 1.4,
    "weightedAverageShsOut": 318000000,
    "weightedAverageShsOutDil": 325000000,
    "link": "https://www.sec.gov/Archives/edgar/data/1041061/000104106118000052/0001041061-18-000052-index.htm",
    "finalLink": "https://www.sec.gov/Archives/edgar/data/1041061/000104106118000052/yum-9302018x10q.htm"
  },
  {
    "date": "2018-06-30",
    "symbol": "YUM",
    "reportedCurrency": "USD",
    "cik": "0001041061",
    "fillingDate": "2018-08-07",
    "acceptedDate": "2018-08-07 17:31:37",
    "calendarYear": "2018",
    "period": "Q2",
    "revenue": 1368000000,
    "costOfRevenue": 735000000,
    "grossProfit": 633000000,
    "grossProfitRatio": 0.4627192982,
    "researchAndDevelopmentExpenses": 0,
    "generalAndAdministrativeExpenses": 208000000,
    "sellingAndMarketingExpenses": 3000000,
    "sellingGeneralAndAdministrativeExpenses": 208000000,
    "otherExpenses": -24000000,
    "operatingExpenses": 184000000,
    "costAndExpenses": 919000000,
    "interestIncome": 0,
    "interestExpense": 112000000,
    "depreciationAndAmortization": 34000000,
    "ebitda": 503000000,
    "ebitdaratio": 0.3676900585,
    "operatingIncome": 449000000,
    "operatingIncomeRatio": 0.3282163743,
    "totalOtherIncomeExpensesNet": -92000000,
    "incomeBeforeTax": 357000000,
    "incomeBeforeTaxRatio": 0.2609649123,
    "incomeTaxExpense": 36000000,
    "netIncome": 321000000,
    "netIncomeRatio": 0.2346491228,
    "eps": 0.99,
    "epsdiluted": 0.97,
    "weightedAverageShsOut": 324000000,
    "weightedAverageShsOutDil": 331000000,
    "link": "https://www.sec.gov/Archives/edgar/data/1041061/000104106118000040/0001041061-18-000040-index.htm",
    "finalLink": "https://www.sec.gov/Archives/edgar/data/1041061/000104106118000040/yum-6302018x10q.htm"
  },
  {
    "date": "2018-03-31",
    "symbol": "YUM",
    "reportedCurrency": "USD",
    "cik": "0001041061",
    "fillingDate": "2018-05-09",
    "acceptedDate": "2018-05-09 17:05:20",
    "calendarYear": "2018",
    "period": "Q1",
    "revenue": 1371000000,
    "costOfRevenue": 757000000,
    "grossProfit": 614000000,
    "grossProfitRatio": 0.4478482859,
    "researchAndDevelopmentExpenses": 0,
    "generalAndAdministrativeExpenses": 219000000,
    "sellingAndMarketingExpenses": 0,
    "sellingGeneralAndAdministrativeExpenses": 219000000,
    "otherExpenses": -158000000,
    "operatingExpenses": 61000000,
    "costAndExpenses": 818000000,
    "interestIncome": 0,
    "interestExpense": 107000000,
    "depreciationAndAmortization": 37000000,
    "ebitda": 653000000,
    "ebitdaratio": 0.4762946754,
    "operatingIncome": 553000000,
    "operatingIncomeRatio": 0.4033552152,
    "totalOtherIncomeExpensesNet": -44000000,
    "incomeBeforeTax": 509000000,
    "incomeBeforeTaxRatio": 0.3712618527,
    "incomeTaxExpense": 76000000,
    "netIncome": 433000000,
    "netIncomeRatio": 0.3158278629,
    "eps": 1.3,
    "epsdiluted": 1.27,
    "weightedAverageShsOut": 332000000,
    "weightedAverageShsOutDil": 340000000,
    "link": "https://www.sec.gov/Archives/edgar/data/1041061/000104106118000026/0001041061-18-000026-index.htm",
    "finalLink": "https://www.sec.gov/Archives/edgar/data/1041061/000104106118000026/yum-3312018x10q.htm"
  },
  {
    "date": "2017-12-31",
    "symbol": "YUM",
    "reportedCurrency": "USD",
    "cik": "0001041061",
    "fillingDate": "2018-02-22",
    "acceptedDate": "2018-02-21 18:48:05",
    "calendarYear": "2017",
    "period": "Q4",
    "revenue": 1577000000,
    "costOfRevenue": 807000000,
    "grossProfit": 770000000,
    "grossProfitRatio": 0.4882688649,
    "researchAndDevelopmentExpenses": 0,
    "generalAndAdministrativeExpenses": 300000000,
    "sellingAndMarketingExpenses": 0,
    "sellingGeneralAndAdministrativeExpenses": 300000000,
    "otherExpenses": -745000000,
    "operatingExpenses": -445000000,
    "costAndExpenses": 362000000,
    "interestIncome": 0,
    "interestExpense": 118000000,
    "depreciationAndAmortization": 58000000,
    "ebitda": 1268000000,
    "ebitdaratio": 0.8040583386,
    "operatingIncome": 1215000000,
    "operatingIncomeRatio": 0.7704502219,
    "totalOtherIncomeExpensesNet": -123000000,
    "incomeBeforeTax": 1092000000,
    "incomeBeforeTaxRatio": 0.6924540266,
    "incomeTaxExpense": 656000000,
    "netIncome": 436000000,
    "netIncomeRatio": 0.2764743183,
    "eps": 1.29,
    "epsdiluted": 1.26,
    "weightedAverageShsOut": 337000000,
    "weightedAverageShsOutDil": 345000000,
    "link": "https://www.sec.gov/Archives/edgar/data/1041061/000104106118000013/0001041061-18-000013-index.htm",
    "finalLink": "https://www.sec.gov/Archives/edgar/data/1041061/000104106118000013/yum10k12312017.htm"
  },
  {
    "date": "2017-09-30",
    "symbol": "YUM",
    "reportedCurrency": "USD",
    "cik": "0001041061",
    "fillingDate": "2017-11-08",
    "acceptedDate": "2017-11-08 17:20:14",
    "calendarYear": "2017",
    "period": "Q3",
    "revenue": 1436000000,
    "costOfRevenue": 778000000,
    "grossProfit": 658000000,
    "grossProfitRatio": 0.4582172702,
    "researchAndDevelopmentExpenses": 0,
    "generalAndAdministrativeExpenses": 215000000,
    "sellingAndMarketingExpenses": 0,
    "sellingGeneralAndAdministrativeExpenses": 215000000,
    "otherExpenses": -200000000,
    "operatingExpenses": 15000000,
    "costAndExpenses": 793000000,
    "interestIncome": 0,
    "interestExpense": 109000000,
    "depreciationAndAmortization": 60000000,
    "ebitda": 694000000,
    "ebitdaratio": 0.4832869081,
    "operatingIncome": 643000000,
    "operatingIncomeRatio": 0.4477715877,
    "totalOtherIncomeExpensesNet": -119000000,
    "incomeBeforeTax": 524000000,
    "incomeBeforeTaxRatio": 0.364902507,
    "incomeTaxExpense": 106000000,
    "netIncome": 418000000,
    "netIncomeRatio": 0.291086351,
    "eps": 1.21,
    "epsdiluted": 1.18,
    "weightedAverageShsOut": 345000000,
    "weightedAverageShsOutDil": 353000000,
    "link": "https://www.sec.gov/Archives/edgar/data/1041061/000104106117000065/0001041061-17-000065-index.htm",
    "finalLink": "https://www.sec.gov/Archives/edgar/data/1041061/000104106117000065/yum-9302017x10q.htm"
  },
  {
    "date": "2017-06-30",
    "symbol": "YUM",
    "reportedCurrency": "USD",
    "cik": "0001041061",
    "fillingDate": "2017-08-08",
    "acceptedDate": "2017-08-08 17:17:26",
    "calendarYear": "2017",
    "period": "Q2",
    "revenue": 1448000000,
    "costOfRevenue": 802000000,
    "grossProfit": 646000000,
    "grossProfitRatio": 0.4461325967,
    "researchAndDevelopmentExpenses": 0,
    "generalAndAdministrativeExpenses": 247000000,
    "sellingAndMarketingExpenses": 0,
    "sellingGeneralAndAdministrativeExpenses": 247000000,
    "otherExpenses": -20000000,
    "operatingExpenses": 227000000,
    "costAndExpenses": 1029000000,
    "interestIncome": 0,
    "interestExpense": 104000000,
    "depreciationAndAmortization": 65000000,
    "ebitda": 481000000,
    "ebitdaratio": 0.3321823204,
    "operatingIncome": 419000000,
    "operatingIncomeRatio": 0.2893646409,
    "totalOtherIncomeExpensesNet": -108000000,
    "incomeBeforeTax": 311000000,
    "incomeBeforeTaxRatio": 0.2147790055,
    "incomeTaxExpense": 105000000,
    "netIncome": 206000000,
    "netIncomeRatio": 0.1422651934,
    "eps": 0.59,
    "epsdiluted": 0.58,
    "weightedAverageShsOut": 350000000,
    "weightedAverageShsOutDil": 358000000,
    "link": "https://www.sec.gov/Archives/edgar/data/1041061/000104106117000057/0001041061-17-000057-index.htm",
    "finalLink": "https://www.sec.gov/Archives/edgar/data/1041061/000104106117000057/yum-6302017x10q.htm"
  },
  {
    "date": "2017-03-31",
    "symbol": "YUM",
    "reportedCurrency": "USD",
    "cik": "0001041061",
    "fillingDate": "2017-05-10",
    "acceptedDate": "2017-05-09 20:06:42",
    "calendarYear": "2017",
    "period": "Q1",
    "revenue": 1417000000,
    "costOfRevenue": 804000000,
    "grossProfit": 613000000,
    "grossProfitRatio": 0.4326040932,
    "researchAndDevelopmentExpenses": 0,
    "generalAndAdministrativeExpenses": 237000000,
    "sellingAndMarketingExpenses": 0,
    "sellingGeneralAndAdministrativeExpenses": 237000000,
    "otherExpenses": -108000000,
    "operatingExpenses": 129000000,
    "costAndExpenses": 933000000,
    "interestIncome": 0,
    "interestExpense": 109000000,
    "depreciationAndAmortization": 70000000,
    "ebitda": 527000000,
    "ebitdaratio": 0.3719124912,
    "operatingIncome": 484000000,
    "operatingIncomeRatio": 0.3415666902,
    "totalOtherIncomeExpensesNet": -137000000,
    "incomeBeforeTax": 347000000,
    "incomeBeforeTaxRatio": 0.2448835568,
    "incomeTaxExpense": 67000000,
    "netIncome": 280000000,
    "netIncomeRatio": 0.1976005646,
    "eps": 0.78,
    "epsdiluted": 0.77,
    "weightedAverageShsOut": 357000000,
    "weightedAverageShsOutDil": 364000000,
    "link": "https://www.sec.gov/Archives/edgar/data/1041061/000104106117000038/0001041061-17-000038-index.htm",
    "finalLink": "https://www.sec.gov/Archives/edgar/data/1041061/000104106117000038/yum-3312017x10q.htm"
  },
  {
    "date": "2016-12-31",
    "symbol": "YUM",
    "reportedCurrency": "USD",
    "cik": "0001041061",
    "fillingDate": "2017-02-22",
    "acceptedDate": "2017-02-22 06:16:42",
    "calendarYear": "2016",
    "period": "Q4",
    "revenue": 1886000000,
    "costOfRevenue": 1077000000,
    "grossProfit": 809000000,
    "grossProfitRatio": 0.4289501591,
    "researchAndDevelopmentExpenses": 24000000,
    "generalAndAdministrativeExpenses": 133000000,
    "sellingAndMarketingExpenses": 0,
    "sellingGeneralAndAdministrativeExpenses": 133000000,
    "otherExpenses": -32000000,
    "operatingExpenses": 101000000,
    "costAndExpenses": -2493000000,
    "interestIncome": 0,
    "interestExpense": 136000000,
    "depreciationAndAmortization": -180000000,
    "ebitda": -84000000,
    "ebitdaratio": -0.0445387063,
    "operatingIncome": -84000000,
    "operatingIncomeRatio": -0.0445387063,
    "totalOtherIncomeExpensesNet": -143000000,
    "incomeBeforeTax": 372000000,
    "incomeBeforeTaxRatio": 0.197242842,
    "incomeTaxExpense": 68000000,
    "netIncome": 267000000,
    "netIncomeRatio": 0.1415694592,
    "eps": 0.83,
    "epsdiluted": 0.82,
    "weightedAverageShsOut": 366000000,
    "weightedAverageShsOutDil": 372000000,
    "link": "https://www.sec.gov/Archives/edgar/data/1041061/000104106117000016/0001041061-17-000016-index.htm",
    "finalLink": "https://www.sec.gov/Archives/edgar/data/1041061/000104106117000016/yum10k12312016.htm"
  },
  {
    "date": "2016-09-03",
    "symbol": "YUM",
    "reportedCurrency": "USD",
    "cik": "0001041061",
    "fillingDate": "2016-10-11",
    "acceptedDate": "2016-10-11 17:08:28",
    "calendarYear": "2016",
    "period": "Q3",
    "revenue": 1518000000,
    "costOfRevenue": 871000000,
    "grossProfit": 647000000,
    "grossProfitRatio": 0.4262187088,
    "researchAndDevelopmentExpenses": 0,
    "generalAndAdministrativeExpenses": 270000000,
    "sellingAndMarketingExpenses": 0,
    "sellingGeneralAndAdministrativeExpenses": 270000000,
    "otherExpenses": -21000000,
    "operatingExpenses": 249000000,
    "costAndExpenses": 1120000000,
    "interestIncome": 0,
    "interestExpense": 98000000,
    "depreciationAndAmortization": 77000000,
    "ebitda": 476000000,
    "ebitdaratio": 0.3135704875,
    "operatingIncome": 398000000,
    "operatingIncomeRatio": 0.2621870883,
    "totalOtherIncomeExpensesNet": -97000000,
    "incomeBeforeTax": 301000000,
    "incomeBeforeTaxRatio": 0.19828722,
    "incomeTaxExpense": 83000000,
    "netIncome": 640000000,
    "netIncomeRatio": 0.4216073781,
    "eps": 1.65,
    "epsdiluted": 1.62,
    "weightedAverageShsOut": 388000000,
    "weightedAverageShsOutDil": 395000000,
    "link": "https://www.sec.gov/Archives/edgar/data/1041061/000104106116000095/0001041061-16-000095-index.htm",
    "finalLink": "https://www.sec.gov/Archives/edgar/data/1041061/000104106116000095/yum-932016x10q.htm"
  },
  {
    "date": "2016-06-11",
    "symbol": "YUM",
    "reportedCurrency": "USD",
    "cik": "0001041061",
    "fillingDate": "2016-07-19",
    "acceptedDate": "2016-07-18 18:35:43",
    "calendarYear": "2016",
    "period": "Q2",
    "revenue": 1509000000,
    "costOfRevenue": 886000000,
    "grossProfit": 623000000,
    "grossProfitRatio": 0.4128561962,
    "researchAndDevelopmentExpenses": 0,
    "generalAndAdministrativeExpenses": 254000000,
    "sellingAndMarketingExpenses": 0,
    "sellingGeneralAndAdministrativeExpenses": 254000000,
    "otherExpenses": -53000000,
    "operatingExpenses": 201000000,
    "costAndExpenses": 1094000000,
    "interestIncome": 0,
    "interestExpense": 51000000,
    "depreciationAndAmortization": 74000000,
    "ebitda": 489000000,
    "ebitdaratio": 0.324055666,
    "operatingIncome": 415000000,
    "operatingIncomeRatio": 0.2750165673,
    "totalOtherIncomeExpensesNet": -51000000,
    "incomeBeforeTax": 364000000,
    "incomeBeforeTaxRatio": 0.2412193506,
    "incomeTaxExpense": 98000000,
    "netIncome": 336000000,
    "netIncomeRatio": 0.2226640159,
    "eps": 0.82,
    "epsdiluted": 0.81,
    "weightedAverageShsOut": 408000000,
    "weightedAverageShsOutDil": 415000000,
    "link": "https://www.sec.gov/Archives/edgar/data/1041061/000104106116000084/0001041061-16-000084-index.htm",
    "finalLink": "https://www.sec.gov/Archives/edgar/data/1041061/000104106116000084/yum-6112016x10q.htm"
  },
  {
    "date": "2016-03-19",
    "symbol": "YUM",
    "reportedCurrency": "USD",
    "cik": "0001041061",
    "fillingDate": "2016-04-26",
    "acceptedDate": "2016-04-26 17:01:57",
    "calendarYear": "2016",
    "period": "Q1",
    "revenue": 1443000000,
    "costOfRevenue": 856000000,
    "grossProfit": 587000000,
    "grossProfitRatio": 0.4067914068,
    "researchAndDevelopmentExpenses": 0,
    "generalAndAdministrativeExpenses": 243000000,
    "sellingAndMarketingExpenses": 0,
    "sellingGeneralAndAdministrativeExpenses": 243000000,
    "otherExpenses": -5000000,
    "operatingExpenses": 238000000,
    "costAndExpenses": 1094000000,
    "interestIncome": 0,
    "interestExpense": 42000000,
    "depreciationAndAmortization": 73000000,
    "ebitda": 423000000,
    "ebitdaratio": 0.2931392931,
    "operatingIncome": 349000000,
    "operatingIncomeRatio": 0.2418572419,
    "totalOtherIncomeExpensesNet": -41000000,
    "incomeBeforeTax": 308000000,
    "incomeBeforeTaxRatio": 0.2134442134,
    "incomeTaxExpense": 82000000,
    "netIncome": 364000000,
    "netIncomeRatio": 0.2522522523,
    "eps": 0.88,
    "epsdiluted": 0.87,
    "weightedAverageShsOut": 415000000,
    "weightedAverageShsOutDil": 421000000,
    "link": "https://www.sec.gov/Archives/edgar/data/1041061/000104106116000066/0001041061-16-000066-index.htm",
    "finalLink": "https://www.sec.gov/Archives/edgar/data/1041061/000104106116000066/yum-3192016x10q.htm"
  },
  {
    "date": "2015-12-26",
    "symbol": "YUM",
    "reportedCurrency": "USD",
    "cik": "0001041061",
    "fillingDate": "2016-02-16",
    "acceptedDate": "2016-02-16 16:52:10",
    "calendarYear": "2015",
    "period": "Q4",
    "revenue": 3951000000,
    "costOfRevenue": 2981000000,
    "grossProfit": 970000000,
    "grossProfitRatio": 0.2455074665,
    "researchAndDevelopmentExpenses": 0,
    "generalAndAdministrativeExpenses": 528000000,
    "sellingAndMarketingExpenses": 0,
    "sellingGeneralAndAdministrativeExpenses": 528000000,
    "otherExpenses": 1000000,
    "operatingExpenses": 529000000,
    "costAndExpenses": 3510000000,
    "interestIncome": 0,
    "interestExpense": 35000000,
    "depreciationAndAmortization": 242000000,
    "ebitda": 683000000,
    "ebitdaratio": 0.1728676284,
    "operatingIncome": 441000000,
    "operatingIncomeRatio": 0.1116173121,
    "totalOtherIncomeExpensesNet": -35000000,
    "incomeBeforeTax": 406000000,
    "incomeBeforeTaxRatio": 0.1027587952,
    "incomeTaxExpense": 131000000,
    "netIncome": 275000000,
    "netIncomeRatio": 0.0696026322,
    "eps": 0.64,
    "epsdiluted": 0.63,
    "weightedAverageShsOut": 433000000,
    "weightedAverageShsOutDil": 439000000,
    "link": "https://www.sec.gov/Archives/edgar/data/1041061/000104106116000056/0001041061-16-000056-index.htm",
    "finalLink": "https://www.sec.gov/Archives/edgar/data/1041061/000104106116000056/yum10k12262015.htm"
  },
  {
    "date": "2015-09-05",
    "symbol": "YUM",
    "reportedCurrency": "USD",
    "cik": "0001041061",
    "fillingDate": "2015-10-15",
    "acceptedDate": "2015-10-15 16:24:56",
    "calendarYear": "2015",
    "period": "Q3",
    "revenue": 3427000000,
    "costOfRevenue": 2494000000,
    "grossProfit": 933000000,
    "grossProfitRatio": 0.2722497811,
    "researchAndDevelopmentExpenses": 0,
    "generalAndAdministrativeExpenses": 328000000,
    "sellingAndMarketingExpenses": 0,
    "sellingGeneralAndAdministrativeExpenses": 328000000,
    "otherExpenses": 2000000,
    "operatingExpenses": 330000000,
    "costAndExpenses": 2824000000,
    "interestIncome": 0,
    "interestExpense": 32000000,
    "depreciationAndAmortization": 179000000,
    "ebitda": 782000000,
    "ebitdaratio": 0.2281879195,
    "operatingIncome": 603000000,
    "operatingIncomeRatio": 0.1759556463,
    "totalOtherIncomeExpensesNet": -32000000,
    "incomeBeforeTax": 571000000,
    "incomeBeforeTaxRatio": 0.1666180333,
    "incomeTaxExpense": 145000000,
    "netIncome": 421000000,
    "netIncomeRatio": 0.122847972,
    "eps": 0.97,
    "epsdiluted": 0.95,
    "weightedAverageShsOut": 436000000,
    "weightedAverageShsOutDil": 444000000,
    "link": "https://www.sec.gov/Archives/edgar/data/1041061/000104106115000033/0001041061-15-000033-index.htm",
    "finalLink": "https://www.sec.gov/Archives/edgar/data/1041061/000104106115000033/yum-952015x10q.htm"
  },
  {
    "date": "2015-06-13",
    "symbol": "YUM",
    "reportedCurrency": "USD",
    "cik": "0001041061",
    "fillingDate": "2015-07-21",
    "acceptedDate": "2015-07-21 15:33:33",
    "calendarYear": "2015",
    "period": "Q2",
    "revenue": 3105000000,
    "costOfRevenue": 2295000000,
    "grossProfit": 810000000,
    "grossProfitRatio": 0.2608695652,
    "researchAndDevelopmentExpenses": 0,
    "generalAndAdministrativeExpenses": 353000000,
    "sellingAndMarketingExpenses": 0,
    "sellingGeneralAndAdministrativeExpenses": 353000000,
    "otherExpenses": 86000000,
    "operatingExpenses": 439000000,
    "costAndExpenses": 2734000000,
    "interestIncome": 0,
    "interestExpense": 33000000,
    "depreciationAndAmortization": 187000000,
    "ebitda": 558000000,
    "ebitdaratio": 0.1797101449,
    "operatingIncome": 371000000,
    "operatingIncomeRatio": 0.1194847021,
    "totalOtherIncomeExpensesNet": -33000000,
    "incomeBeforeTax": 338000000,
    "incomeBeforeTaxRatio": 0.1088566828,
    "incomeTaxExpense": 102000000,
    "netIncome": 235000000,
    "netIncomeRatio": 0.07568438,
    "eps": 0.54,
    "epsdiluted": 0.53,
    "weightedAverageShsOut": 437000000,
    "weightedAverageShsOutDil": 445000000,
    "link": "https://www.sec.gov/Archives/edgar/data/1041061/000104106115000023/0001041061-15-000023-index.htm",
    "finalLink": "https://www.sec.gov/Archives/edgar/data/1041061/000104106115000023/yum-6132015x10q.htm"
  },
  {
    "date": "2015-03-21",
    "symbol": "YUM",
    "reportedCurrency": "USD",
    "cik": "0001041061",
    "fillingDate": "2015-04-27",
    "acceptedDate": "2015-04-27 17:16:53",
    "calendarYear": "2015",
    "period": "Q1",
    "revenue": 2622000000,
    "costOfRevenue": 1831000000,
    "grossProfit": 791000000,
    "grossProfitRatio": 0.3016781083,
    "researchAndDevelopmentExpenses": 0,
    "generalAndAdministrativeExpenses": 295000000,
    "sellingAndMarketingExpenses": 0,
    "sellingGeneralAndAdministrativeExpenses": 295000000,
    "otherExpenses": -10000000,
    "operatingExpenses": 285000000,
    "costAndExpenses": 2116000000,
    "interestIncome": 0,
    "interestExpense": 34000000,
    "depreciationAndAmortization": 139000000,
    "ebitda": 645000000,
    "ebitdaratio": 0.2459954233,
    "operatingIncome": 506000000,
    "operatingIncomeRatio": 0.1929824561,
    "totalOtherIncomeExpensesNet": -34000000,
    "incomeBeforeTax": 472000000,
    "incomeBeforeTaxRatio": 0.1800152555,
    "incomeTaxExpense": 111000000,
    "netIncome": 362000000,
    "netIncomeRatio": 0.1380625477,
    "eps": 0.83,
    "epsdiluted": 0.81,
    "weightedAverageShsOut": 438000000,
    "weightedAverageShsOutDil": 446000000,
    "link": "https://www.sec.gov/Archives/edgar/data/1041061/000104106115000015/0001041061-15-000015-index.htm",
    "finalLink": "https://www.sec.gov/Archives/edgar/data/1041061/000104106115000015/yum-3212015x10q.htm"
  },
  {
    "date": "2014-12-27",
    "symbol": "YUM",
    "reportedCurrency": "USD",
    "cik": "0001041061",
    "fillingDate": "2015-02-17",
    "acceptedDate": "2015-02-17 16:47:44",
    "calendarYear": "2014",
    "period": "Q4",
    "revenue": 3997000000,
    "costOfRevenue": 3090000000,
    "grossProfit": 907000000,
    "grossProfitRatio": 0.2269201901,
    "researchAndDevelopmentExpenses": 30000000,
    "generalAndAdministrativeExpenses": 473000000,
    "sellingAndMarketingExpenses": 0,
    "sellingGeneralAndAdministrativeExpenses": 473000000,
    "otherExpenses": 477000000,
    "operatingExpenses": 950000000,
    "costAndExpenses": 4040000000,
    "interestIncome": 0,
    "interestExpense": 40000000,
    "depreciationAndAmortization": 238000000,
    "ebitda": 195000000,
    "ebitdaratio": 0.0487865899,
    "operatingIncome": -43000000,
    "operatingIncomeRatio": -0.0107580686,
    "totalOtherIncomeExpensesNet": -40000000,
    "incomeBeforeTax": -83000000,
    "incomeBeforeTaxRatio": -0.0207655742,
    "incomeTaxExpense": 36000000,
    "netIncome": -86000000,
    "netIncomeRatio": -0.0215161371,
    "eps": -0.2,
    "epsdiluted": -0.2,
    "weightedAverageShsOut": 438250057,
    "weightedAverageShsOutDil": 441000000,
    "link": "https://www.sec.gov/Archives/edgar/data/1041061/000104106115000007/0001041061-15-000007-index.htm",
    "finalLink": "https://www.sec.gov/Archives/edgar/data/1041061/000104106115000007/yum10k12272014.htm"
  },
  {
    "date": "2014-09-06",
    "symbol": "YUM",
    "reportedCurrency": "USD",
    "cik": "0001041061",
    "fillingDate": "2014-10-14",
    "acceptedDate": "2014-10-14 14:38:04",
    "calendarYear": "2014",
    "period": "Q3",
    "revenue": 3354000000,
    "costOfRevenue": 2504000000,
    "grossProfit": 850000000,
    "grossProfitRatio": 0.2534287418,
    "researchAndDevelopmentExpenses": 0,
    "generalAndAdministrativeExpenses": 323000000,
    "sellingAndMarketingExpenses": 0,
    "sellingGeneralAndAdministrativeExpenses": 323000000,
    "otherExpenses": -23000000,
    "operatingExpenses": 300000000,
    "costAndExpenses": 2804000000,
    "interestIncome": 0,
    "interestExpense": 28000000,
    "depreciationAndAmortization": 181000000,
    "ebitda": 731000000,
    "ebitdaratio": 0.2179487179,
    "operatingIncome": 550000000,
    "operatingIncomeRatio": 0.1639833035,
    "totalOtherIncomeExpensesNet": -28000000,
    "incomeBeforeTax": 522000000,
    "incomeBeforeTaxRatio": 0.1556350626,
    "incomeTaxExpense": 119000000,
    "netIncome": 404000000,
    "netIncomeRatio": 0.1204531902,
    "eps": 0.91,
    "epsdiluted": 0.89,
    "weightedAverageShsOut": 443000000,
    "weightedAverageShsOutDil": 452000000,
    "link": "https://www.sec.gov/Archives/edgar/data/1041061/000104106114000031/0001041061-14-000031-index.htm",
    "finalLink": "https://www.sec.gov/Archives/edgar/data/1041061/000104106114000031/yum-962014x10q.htm"
  },
  {
    "date": "2014-06-14",
    "symbol": "YUM",
    "reportedCurrency": "USD",
    "cik": "0001041061",
    "fillingDate": "2014-07-22",
    "acceptedDate": "2014-07-22 16:38:49",
    "calendarYear": "2014",
    "period": "Q2",
    "revenue": 3204000000,
    "costOfRevenue": 2364000000,
    "grossProfit": 840000000,
    "grossProfitRatio": 0.2621722846,
    "researchAndDevelopmentExpenses": 0,
    "generalAndAdministrativeExpenses": 352000000,
    "sellingAndMarketingExpenses": 0,
    "sellingGeneralAndAdministrativeExpenses": 352000000,
    "otherExpenses": 9000000,
    "operatingExpenses": 361000000,
    "costAndExpenses": 2725000000,
    "interestIncome": 0,
    "interestExpense": 29000000,
    "depreciationAndAmortization": 180000000,
    "ebitda": 659000000,
    "ebitdaratio": 0.2056803995,
    "operatingIncome": 479000000,
    "operatingIncomeRatio": 0.1495006242,
    "totalOtherIncomeExpensesNet": -29000000,
    "incomeBeforeTax": 450000000,
    "incomeBeforeTaxRatio": 0.1404494382,
    "incomeTaxExpense": 112000000,
    "netIncome": 334000000,
    "netIncomeRatio": 0.1042446941,
    "eps": 0.75,
    "epsdiluted": 0.73,
    "weightedAverageShsOut": 446000000,
    "weightedAverageShsOutDil": 455000000,
    "link": "https://www.sec.gov/Archives/edgar/data/1041061/000104106114000023/0001041061-14-000023-index.htm",
    "finalLink": "https://www.sec.gov/Archives/edgar/data/1041061/000104106114000023/yum-6142014x10q.htm"
  },
  {
    "date": "2014-03-22",
    "symbol": "YUM",
    "reportedCurrency": "USD",
    "cik": "0001041061",
    "fillingDate": "2014-04-28",
    "acceptedDate": "2014-04-28 16:20:48",
    "calendarYear": "2014",
    "period": "Q1",
    "revenue": 2724000000,
    "costOfRevenue": 1884000000,
    "grossProfit": 840000000,
    "grossProfitRatio": 0.3083700441,
    "researchAndDevelopmentExpenses": 0,
    "generalAndAdministrativeExpenses": 271000000,
    "sellingAndMarketingExpenses": 0,
    "sellingGeneralAndAdministrativeExpenses": 271000000,
    "otherExpenses": -2000000,
    "operatingExpenses": 269000000,
    "costAndExpenses": 2153000000,
    "interestIncome": 0,
    "interestExpense": 33000000,
    "depreciationAndAmortization": 140000000,
    "ebitda": 711000000,
    "ebitdaratio": 0.2610132159,
    "operatingIncome": 571000000,
    "operatingIncomeRatio": 0.2096182085,
    "totalOtherIncomeExpensesNet": -33000000,
    "incomeBeforeTax": 538000000,
    "incomeBeforeTaxRatio": 0.1975036711,
    "incomeTaxExpense": 139000000,
    "netIncome": 399000000,
    "netIncomeRatio": 0.1464757709,
    "eps": 0.89,
    "epsdiluted": 0.87,
    "weightedAverageShsOut": 447000000,
    "weightedAverageShsOutDil": 456000000,
    "link": "https://www.sec.gov/Archives/edgar/data/1041061/000104106114000014/0001041061-14-000014-index.htm",
    "finalLink": "https://www.sec.gov/Archives/edgar/data/1041061/000104106114000014/yum-3222014x10q.htm"
  },
  {
    "date": "2013-12-28",
    "symbol": "YUM",
    "reportedCurrency": "USD",
    "cik": "0001041061",
    "fillingDate": "2014-02-18",
    "acceptedDate": "2014-02-18 17:26:37",
    "calendarYear": "2013",
    "period": "Q4",
    "revenue": 4179000000,
    "costOfRevenue": 3081000000,
    "grossProfit": 1098000000,
    "grossProfitRatio": 0.2627422828,
    "researchAndDevelopmentExpenses": 31000000,
    "generalAndAdministrativeExpenses": 479000000,
    "sellingAndMarketingExpenses": 0,
    "sellingGeneralAndAdministrativeExpenses": 479000000,
    "otherExpenses": -2000000,
    "operatingExpenses": 477000000,
    "costAndExpenses": 3608000000,
    "interestIncome": 13000000,
    "interestExpense": 166000000,
    "depreciationAndAmortization": 248000000,
    "ebitda": 832000000,
    "ebitdaratio": 0.1990906916,
    "operatingIncome": 571000000,
    "operatingIncomeRatio": 0.1366355587,
    "totalOtherIncomeExpensesNet": -153000000,
    "incomeBeforeTax": 418000000,
    "incomeBeforeTaxRatio": 0.1000239292,
    "incomeTaxExpense": 103000000,
    "netIncome": 321000000,
    "netIncomeRatio": 0.0768126346,
    "eps": 0.72,
    "epsdiluted": 0.72,
    "weightedAverageShsOut": 443000000,
    "weightedAverageShsOutDil": 443000000,
    "link": "https://www.sec.gov/Archives/edgar/data/1041061/000104106114000007/0001041061-14-000007-index.htm",
    "finalLink": "https://www.sec.gov/Archives/edgar/data/1041061/000104106114000007/yum10k12282013.htm"
  },
  {
    "date": "2013-09-07",
    "symbol": "YUM",
    "reportedCurrency": "USD",
    "cik": "0001041061",
    "fillingDate": "2013-10-15",
    "acceptedDate": "2013-10-15 14:06:21",
    "calendarYear": "2013",
    "period": "Q3",
    "revenue": 3466000000,
    "costOfRevenue": 2534000000,
    "grossProfit": 932000000,
    "grossProfitRatio": 0.268897865,
    "researchAndDevelopmentExpenses": 0,
    "generalAndAdministrativeExpenses": 327000000,
    "sellingAndMarketingExpenses": 0,
    "sellingGeneralAndAdministrativeExpenses": 327000000,
    "otherExpenses": 255000000,
    "operatingExpenses": 582000000,
    "costAndExpenses": 3116000000,
    "interestIncome": 0,
    "interestExpense": 31000000,
    "depreciationAndAmortization": 173000000,
    "ebitda": 523000000,
    "ebitdaratio": 0.1508944028,
    "operatingIncome": 350000000,
    "operatingIncomeRatio": 0.1009809579,
    "totalOtherIncomeExpensesNet": -31000000,
    "incomeBeforeTax": 319000000,
    "incomeBeforeTaxRatio": 0.0920369302,
    "incomeTaxExpense": 182000000,
    "netIncome": 152000000,
    "netIncomeRatio": 0.0438545874,
    "eps": 0.34,
    "epsdiluted": 0.33,
    "weightedAverageShsOut": 451000000,
    "weightedAverageShsOutDil": 461000000,
    "link": "https://www.sec.gov/Archives/edgar/data/1041061/000104106113000044/0001041061-13-000044-index.htm",
    "finalLink": "https://www.sec.gov/Archives/edgar/data/1041061/000104106113000044/yum-9072013x10q.htm"
  },
  {
    "date": "2013-06-15",
    "symbol": "YUM",
    "reportedCurrency": "USD",
    "cik": "0001041061",
    "fillingDate": "2013-07-16",
    "acceptedDate": "2013-07-16 16:31:50",
    "calendarYear": "2013",
    "period": "Q2",
    "revenue": 2904000000,
    "costOfRevenue": 2198000000,
    "grossProfit": 706000000,
    "grossProfitRatio": 0.2431129477,
    "researchAndDevelopmentExpenses": 0,
    "generalAndAdministrativeExpenses": 333000000,
    "sellingAndMarketingExpenses": 0,
    "sellingGeneralAndAdministrativeExpenses": 333000000,
    "otherExpenses": -17000000,
    "operatingExpenses": 316000000,
    "costAndExpenses": 2514000000,
    "interestIncome": 0,
    "interestExpense": 32000000,
    "depreciationAndAmortization": 170000000,
    "ebitda": 560000000,
    "ebitdaratio": 0.1928374656,
    "operatingIncome": 390000000,
    "operatingIncomeRatio": 0.1342975207,
    "totalOtherIncomeExpensesNet": -32000000,
    "incomeBeforeTax": 358000000,
    "incomeBeforeTaxRatio": 0.1232782369,
    "incomeTaxExpense": 82000000,
    "netIncome": 281000000,
    "netIncomeRatio": 0.0967630854,
    "eps": 0.62,
    "epsdiluted": 0.61,
    "weightedAverageShsOut": 454000000,
    "weightedAverageShsOutDil": 464000000,
    "link": "https://www.sec.gov/Archives/edgar/data/1041061/000104106113000035/0001041061-13-000035-index.htm",
    "finalLink": "https://www.sec.gov/Archives/edgar/data/1041061/000104106113000035/yum-6152013x10q.htm"
  },
  {
    "date": "2013-03-23",
    "symbol": "YUM",
    "reportedCurrency": "USD",
    "cik": "0001041061",
    "fillingDate": "2013-04-29",
    "acceptedDate": "2013-04-29 16:30:52",
    "calendarYear": "2013",
    "period": "Q1",
    "revenue": 2535000000,
    "costOfRevenue": 1796000000,
    "grossProfit": 739000000,
    "grossProfitRatio": 0.2915187377,
    "researchAndDevelopmentExpenses": 0,
    "generalAndAdministrativeExpenses": 273000000,
    "sellingAndMarketingExpenses": 0,
    "sellingGeneralAndAdministrativeExpenses": 273000000,
    "otherExpenses": -21000000,
    "operatingExpenses": 252000000,
    "costAndExpenses": 2048000000,
    "interestIncome": 0,
    "interestExpense": 31000000,
    "depreciationAndAmortization": 130000000,
    "ebitda": 617000000,
    "ebitdaratio": 0.2433925049,
    "operatingIncome": 487000000,
    "operatingIncomeRatio": 0.1921104536,
    "totalOtherIncomeExpensesNet": -31000000,
    "incomeBeforeTax": 456000000,
    "incomeBeforeTaxRatio": 0.1798816568,
    "incomeTaxExpense": 120000000,
    "netIncome": 337000000,
    "netIncomeRatio": 0.132938856,
    "eps": 0.74,
    "epsdiluted": 0.72,
    "weightedAverageShsOut": 455000000,
    "weightedAverageShsOutDil": 465000000,
    "link": "https://www.sec.gov/Archives/edgar/data/1041061/000104106113000020/0001041061-13-000020-index.htm",
    "finalLink": "https://www.sec.gov/Archives/edgar/data/1041061/000104106113000020/yum-3232013x10q.htm"
  },
  {
    "date": "2012-12-29",
    "symbol": "YUM",
    "reportedCurrency": "USD",
    "cik": "0001041061",
    "fillingDate": "2013-02-20",
    "acceptedDate": "2013-02-19 17:34:03",
    "calendarYear": "2012",
    "period": "Q4",
    "revenue": 4153000000,
    "costOfRevenue": 3115000000,
    "grossProfit": 1038000000,
    "grossProfitRatio": 0.2499398026,
    "researchAndDevelopmentExpenses": 30000000,
    "generalAndAdministrativeExpenses": 560000000,
    "sellingAndMarketingExpenses": 0,
    "sellingGeneralAndAdministrativeExpenses": 560000000,
    "otherExpenses": -27000000,
    "operatingExpenses": 533000000,
    "costAndExpenses": 3648000000,
    "interestIncome": 9000000,
    "interestExpense": 51000000,
    "depreciationAndAmortization": 216000000,
    "ebitda": 730000000,
    "ebitdaratio": 0.1757765471,
    "operatingIncome": 505000000,
    "operatingIncomeRatio": 0.1215988442,
    "totalOtherIncomeExpensesNet": -42000000,
    "incomeBeforeTax": 463000000,
    "incomeBeforeTaxRatio": 0.111485673,
    "incomeTaxExpense": 127000000,
    "netIncome": 337000000,
    "netIncomeRatio": 0.0811461594,
    "eps": 0.74,
    "epsdiluted": 0.72,
    "weightedAverageShsOut": 457000000,
    "weightedAverageShsOutDil": 468000000,
    "link": "https://www.sec.gov/Archives/edgar/data/1041061/000104106113000007/0001041061-13-000007-index.htm",
    "finalLink": "https://www.sec.gov/Archives/edgar/data/1041061/000104106113000007/yum10k12292012.htm"
  },
  {
    "date": "2012-09-08",
    "symbol": "YUM",
    "reportedCurrency": "USD",
    "cik": "0001041061",
    "fillingDate": "2012-10-16",
    "acceptedDate": "2012-10-15 17:41:43",
    "calendarYear": "2012",
    "period": "Q3",
    "revenue": 3569000000,
    "costOfRevenue": 2543000000,
    "grossProfit": 1026000000,
    "grossProfitRatio": 0.2874754833,
    "researchAndDevelopmentExpenses": 0,
    "generalAndAdministrativeExpenses": 332000000,
    "sellingAndMarketingExpenses": 32000000,
    "sellingGeneralAndAdministrativeExpenses": 332000000,
    "otherExpenses": -9000000,
    "operatingExpenses": 323000000,
    "costAndExpenses": 2898000000,
    "interestIncome": 4000000,
    "interestExpense": 36000000,
    "depreciationAndAmortization": 157000000,
    "ebitda": 832000000,
    "ebitdaratio": 0.2331185206,
    "operatingIncome": 671000000,
    "operatingIncomeRatio": 0.1880078453,
    "totalOtherIncomeExpensesNet": -32000000,
    "incomeBeforeTax": 639000000,
    "incomeBeforeTaxRatio": 0.1790417484,
    "incomeTaxExpense": 161000000,
    "netIncome": 471000000,
    "netIncomeRatio": 0.1319697394,
    "eps": 1.02,
    "epsdiluted": 1,
    "weightedAverageShsOut": 460000000,
    "weightedAverageShsOutDil": 472000000,
    "link": "https://www.sec.gov/Archives/edgar/data/1041061/000104106112000042/0001041061-12-000042-index.htm",
    "finalLink": "https://www.sec.gov/Archives/edgar/data/1041061/000104106112000042/yum-982012x10q.htm"
  },
  {
    "date": "2012-06-16",
    "symbol": "YUM",
    "reportedCurrency": "USD",
    "cik": "0001041061",
    "fillingDate": "2012-07-24",
    "acceptedDate": "2012-07-23 17:33:11",
    "calendarYear": "2012",
    "period": "Q2",
    "revenue": 3168000000,
    "costOfRevenue": 2339000000,
    "grossProfit": 829000000,
    "grossProfitRatio": 0.2616792929,
    "researchAndDevelopmentExpenses": 0,
    "generalAndAdministrativeExpenses": 346000000,
    "sellingAndMarketingExpenses": 26000000,
    "sellingGeneralAndAdministrativeExpenses": 346000000,
    "otherExpenses": -16000000,
    "operatingExpenses": 330000000,
    "costAndExpenses": 2695000000,
    "interestIncome": 4000000,
    "interestExpense": 42000000,
    "depreciationAndAmortization": 158000000,
    "ebitda": 635000000,
    "ebitdaratio": 0.2004419192,
    "operatingIncome": 473000000,
    "operatingIncomeRatio": 0.1493055556,
    "totalOtherIncomeExpensesNet": -38000000,
    "incomeBeforeTax": 435000000,
    "incomeBeforeTaxRatio": 0.1373106061,
    "incomeTaxExpense": 102000000,
    "netIncome": 331000000,
    "netIncomeRatio": 0.1044823232,
    "eps": 0.71,
    "epsdiluted": 0.69,
    "weightedAverageShsOut": 465000000,
    "weightedAverageShsOutDil": 477000000,
    "link": "https://www.sec.gov/Archives/edgar/data/1041061/000104106112000035/0001041061-12-000035-index.htm",
    "finalLink": "https://www.sec.gov/Archives/edgar/data/1041061/000104106112000035/yum-6162012x10q.htm"
  },
  {
    "date": "2012-03-24",
    "symbol": "YUM",
    "reportedCurrency": "USD",
    "cik": "0001041061",
    "fillingDate": "2012-04-25",
    "acceptedDate": "2012-04-25 14:14:36",
    "calendarYear": "2012",
    "period": "Q1",
    "revenue": 2743000000,
    "costOfRevenue": 1904000000,
    "grossProfit": 839000000,
    "grossProfitRatio": 0.305869486,
    "researchAndDevelopmentExpenses": 0,
    "generalAndAdministrativeExpenses": 272000000,
    "sellingAndMarketingExpenses": 26000000,
    "sellingGeneralAndAdministrativeExpenses": 272000000,
    "otherExpenses": -104000000,
    "operatingExpenses": 168000000,
    "costAndExpenses": 2098000000,
    "interestIncome": 3000000,
    "interestExpense": 40000000,
    "depreciationAndAmortization": 127000000,
    "ebitda": 775000000,
    "ebitdaratio": 0.2825373678,
    "operatingIncome": 645000000,
    "operatingIncomeRatio": 0.2351440029,
    "totalOtherIncomeExpensesNet": -37000000,
    "incomeBeforeTax": 608000000,
    "incomeBeforeTaxRatio": 0.2216551221,
    "incomeTaxExpense": 147000000,
    "netIncome": 458000000,
    "netIncomeRatio": 0.1669704703,
    "eps": 0.99,
    "epsdiluted": 0.96,
    "weightedAverageShsOut": 465000000,
    "weightedAverageShsOutDil": 478000000,
    "link": "https://www.sec.gov/Archives/edgar/data/1041061/000104106112000013/0001041061-12-000013-index.htm",
    "finalLink": "https://www.sec.gov/Archives/edgar/data/1041061/000104106112000013/yum-3242012x10q.htm"
  },
  {
    "date": "2011-12-31",
    "symbol": "YUM",
    "reportedCurrency": "USD",
    "cik": "0001041061",
    "fillingDate": "2012-02-21",
    "acceptedDate": "2012-02-21 08:59:16",
    "calendarYear": "2011",
    "period": "Q4",
    "revenue": 4111000000,
    "costOfRevenue": 3085000000,
    "grossProfit": 1026000000,
    "grossProfitRatio": 0.2495743128,
    "researchAndDevelopmentExpenses": 0,
    "generalAndAdministrativeExpenses": 0,
    "sellingAndMarketingExpenses": -119000000,
    "sellingGeneralAndAdministrativeExpenses": 499000000,
    "otherExpenses": 20000000,
    "operatingExpenses": 519000000,
    "costAndExpenses": 3604000000,
    "interestIncome": 9000000,
    "interestExpense": 55000000,
    "depreciationAndAmortization": 202000000,
    "ebitda": 718000000,
    "ebitdaratio": 0.174653369,
    "operatingIncome": 507000000,
    "operatingIncomeRatio": 0.1233276575,
    "totalOtherIncomeExpensesNet": -46000000,
    "incomeBeforeTax": 461000000,
    "incomeBeforeTaxRatio": 0.1121381659,
    "incomeTaxExpense": 104000000,
    "netIncome": 356000000,
    "netIncomeRatio": 0.0865969351,
    "eps": 0.77,
    "epsdiluted": 0.74,
    "weightedAverageShsOut": 465000000,
    "weightedAverageShsOutDil": 478000000,
    "link": "https://www.sec.gov/Archives/edgar/data/1041061/000104106112000005/0001041061-12-000005-index.htm",
    "finalLink": "https://www.sec.gov/Archives/edgar/data/1041061/000104106112000005/yum10k123111.htm"
  },
  {
    "date": "2011-09-03",
    "symbol": "YUM",
    "reportedCurrency": "USD",
    "cik": "0001041061",
    "fillingDate": "2011-10-11",
    "acceptedDate": "2011-10-11 16:32:42",
    "calendarYear": "2011",
    "period": "Q3",
    "revenue": 3274000000,
    "costOfRevenue": 2360000000,
    "grossProfit": 914000000,
    "grossProfitRatio": 0.279169212,
    "researchAndDevelopmentExpenses": 0,
    "generalAndAdministrativeExpenses": 310000000,
    "sellingAndMarketingExpenses": 41000000,
    "sellingGeneralAndAdministrativeExpenses": 310000000,
    "otherExpenses": 75000000,
    "operatingExpenses": 385000000,
    "costAndExpenses": 2786000000,
    "interestIncome": 8000000,
    "interestExpense": 40000000,
    "depreciationAndAmortization": 157000000,
    "ebitda": 653000000,
    "ebitdaratio": 0.1994502138,
    "operatingIncome": 488000000,
    "operatingIncomeRatio": 0.149053146,
    "totalOtherIncomeExpensesNet": -32000000,
    "incomeBeforeTax": 456000000,
    "incomeBeforeTaxRatio": 0.1392791692,
    "incomeTaxExpense": 67000000,
    "netIncome": 383000000,
    "netIncomeRatio": 0.1169822847,
    "eps": 0.82,
    "epsdiluted": 0.8,
    "weightedAverageShsOut": 469000000,
    "weightedAverageShsOutDil": 481000000,
    "link": "https://www.sec.gov/Archives/edgar/data/1041061/000104106111000052/0001041061-11-000052-index.htm",
    "finalLink": "https://www.sec.gov/Archives/edgar/data/1041061/000104106111000052/yum-9032011x10q.htm"
  },
  {
    "date": "2011-06-11",
    "symbol": "YUM",
    "reportedCurrency": "USD",
    "cik": "0001041061",
    "fillingDate": "2011-07-19",
    "acceptedDate": "2011-07-19 15:29:41",
    "calendarYear": "2011",
    "period": "Q2",
    "revenue": 2816000000,
    "costOfRevenue": 2045000000,
    "grossProfit": 771000000,
    "grossProfitRatio": 0.2737926136,
    "researchAndDevelopmentExpenses": 0,
    "generalAndAdministrativeExpenses": 308000000,
    "sellingAndMarketingExpenses": 0,
    "sellingGeneralAndAdministrativeExpenses": 308000000,
    "otherExpenses": 11000000,
    "operatingExpenses": 319000000,
    "costAndExpenses": 2397000000,
    "interestIncome": 6000000,
    "interestExpense": 41000000,
    "depreciationAndAmortization": 146000000,
    "ebitda": 571000000,
    "ebitdaratio": 0.2027698864,
    "operatingIncome": 419000000,
    "operatingIncomeRatio": 0.1487926136,
    "totalOtherIncomeExpensesNet": -35000000,
    "incomeBeforeTax": 384000000,
    "incomeBeforeTaxRatio": 0.1363636364,
    "incomeTaxExpense": 62000000,
    "netIncome": 316000000,
    "netIncomeRatio": 0.1122159091,
    "eps": 0.67,
    "epsdiluted": 0.65,
    "weightedAverageShsOut": 471000000,
    "weightedAverageShsOutDil": 484000000,
    "link": "https://www.sec.gov/Archives/edgar/data/1041061/000104106111000040/0001041061-11-000040-index.htm",
    "finalLink": "https://www.sec.gov/Archives/edgar/data/1041061/000104106111000040/yum-6112011x10q.htm"
  },
  {
    "date": "2011-03-19",
    "symbol": "YUM",
    "reportedCurrency": "USD",
    "cik": "0001041061",
    "fillingDate": "2011-04-26",
    "acceptedDate": "2011-04-26 17:08:08",
    "calendarYear": "2011",
    "period": "Q1",
    "revenue": 2425000000,
    "costOfRevenue": 1691000000,
    "grossProfit": 734000000,
    "grossProfitRatio": 0.3026804124,
    "researchAndDevelopmentExpenses": 0,
    "generalAndAdministrativeExpenses": 0,
    "sellingAndMarketingExpenses": 0,
    "sellingGeneralAndAdministrativeExpenses": 255000000,
    "otherExpenses": 48000000,
    "operatingExpenses": 303000000,
    "costAndExpenses": 2024000000,
    "interestIncome": 5000000,
    "interestExpense": 48000000,
    "depreciationAndAmortization": 123000000,
    "ebitda": 529000000,
    "ebitdaratio": 0.2181443299,
    "operatingIncome": 401000000,
    "operatingIncomeRatio": 0.1653608247,
    "totalOtherIncomeExpensesNet": -43000000,
    "incomeBeforeTax": 358000000,
    "incomeBeforeTaxRatio": 0.147628866,
    "incomeTaxExpense": 91000000,
    "netIncome": 264000000,
    "netIncomeRatio": 0.1088659794,
    "eps": 0.56,
    "epsdiluted": 0.54,
    "weightedAverageShsOut": 473000000,
    "weightedAverageShsOutDil": 486000000,
    "link": "https://www.sec.gov/Archives/edgar/data/1041061/000104106111000017/0001041061-11-000017-index.htm",
    "finalLink": "https://www.sec.gov/Archives/edgar/data/1041061/000104106111000017/form10q032011.htm"
  },
  {
    "date": "2010-12-25",
    "symbol": "YUM",
    "reportedCurrency": "USD",
    "cik": "0001041061",
    "fillingDate": "2011-02-15",
    "acceptedDate": "2011-02-15 15:16:03",
    "calendarYear": "2010",
    "period": "Q4",
    "revenue": 3562000000,
    "costOfRevenue": 2632000000,
    "grossProfit": 930000000,
    "grossProfitRatio": 0.2610892757,
    "researchAndDevelopmentExpenses": 0,
    "generalAndAdministrativeExpenses": 0,
    "sellingAndMarketingExpenses": -104000000,
    "sellingGeneralAndAdministrativeExpenses": 464000000,
    "otherExpenses": 26000000,
    "operatingExpenses": 490000000,
    "costAndExpenses": 3122000000,
    "interestIncome": 8000000,
    "interestExpense": 62000000,
    "depreciationAndAmortization": 206000000,
    "ebitda": 654000000,
    "ebitdaratio": 0.1836047165,
    "operatingIncome": 440000000,
    "operatingIncomeRatio": 0.1235261089,
    "totalOtherIncomeExpensesNet": -54000000,
    "incomeBeforeTax": 386000000,
    "incomeBeforeTaxRatio": 0.1083660865,
    "incomeTaxExpense": 109000000,
    "netIncome": 274000000,
    "netIncomeRatio": 0.0769230769,
    "eps": 0.58,
    "epsdiluted": 0.56,
    "weightedAverageShsOut": 473000000,
    "weightedAverageShsOutDil": 486000000,
    "link": "https://www.sec.gov/Archives/edgar/data/1041061/000104106111000009/0001041061-11-000009-index.htm",
    "finalLink": "https://www.sec.gov/Archives/edgar/data/1041061/000104106111000009/form_10k122510.htm"
  },
  {
    "date": "2010-09-04",
    "symbol": "YUM",
    "reportedCurrency": "USD",
    "cik": "0001041061",
    "fillingDate": "2010-10-12",
    "acceptedDate": "2010-10-12 15:39:26",
    "calendarYear": "2010",
    "period": "Q3",
    "revenue": 2862000000,
    "costOfRevenue": 2017000000,
    "grossProfit": 845000000,
    "grossProfitRatio": 0.2952480783,
    "researchAndDevelopmentExpenses": 0,
    "generalAndAdministrativeExpenses": 285000000,
    "sellingAndMarketingExpenses": 24000000,
    "sellingGeneralAndAdministrativeExpenses": 285000000,
    "otherExpenses": -8000000,
    "operatingExpenses": 277000000,
    "costAndExpenses": 2318000000,
    "interestIncome": 6000000,
    "interestExpense": 44000000,
    "depreciationAndAmortization": 127000000,
    "ebitda": 677000000,
    "ebitdaratio": 0.2365478686,
    "operatingIncome": 544000000,
    "operatingIncomeRatio": 0.1900768693,
    "totalOtherIncomeExpensesNet": -38000000,
    "incomeBeforeTax": 506000000,
    "incomeBeforeTaxRatio": 0.176799441,
    "incomeTaxExpense": 139000000,
    "netIncome": 357000000,
    "netIncomeRatio": 0.1247379455,
    "eps": 0.76,
    "epsdiluted": 0.74,
    "weightedAverageShsOut": 473000000,
    "weightedAverageShsOutDil": 484000000,
    "link": "https://www.sec.gov/Archives/edgar/data/1041061/000104106110000047/0001041061-10-000047-index.htm",
    "finalLink": "https://www.sec.gov/Archives/edgar/data/1041061/000104106110000047/form_10q090410.htm"
  },
  {
    "date": "2010-06-12",
    "symbol": "YUM",
    "reportedCurrency": "USD",
    "cik": "0001041061",
    "fillingDate": "2010-07-20",
    "acceptedDate": "2010-07-20 12:16:35",
    "calendarYear": "2010",
    "period": "Q2",
    "revenue": 2574000000,
    "costOfRevenue": 1878000000,
    "grossProfit": 696000000,
    "grossProfitRatio": 0.2703962704,
    "researchAndDevelopmentExpenses": 0,
    "generalAndAdministrativeExpenses": 283000000,
    "sellingAndMarketingExpenses": 0,
    "sellingGeneralAndAdministrativeExpenses": 283000000,
    "otherExpenses": -8000000,
    "operatingExpenses": 275000000,
    "costAndExpenses": 2153000000,
    "interestIncome": 3000000,
    "interestExpense": 45000000,
    "depreciationAndAmortization": 137000000,
    "ebitda": 561000000,
    "ebitdaratio": 0.2179487179,
    "operatingIncome": 421000000,
    "operatingIncomeRatio": 0.1635586636,
    "totalOtherIncomeExpensesNet": -42000000,
    "incomeBeforeTax": 379000000,
    "incomeBeforeTaxRatio": 0.1472416472,
    "incomeTaxExpense": 90000000,
    "netIncome": 286000000,
    "netIncomeRatio": 0.1111111111,
    "eps": 0.61,
    "epsdiluted": 0.59,
    "weightedAverageShsOut": 473000000,
    "weightedAverageShsOutDil": 485000000,
    "link": "https://www.sec.gov/Archives/edgar/data/1041061/000104106110000035/0001041061-10-000035-index.htm",
    "finalLink": "https://www.sec.gov/Archives/edgar/data/1041061/000104106110000035/form_10q061210.htm"
  },
  {
    "date": "2010-03-20",
    "symbol": "YUM",
    "reportedCurrency": "USD",
    "cik": "0001041061",
    "fillingDate": "2010-04-21",
    "acceptedDate": "2010-04-21 17:21:02",
    "calendarYear": "2010",
    "period": "Q1",
    "revenue": 2345000000,
    "costOfRevenue": 1679000000,
    "grossProfit": 666000000,
    "grossProfitRatio": 0.2840085288,
    "researchAndDevelopmentExpenses": 0,
    "generalAndAdministrativeExpenses": 0,
    "sellingAndMarketingExpenses": 0,
    "sellingGeneralAndAdministrativeExpenses": 268000000,
    "otherExpenses": 57000000,
    "operatingExpenses": 325000000,
    "costAndExpenses": 1981000000,
    "interestIncome": 3000000,
    "interestExpense": 44000000,
    "depreciationAndAmortization": 119000000,
    "ebitda": 486000000,
    "ebitdaratio": 0.207249467,
    "operatingIncome": 364000000,
    "operatingIncomeRatio": 0.1552238806,
    "totalOtherIncomeExpensesNet": -41000000,
    "incomeBeforeTax": 323000000,
    "incomeBeforeTaxRatio": 0.1377398721,
    "incomeTaxExpense": 78000000,
    "netIncome": 241000000,
    "netIncomeRatio": 0.102771855,
    "eps": 0.51,
    "epsdiluted": 0.5,
    "weightedAverageShsOut": 474000000,
    "weightedAverageShsOutDil": 485000000,
    "link": "https://www.sec.gov/Archives/edgar/data/1041061/000104106110000023/0001041061-10-000023-index.htm",
    "finalLink": "https://www.sec.gov/Archives/edgar/data/1041061/000104106110000023/form_10q032010.htm"
  },
  {
    "date": "2009-12-26",
    "symbol": "YUM",
    "reportedCurrency": "USD",
    "cik": "0001041061",
    "fillingDate": "2010-02-17",
    "acceptedDate": "2010-02-17 16:00:59",
    "calendarYear": "2009",
    "period": "Q4",
    "revenue": 3365000000,
    "costOfRevenue": 2533000000,
    "grossProfit": 832000000,
    "grossProfitRatio": 0.2472511144,
    "researchAndDevelopmentExpenses": 0,
    "generalAndAdministrativeExpenses": 0,
    "sellingAndMarketingExpenses": 0,
    "sellingGeneralAndAdministrativeExpenses": 512000000,
    "otherExpenses": -55000000,
    "operatingExpenses": 457000000,
    "costAndExpenses": 2990000000,
    "interestIncome": 7000000,
    "interestExpense": 63000000,
    "depreciationAndAmortization": 195000000,
    "ebitda": 577000000,
    "ebitdaratio": 0.1714710253,
    "operatingIncome": 375000000,
    "operatingIncomeRatio": 0.1114413076,
    "totalOtherIncomeExpensesNet": -56000000,
    "incomeBeforeTax": 319000000,
    "incomeBeforeTaxRatio": 0.0947994056,
    "incomeTaxExpense": 101000000,
    "netIncome": 216000000,
    "netIncomeRatio": 0.0641901932,
    "eps": 0.46,
    "epsdiluted": 0.45,
    "weightedAverageShsOut": 474000000,
    "weightedAverageShsOutDil": 485000000,
    "link": "https://www.sec.gov/Archives/edgar/data/1041061/000104106110000011/0001041061-10-000011-index.htm",
    "finalLink": "https://www.sec.gov/Archives/edgar/data/1041061/000104106110000011/form_10k122609.htm"
  },
  {
    "date": "2009-09-05",
    "symbol": "YUM",
    "reportedCurrency": "USD",
    "cik": "0001041061",
    "fillingDate": "2009-10-13",
    "acceptedDate": "2009-10-13 14:14:29",
    "calendarYear": "2009",
    "period": "Q3",
    "revenue": 2778000000,
    "costOfRevenue": 2036000000,
    "grossProfit": 742000000,
    "grossProfitRatio": 0.2670986321,
    "researchAndDevelopmentExpenses": 0,
    "generalAndAdministrativeExpenses": 276000000,
    "sellingAndMarketingExpenses": 0,
    "sellingGeneralAndAdministrativeExpenses": 276000000,
    "otherExpenses": -4000000,
    "operatingExpenses": 272000000,
    "costAndExpenses": 2308000000,
    "interestIncome": 3000000,
    "interestExpense": 45000000,
    "depreciationAndAmortization": 139000000,
    "ebitda": 613000000,
    "ebitdaratio": 0.220662347,
    "operatingIncome": 470000000,
    "operatingIncomeRatio": 0.1691864651,
    "totalOtherIncomeExpensesNet": -42000000,
    "incomeBeforeTax": 428000000,
    "incomeBeforeTaxRatio": 0.1540676746,
    "incomeTaxExpense": 88000000,
    "netIncome": 334000000,
    "netIncomeRatio": 0.1202303816,
    "eps": 0.71,
    "epsdiluted": 0.69,
    "weightedAverageShsOut": 472000000,
    "weightedAverageShsOutDil": 485000000,
    "link": "https://www.sec.gov/Archives/edgar/data/1041061/000104106109000240/0001041061-09-000240-index.htm",
    "finalLink": "https://www.sec.gov/Archives/edgar/data/1041061/000104106109000240/form_10q090509.htm"
  },
  {
    "date": "2009-06-30",
    "symbol": "YUM",
    "reportedCurrency": "USD",
    "cik": "0001041061",
    "fillingDate": "2009-07-21",
    "acceptedDate": "2009-07-21 14:04:40",
    "calendarYear": "2009",
    "period": "Q2",
    "revenue": 2476000000,
    "costOfRevenue": 1853000000,
    "grossProfit": 623000000,
    "grossProfitRatio": 0.2516155089,
    "researchAndDevelopmentExpenses": 0,
    "generalAndAdministrativeExpenses": 281000000,
    "sellingAndMarketingExpenses": 0,
    "sellingGeneralAndAdministrativeExpenses": 281000000,
    "otherExpenses": -52000000,
    "operatingExpenses": 229000000,
    "costAndExpenses": 2082000000,
    "interestIncome": 4000000,
    "interestExpense": 47000000,
    "depreciationAndAmortization": 129000000,
    "ebitda": 527000000,
    "ebitdaratio": 0.2128432956,
    "operatingIncome": 394000000,
    "operatingIncomeRatio": 0.1591276252,
    "totalOtherIncomeExpensesNet": -43000000,
    "incomeBeforeTax": 351000000,
    "incomeBeforeTaxRatio": 0.1417609047,
    "incomeTaxExpense": 45000000,
    "netIncome": 303000000,
    "netIncomeRatio": 0.1223747981,
    "eps": 0.65,
    "epsdiluted": 0.63,
    "weightedAverageShsOut": 470000000,
    "weightedAverageShsOutDil": 483000000,
    "link": "https://www.sec.gov/Archives/edgar/data/1041061/000104106109000192/0001041061-09-000192-index.html",
    "finalLink": "https://www.sec.gov/Archives/edgar/data/1041061/000104106109000192/form_10q072109.htm"
  },
  {
    "date": "2009-03-21",
    "symbol": "YUM",
    "reportedCurrency": "USD",
    "cik": "0001041061",
    "fillingDate": "2009-04-28",
    "acceptedDate": "2009-04-28 15:07:39",
    "calendarYear": "2009",
    "period": "Q1",
    "revenue": 2217000000,
    "costOfRevenue": 1610000000,
    "grossProfit": 607000000,
    "grossProfitRatio": 0.2737934145,
    "researchAndDevelopmentExpenses": 0,
    "generalAndAdministrativeExpenses": 0,
    "sellingAndMarketingExpenses": 0,
    "sellingGeneralAndAdministrativeExpenses": 255000000,
    "otherExpenses": -19000000,
    "operatingExpenses": 236000000,
    "costAndExpenses": 1866000000,
    "interestIncome": 4000000,
    "interestExpense": 57000000,
    "depreciationAndAmortization": 117000000,
    "ebitda": 472000000,
    "ebitdaratio": 0.2129003157,
    "operatingIncome": 351000000,
    "operatingIncomeRatio": 0.1583220568,
    "totalOtherIncomeExpensesNet": -53000000,
    "incomeBeforeTax": 298000000,
    "incomeBeforeTaxRatio": 0.1344158773,
    "incomeTaxExpense": 79000000,
    "netIncome": 218000000,
    "netIncomeRatio": 0.098331078,
    "eps": 0.47,
    "epsdiluted": 0.46,
    "weightedAverageShsOut": 466000000,
    "weightedAverageShsOutDil": 479000000,
    "link": "https://www.sec.gov/Archives/edgar/data/1041061/000104106109000143/0001041061-09-000143-index.htm",
    "finalLink": "https://www.sec.gov/Archives/edgar/data/1041061/000104106109000143/form_10q032109.htm"
  },
  {
    "date": "2008-12-27",
    "symbol": "YUM",
    "reportedCurrency": "USD",
    "cik": "0001041061",
    "fillingDate": "2009-02-23",
    "acceptedDate": "2009-02-23 17:27:29",
    "calendarYear": "2008",
    "period": "Q4",
    "revenue": 3383000000,
    "costOfRevenue": 2617000000,
    "grossProfit": 766000000,
    "grossProfitRatio": 0.2264262489,
    "researchAndDevelopmentExpenses": 0,
    "generalAndAdministrativeExpenses": 0,
    "sellingAndMarketingExpenses": 0,
    "sellingGeneralAndAdministrativeExpenses": 399000000,
    "otherExpenses": 7000000,
    "operatingExpenses": 406000000,
    "costAndExpenses": 3023000000,
    "interestIncome": 8000000,
    "interestExpense": 82000000,
    "depreciationAndAmortization": 167000000,
    "ebitda": 545000000,
    "ebitdaratio": 0.1610996157,
    "operatingIncome": 360000000,
    "operatingIncomeRatio": 0.1064144251,
    "totalOtherIncomeExpensesNet": -74000000,
    "incomeBeforeTax": 286000000,
    "incomeBeforeTaxRatio": 0.0845403488,
    "incomeTaxExpense": 82000000,
    "netIncome": 204000000,
    "netIncomeRatio": 0.0603015075,
    "eps": 0.44,
    "epsdiluted": 0.43,
    "weightedAverageShsOut": 466000000,
    "weightedAverageShsOutDil": 479000000,
    "link": "https://www.sec.gov/Archives/edgar/data/1041061/000104106109000077/0001041061-09-000077-index.htm",
    "finalLink": "https://www.sec.gov/Archives/edgar/data/1041061/000104106109000077/form_10-k22309.htm"
  },
  {
    "date": "2008-09-06",
    "symbol": "YUM",
    "reportedCurrency": "USD",
    "cik": "0001041061",
    "fillingDate": "2008-10-14",
    "acceptedDate": "2008-10-14 17:05:06",
    "calendarYear": "2008",
    "period": "Q3",
    "revenue": 2835000000,
    "costOfRevenue": 2124000000,
    "grossProfit": 711000000,
    "grossProfitRatio": 0.2507936508,
    "researchAndDevelopmentExpenses": 0,
    "generalAndAdministrativeExpenses": 0,
    "sellingAndMarketingExpenses": 0,
    "sellingGeneralAndAdministrativeExpenses": 305000000,
    "otherExpenses": -23000000,
    "operatingExpenses": 282000000,
    "costAndExpenses": 2431000000,
    "interestIncome": 6000000,
    "interestExpense": 53000000,
    "depreciationAndAmortization": 139000000,
    "ebitda": 556000000,
    "ebitdaratio": 0.1961199295,
    "operatingIncome": 411000000,
    "operatingIncomeRatio": 0.144973545,
    "totalOtherIncomeExpensesNet": -47000000,
    "incomeBeforeTax": 360000000,
    "incomeBeforeTaxRatio": 0.126984127,
    "incomeTaxExpense": 79000000,
    "netIncome": 282000000,
    "netIncomeRatio": 0.0994708995,
    "eps": 0.6,
    "epsdiluted": 0.58,
    "weightedAverageShsOut": 470000000,
    "weightedAverageShsOutDil": 487000000,
    "link": "https://www.sec.gov/Archives/edgar/data/1041061/000104106108000224/0001041061-08-000224-index.htm",
    "finalLink": "https://www.sec.gov/Archives/edgar/data/1041061/000104106108000224/form_10q101408.htm"
  },
  {
    "date": "2008-06-30",
    "symbol": "YUM",
    "reportedCurrency": "USD",
    "cik": "0001041061",
    "fillingDate": "2008-06-30",
    "acceptedDate": "2008-06-29 20:00:00",
    "calendarYear": "2008",
    "period": "Q2",
    "revenue": 2653000000,
    "costOfRevenue": 2025000000,
    "grossProfit": 628000000,
    "grossProfitRatio": 0.2367131549,
    "researchAndDevelopmentExpenses": 0,
    "generalAndAdministrativeExpenses": 0,
    "sellingAndMarketingExpenses": 0,
    "sellingGeneralAndAdministrativeExpenses": 336000000,
    "otherExpenses": -6000000,
    "operatingExpenses": 330000000,
    "costAndExpenses": 2342000000,
    "interestIncome": 7000000,
    "interestExpense": 59000000,
    "depreciationAndAmortization": 130000000,
    "ebitda": 454000000,
    "ebitdaratio": 0.171127026,
    "operatingIncome": 317000000,
    "operatingIncomeRatio": 0.1194873728,
    "totalOtherIncomeExpensesNet": -52000000,
    "incomeBeforeTax": 263000000,
    "incomeBeforeTaxRatio": 0.0991330569,
    "incomeTaxExpense": 40000000,
    "netIncome": 224000000,
    "netIncomeRatio": 0.0844327177,
    "eps": 0.47,
    "epsdiluted": 0.45,
    "weightedAverageShsOut": 480000000,
    "weightedAverageShsOutDil": 497777778,
    "link": "",
    "finalLink": ""
  },
  {
    "date": "2008-03-22",
    "symbol": "YUM",
    "reportedCurrency": "USD",
    "cik": "0001041061",
    "fillingDate": "2008-04-29",
    "acceptedDate": "2008-04-29 15:29:01",
    "calendarYear": "2008",
    "period": "Q1",
    "revenue": 2408000000,
    "costOfRevenue": 1253000000,
    "grossProfit": 1155000000,
    "grossProfitRatio": 0.4796511628,
    "researchAndDevelopmentExpenses": 0,
    "generalAndAdministrativeExpenses": 0,
    "sellingAndMarketingExpenses": 0,
    "sellingGeneralAndAdministrativeExpenses": 295000000,
    "otherExpenses": -94000000,
    "operatingExpenses": 201000000,
    "costAndExpenses": 1987000000,
    "interestIncome": 6000000,
    "interestExpense": 59000000,
    "depreciationAndAmortization": 120000000,
    "ebitda": 552000000,
    "ebitdaratio": 0.2292358804,
    "operatingIncome": 426000000,
    "operatingIncomeRatio": 0.176910299,
    "totalOtherIncomeExpensesNet": -53000000,
    "incomeBeforeTax": 373000000,
    "incomeBeforeTaxRatio": 0.1549003322,
    "incomeTaxExpense": 117000000,
    "netIncome": 254000000,
    "netIncomeRatio": 0.1054817276,
    "eps": 0.52,
    "epsdiluted": 0.5,
    "weightedAverageShsOut": 486000000,
    "weightedAverageShsOutDil": 504000000,
    "link": "https://www.sec.gov/Archives/edgar/data/1041061/000104106108000156/0001041061-08-000156-index.htm",
    "finalLink": "https://www.sec.gov/Archives/edgar/data/1041061/000104106108000156/form10q.htm"
  },
  {
    "date": "2008-01-28",
    "symbol": "YUM",
    "reportedCurrency": "USD",
    "cik": "0001041061",
    "fillingDate": "2008-02-25",
    "acceptedDate": "2008-02-25 17:06:11",
    "calendarYear": "2007",
    "period": "Q4",
    "revenue": 3262000000,
    "costOfRevenue": 2506000000,
    "grossProfit": 756000000,
    "grossProfitRatio": 0.2317596567,
    "researchAndDevelopmentExpenses": 0,
    "generalAndAdministrativeExpenses": 0,
    "sellingAndMarketingExpenses": 0,
    "sellingGeneralAndAdministrativeExpenses": 433000000,
    "otherExpenses": -7000000,
    "operatingExpenses": 426000000,
    "costAndExpenses": 2932000000,
    "interestIncome": 0,
    "interestExpense": 166000000,
    "depreciationAndAmortization": 180000000,
    "ebitda": 522000000,
    "ebitdaratio": 0.1600245248,
    "operatingIncome": 330000000,
    "operatingIncomeRatio": 0.1011649295,
    "totalOtherIncomeExpensesNet": -54000000,
    "incomeBeforeTax": 276000000,
    "incomeBeforeTaxRatio": 0.0846106683,
    "incomeTaxExpense": 45000000,
    "netIncome": 231000000,
    "netIncomeRatio": 0.0708154506,
    "eps": 0.48,
    "epsdiluted": 0.46,
    "weightedAverageShsOut": 486000000,
    "weightedAverageShsOutDil": 504000000,
    "link": "https://www.sec.gov/Archives/edgar/data/1041061/000104106108000092/0001041061-08-000092-index.htm",
    "finalLink": "https://www.sec.gov/Archives/edgar/data/1041061/000104106108000092/form10k.htm"
  },
  {
    "date": "2007-09-30",
    "symbol": "YUM",
    "reportedCurrency": "USD",
    "cik": "0001041061",
    "fillingDate": "2007-10-16",
    "acceptedDate": "2007-10-16 08:58:44",
    "calendarYear": "2007",
    "period": "Q3",
    "revenue": 2564000000,
    "costOfRevenue": 1890000000,
    "grossProfit": 674000000,
    "grossProfitRatio": 0.2628705148,
    "researchAndDevelopmentExpenses": 0,
    "generalAndAdministrativeExpenses": 0,
    "sellingAndMarketingExpenses": 0,
    "sellingGeneralAndAdministrativeExpenses": 294000000,
    "otherExpenses": -21000000,
    "operatingExpenses": 273000000,
    "costAndExpenses": 2163000000,
    "interestIncome": 0,
    "interestExpense": 0,
    "depreciationAndAmortization": 129000000,
    "ebitda": 529000000,
    "ebitdaratio": 0.2063182527,
    "operatingIncome": 401000000,
    "operatingIncomeRatio": 0.1563962559,
    "totalOtherIncomeExpensesNet": -38000000,
    "incomeBeforeTax": 363000000,
    "incomeBeforeTaxRatio": 0.141575663,
    "incomeTaxExpense": 93000000,
    "netIncome": 270000000,
    "netIncomeRatio": 0.1053042122,
    "eps": 0.52,
    "epsdiluted": 0.5,
    "weightedAverageShsOut": 519230769,
    "weightedAverageShsOutDil": 540000000,
    "link": "https://www.sec.gov/Archives/edgar/data/1041061/000104106107000282/0001041061-07-000282-index.html",
    "finalLink": "https://www.sec.gov/Archives/edgar/data/1041061/000104106107000282/form10q101507.htm"
  },
  {
    "date": "2007-06-16",
    "symbol": "YUM",
    "reportedCurrency": "USD",
    "cik": "0001041061",
    "fillingDate": "2007-07-20",
    "acceptedDate": "2007-07-20 14:23:16",
    "calendarYear": "2007",
    "period": "Q2",
    "revenue": 2367000000,
    "costOfRevenue": 1773000000,
    "grossProfit": 594000000,
    "grossProfitRatio": 0.2509505703,
    "researchAndDevelopmentExpenses": 0,
    "generalAndAdministrativeExpenses": 0,
    "sellingAndMarketingExpenses": 0,
    "sellingGeneralAndAdministrativeExpenses": 287000000,
    "otherExpenses": -3000000,
    "operatingExpenses": 284000000,
    "costAndExpenses": 2057000000,
    "interestIncome": 0,
    "interestExpense": 0,
    "depreciationAndAmortization": 121000000,
    "ebitda": 440000000,
    "ebitdaratio": 0.1858893114,
    "operatingIncome": 310000000,
    "operatingIncomeRatio": 0.1309674694,
    "totalOtherIncomeExpensesNet": -38000000,
    "incomeBeforeTax": 272000000,
    "incomeBeforeTaxRatio": 0.1149133925,
    "incomeTaxExpense": 58000000,
    "netIncome": 214000000,
    "netIncomeRatio": 0.0904098014,
    "eps": 0.41,
    "epsdiluted": 0.39,
    "weightedAverageShsOut": 521951220,
    "weightedAverageShsOutDil": 548717949,
    "link": "https://www.sec.gov/Archives/edgar/data/1041061/000104106107000233/0001041061-07-000233-index.htm",
    "finalLink": "https://www.sec.gov/Archives/edgar/data/1041061/000104106107000233/form10q071907l.htm"
  },
  {
    "date": "2007-03-31",
    "symbol": "YUM",
    "reportedCurrency": "USD",
    "cik": "0001041061",
    "fillingDate": "2007-05-03",
    "acceptedDate": "2007-05-03 13:48:57",
    "calendarYear": "2007",
    "period": "Q1",
    "revenue": 2223000000,
    "costOfRevenue": 1140000000,
    "grossProfit": 1083000000,
    "grossProfitRatio": 0.4871794872,
    "researchAndDevelopmentExpenses": 0,
    "generalAndAdministrativeExpenses": 0,
    "sellingAndMarketingExpenses": 0,
    "sellingGeneralAndAdministrativeExpenses": 784000000,
    "otherExpenses": -17000000,
    "operatingExpenses": 767000000,
    "costAndExpenses": 1907000000,
    "interestIncome": 0,
    "interestExpense": 0,
    "depreciationAndAmortization": 112000000,
    "ebitda": 432000000,
    "ebitdaratio": 0.1943319838,
    "operatingIncome": 316000000,
    "operatingIncomeRatio": 0.1421502474,
    "totalOtherIncomeExpensesNet": -36000000,
    "incomeBeforeTax": 280000000,
    "incomeBeforeTaxRatio": 0.1259559154,
    "incomeTaxExpense": 86000000,
    "netIncome": 194000000,
    "netIncomeRatio": 0.0872694557,
    "eps": 0.36,
    "epsdiluted": 0.35,
    "weightedAverageShsOut": 533000000,
    "weightedAverageShsOutDil": 551000000,
    "link": "https://www.sec.gov/Archives/edgar/data/1041061/000104106107000186/0001041061-07-000186-index.html",
    "finalLink": "https://www.sec.gov/Archives/edgar/data/1041061/000104106107000186/form10q050307.htm"
  },
  {
    "date": "2006-12-31",
    "symbol": "YUM",
    "reportedCurrency": "USD",
    "cik": "0001041061",
    "fillingDate": "2007-02-28",
    "acceptedDate": "2007-02-28 12:06:08",
    "calendarYear": "2006",
    "period": "Q4",
    "revenue": 3016000000,
    "costOfRevenue": 3741000000,
    "grossProfit": -725000000,
    "grossProfitRatio": -0.2403846154,
    "researchAndDevelopmentExpenses": 0,
    "generalAndAdministrativeExpenses": 0,
    "sellingAndMarketingExpenses": 0,
    "sellingGeneralAndAdministrativeExpenses": -1052000000,
    "otherExpenses": -2000000,
    "operatingExpenses": -1054000000,
    "costAndExpenses": 2687000000,
    "interestIncome": 0,
    "interestExpense": 0,
    "depreciationAndAmortization": 160000000,
    "ebitda": 523000000,
    "ebitdaratio": 0.1734084881,
    "operatingIncome": 329000000,
    "operatingIncomeRatio": 0.1090848806,
    "totalOtherIncomeExpensesNet": -49000000,
    "incomeBeforeTax": 280000000,
    "incomeBeforeTaxRatio": 0.0928381963,
    "incomeTaxExpense": 48000000,
    "netIncome": 232000000,
    "netIncomeRatio": 0.0769230769,
    "eps": 0.44,
    "epsdiluted": 0.42,
    "weightedAverageShsOut": 532000000,
    "weightedAverageShsOutDil": 550000000,
    "link": "https://www.sec.gov/Archives/edgar/data/1041061/000104106107000140/0001041061-07-000140-index.htm",
    "finalLink": "https://www.sec.gov/Archives/edgar/data/1041061/000104106107000140/form10k06.htm"
  },
  {
    "date": "2006-09-09",
    "symbol": "YUM",
    "reportedCurrency": "USD",
    "cik": "0001041061",
    "fillingDate": "2006-10-18",
    "acceptedDate": "2006-10-17 18:50:53",
    "calendarYear": "2006",
    "period": "Q3",
    "revenue": 2278000000,
    "costOfRevenue": 1176000000,
    "grossProfit": 1102000000,
    "grossProfitRatio": 0.4837576822,
    "researchAndDevelopmentExpenses": 0,
    "generalAndAdministrativeExpenses": 0,
    "sellingAndMarketingExpenses": 0,
    "sellingGeneralAndAdministrativeExpenses": 282000000,
    "otherExpenses": -16000000,
    "operatingExpenses": 266000000,
    "costAndExpenses": 1934000000,
    "interestIncome": 0,
    "interestExpense": 0,
    "depreciationAndAmortization": 109000000,
    "ebitda": 454000000,
    "ebitdaratio": 0.1992976295,
    "operatingIncome": 344000000,
    "operatingIncomeRatio": 0.1510096576,
    "totalOtherIncomeExpensesNet": -34000000,
    "incomeBeforeTax": 310000000,
    "incomeBeforeTaxRatio": 0.1360842845,
    "incomeTaxExpense": 80000000,
    "netIncome": 230000000,
    "netIncomeRatio": 0.1009657594,
    "eps": 0.43,
    "epsdiluted": 0.42,
    "weightedAverageShsOut": 534883721,
    "weightedAverageShsOutDil": 547619048,
    "link": "https://www.sec.gov/Archives/edgar/data/1041061/000104106106000207/0001041061-06-000207-index.htm",
    "finalLink": "https://www.sec.gov/Archives/edgar/data/1041061/000104106106000207/q30610q.htm"
  },
  {
    "date": "2006-06-30",
    "symbol": "YUM",
    "reportedCurrency": "USD",
    "cik": "0001041061",
    "fillingDate": "2006-06-30",
    "acceptedDate": "2006-06-29 20:00:00",
    "calendarYear": "2006",
    "period": "Q2",
    "revenue": 2182000000,
    "costOfRevenue": 1119000000,
    "grossProfit": 1063000000,
    "grossProfitRatio": 0.487167736,
    "researchAndDevelopmentExpenses": 0,
    "generalAndAdministrativeExpenses": 0,
    "sellingAndMarketingExpenses": 0,
    "sellingGeneralAndAdministrativeExpenses": 765000000,
    "otherExpenses": -9000000,
    "operatingExpenses": 756000000,
    "costAndExpenses": 1875000000,
    "interestIncome": 0,
    "interestExpense": 0,
    "depreciationAndAmortization": 111000000,
    "ebitda": 436000000,
    "ebitdaratio": 0.1998166819,
    "operatingIncome": 307000000,
    "operatingIncomeRatio": 0.1406966086,
    "totalOtherIncomeExpensesNet": -36000000,
    "incomeBeforeTax": 271000000,
    "incomeBeforeTaxRatio": 0.1241979835,
    "incomeTaxExpense": 79000000,
    "netIncome": 192000000,
    "netIncomeRatio": 0.0879926673,
    "eps": 0.35,
    "epsdiluted": 0.34,
    "weightedAverageShsOut": 548571429,
    "weightedAverageShsOutDil": 564705882,
    "link": "",
    "finalLink": ""
  },
  {
    "date": "2006-03-31",
    "symbol": "YUM",
    "reportedCurrency": "USD",
    "cik": "0001041061",
    "fillingDate": "2006-04-03",
    "acceptedDate": "2006-04-03 08:48:34",
    "calendarYear": "2006",
    "period": "Q1",
    "revenue": 2085000000,
    "costOfRevenue": 1058000000,
    "grossProfit": 1027000000,
    "grossProfitRatio": 0.4925659472,
    "researchAndDevelopmentExpenses": 0,
    "generalAndAdministrativeExpenses": 0,
    "sellingAndMarketingExpenses": 0,
    "sellingGeneralAndAdministrativeExpenses": 739000000,
    "otherExpenses": 6000000,
    "operatingExpenses": 745000000,
    "costAndExpenses": 1803000000,
    "interestIncome": 0,
    "interestExpense": 127000000,
    "depreciationAndAmortization": 99000000,
    "ebitda": 387000000,
    "ebitdaratio": 0.1856115108,
    "operatingIncome": 282000000,
    "operatingIncomeRatio": 0.1352517986,
    "totalOtherIncomeExpensesNet": -35000000,
    "incomeBeforeTax": 247000000,
    "incomeBeforeTaxRatio": 0.1184652278,
    "incomeTaxExpense": 77000000,
    "netIncome": 170000000,
    "netIncomeRatio": 0.0815347722,
    "eps": 0.31,
    "epsdiluted": 0.3,
    "weightedAverageShsOut": 552000000,
    "weightedAverageShsOutDil": 572000000,
    "link": "https://www.sec.gov/Archives/edgar/data/1041061/000104106106000117/0001041061-06-000117-index.htm",
    "finalLink": "https://www.sec.gov/Archives/edgar/data/1041061/000104106106000117/form10ka.htm"
  },
  {
    "date": "2005-12-31",
    "symbol": "YUM",
    "reportedCurrency": "USD",
    "cik": "0001041061",
    "fillingDate": "2005-12-31",
    "acceptedDate": "2005-12-30 19:00:00",
    "calendarYear": "2005",
    "period": "Q4",
    "revenue": 2899000000,
    "costOfRevenue": 2215000000,
    "grossProfit": 684000000,
    "grossProfitRatio": 0.2359434288,
    "researchAndDevelopmentExpenses": 0,
    "generalAndAdministrativeExpenses": 0,
    "sellingAndMarketingExpenses": 0,
    "sellingGeneralAndAdministrativeExpenses": 407000000,
    "otherExpenses": -16000000,
    "operatingExpenses": 391000000,
    "costAndExpenses": 2606000000,
    "interestIncome": 0,
    "interestExpense": 0,
    "depreciationAndAmortization": 150000000,
    "ebitda": 443000000,
    "ebitdaratio": 0.1528113142,
    "operatingIncome": 293000000,
    "operatingIncomeRatio": 0.1010693343,
    "totalOtherIncomeExpensesNet": -41000000,
    "incomeBeforeTax": 252000000,
    "incomeBeforeTaxRatio": 0.0869265264,
    "incomeTaxExpense": 52000000,
    "netIncome": 200000000,
    "netIncomeRatio": 0.0689893067,
    "eps": 0.36,
    "epsdiluted": 0.35,
    "weightedAverageShsOut": 552000000,
    "weightedAverageShsOutDil": 572000000,
    "link": "",
    "finalLink": ""
  },
  {
    "date": "2005-09-03",
    "symbol": "YUM",
    "reportedCurrency": "USD",
    "cik": "0001041061",
    "fillingDate": "2005-10-12",
    "acceptedDate": "2005-10-12 15:57:33",
    "calendarYear": "2005",
    "period": "Q3",
    "revenue": 2243000000,
    "costOfRevenue": 1698000000,
    "grossProfit": 545000000,
    "grossProfitRatio": 0.2429781543,
    "researchAndDevelopmentExpenses": 0,
    "generalAndAdministrativeExpenses": 0,
    "sellingAndMarketingExpenses": 0,
    "sellingGeneralAndAdministrativeExpenses": 777000000,
    "otherExpenses": -22000000,
    "operatingExpenses": 755000000,
    "costAndExpenses": 1935000000,
    "interestIncome": 0,
    "interestExpense": 0,
    "depreciationAndAmortization": 111000000,
    "ebitda": 436000000,
    "ebitdaratio": 0.1943825234,
    "operatingIncome": 308000000,
    "operatingIncomeRatio": 0.1373160945,
    "totalOtherIncomeExpensesNet": -28000000,
    "incomeBeforeTax": 280000000,
    "incomeBeforeTaxRatio": 0.1248328132,
    "incomeTaxExpense": 75000000,
    "netIncome": 205000000,
    "netIncomeRatio": 0.0913954525,
    "eps": 0.36,
    "epsdiluted": 0.35,
    "weightedAverageShsOut": 569444444,
    "weightedAverageShsOutDil": 594202899,
    "link": "https://www.sec.gov/Archives/edgar/data/1041061/000104106105000297/0001041061-05-000297-index.htm",
    "finalLink": "https://www.sec.gov/Archives/edgar/data/1041061/000104106105000297/form3q05.htm"
  },
  {
    "date": "2005-06-11",
    "symbol": "YUM",
    "reportedCurrency": "USD",
    "cik": "0001041061",
    "fillingDate": "2005-07-19",
    "acceptedDate": "2005-07-18 18:45:02",
    "calendarYear": "2005",
    "period": "Q2",
    "revenue": 2153000000,
    "costOfRevenue": 1130000000,
    "grossProfit": 1023000000,
    "grossProfitRatio": 0.4751509522,
    "researchAndDevelopmentExpenses": 0,
    "generalAndAdministrativeExpenses": 0,
    "sellingAndMarketingExpenses": 0,
    "sellingGeneralAndAdministrativeExpenses": 273000000,
    "otherExpenses": -21000000,
    "operatingExpenses": 252000000,
    "costAndExpenses": 1892000000,
    "interestIncome": 0,
    "interestExpense": 0,
    "depreciationAndAmortization": 111000000,
    "ebitda": 389000000,
    "ebitdaratio": 0.1806781235,
    "operatingIncome": 261000000,
    "operatingIncomeRatio": 0.121226196,
    "totalOtherIncomeExpensesNet": -30000000,
    "incomeBeforeTax": 231000000,
    "incomeBeforeTaxRatio": 0.1072921505,
    "incomeTaxExpense": 53000000,
    "netIncome": 178000000,
    "netIncomeRatio": 0.0826753367,
    "eps": 0.31,
    "epsdiluted": 0.3,
    "weightedAverageShsOut": 574193548,
    "weightedAverageShsOutDil": 603389831,
    "link": "https://www.sec.gov/Archives/edgar/data/1041061/000104106105000255/0001041061-05-000255-index.htm",
    "finalLink": "https://www.sec.gov/Archives/edgar/data/1041061/000104106105000255/form10q2q05.htm"
  },
  {
    "date": "2005-03-19",
    "symbol": "YUM",
    "reportedCurrency": "USD",
    "cik": "0001041061",
    "fillingDate": "2005-04-25",
    "acceptedDate": "2005-04-25 17:07:58",
    "calendarYear": "2005",
    "period": "Q1",
    "revenue": 2054000000,
    "costOfRevenue": 1065000000,
    "grossProfit": 989000000,
    "grossProfitRatio": 0.4814995131,
    "researchAndDevelopmentExpenses": 0,
    "generalAndAdministrativeExpenses": 0,
    "sellingAndMarketingExpenses": 0,
    "sellingGeneralAndAdministrativeExpenses": 247000000,
    "otherExpenses": -3000000,
    "operatingExpenses": 244000000,
    "costAndExpenses": 1803000000,
    "interestIncome": 0,
    "interestExpense": 0,
    "depreciationAndAmortization": 97000000,
    "ebitda": 359000000,
    "ebitdaratio": 0.1747809153,
    "operatingIncome": 251000000,
    "operatingIncomeRatio": 0.1222005842,
    "totalOtherIncomeExpensesNet": -28000000,
    "incomeBeforeTax": 223000000,
    "incomeBeforeTaxRatio": 0.1085686465,
    "incomeTaxExpense": 70000000,
    "netIncome": 153000000,
    "netIncomeRatio": 0.0744888023,
    "eps": 0.26,
    "epsdiluted": 0.25,
    "weightedAverageShsOut": 582000000,
    "weightedAverageShsOutDil": 608000000,
    "link": "https://www.sec.gov/Archives/edgar/data/1041061/000104106105000154/0001041061-05-000154-index.htm",
    "finalLink": "https://www.sec.gov/Archives/edgar/data/1041061/000104106105000154/form10q1q05.htm"
  },
  {
    "date": "2004-12-25",
    "symbol": "YUM",
    "reportedCurrency": "USD",
    "cik": "0001041061",
    "fillingDate": "2005-02-28",
    "acceptedDate": "2005-02-28 16:37:41",
    "calendarYear": "2004",
    "period": "Q4",
    "revenue": 2785000000,
    "costOfRevenue": 1484000000,
    "grossProfit": 1301000000,
    "grossProfitRatio": 0.4671454219,
    "researchAndDevelopmentExpenses": 0,
    "generalAndAdministrativeExpenses": 0,
    "sellingAndMarketingExpenses": 0,
    "sellingGeneralAndAdministrativeExpenses": 991000000,
    "otherExpenses": -36000000,
    "operatingExpenses": 955000000,
    "costAndExpenses": 2439000000,
    "interestIncome": 0,
    "interestExpense": 173000000,
    "depreciationAndAmortization": 146000000,
    "ebitda": 492000000,
    "ebitdaratio": 0.1766606822,
    "operatingIncome": 346000000,
    "operatingIncomeRatio": 0.1242369838,
    "totalOtherIncomeExpensesNet": -33000000,
    "incomeBeforeTax": 313000000,
    "incomeBeforeTaxRatio": 0.1123877917,
    "incomeTaxExpense": 78000000,
    "netIncome": 235000000,
    "netIncomeRatio": 0.0843806104,
    "eps": 0.4,
    "epsdiluted": 0.39,
    "weightedAverageShsOut": 582000000,
    "weightedAverageShsOutDil": 610000000,
    "link": "https://www.sec.gov/Archives/edgar/data/1041061/000104106105000102/0001041061-05-000102-index.htm",
    "finalLink": "https://www.sec.gov/Archives/edgar/data/1041061/000104106105000102/finalform10k.htm"
  },
  {
    "date": "2004-09-04",
    "symbol": "YUM",
    "reportedCurrency": "USD",
    "cik": "0001041061",
    "fillingDate": "2004-10-12",
    "acceptedDate": "2004-10-12 08:01:42",
    "calendarYear": "2004",
    "period": "Q3",
    "revenue": 2179000000,
    "costOfRevenue": 1143000000,
    "grossProfit": 1036000000,
    "grossProfitRatio": 0.475447453,
    "researchAndDevelopmentExpenses": 0,
    "generalAndAdministrativeExpenses": 0,
    "sellingAndMarketingExpenses": 0,
    "sellingGeneralAndAdministrativeExpenses": 250000000,
    "otherExpenses": -13000000,
    "operatingExpenses": 237000000,
    "costAndExpenses": 1888000000,
    "interestIncome": 0,
    "interestExpense": 0,
    "depreciationAndAmortization": 107000000,
    "ebitda": 398000000,
    "ebitdaratio": 0.1826525929,
    "operatingIncome": 291000000,
    "operatingIncomeRatio": 0.1335474989,
    "totalOtherIncomeExpensesNet": -29000000,
    "incomeBeforeTax": 262000000,
    "incomeBeforeTaxRatio": 0.1202386416,
    "incomeTaxExpense": 77000000,
    "netIncome": 185000000,
    "netIncomeRatio": 0.0849013309,
    "eps": 0.32,
    "epsdiluted": 0.31,
    "weightedAverageShsOut": 578125000,
    "weightedAverageShsOutDil": 606557377,
    "link": "https://www.sec.gov/Archives/edgar/data/1041061/000104106104000318/0001041061-04-000318-index.htm",
    "finalLink": "https://www.sec.gov/Archives/edgar/data/1041061/000104106104000318/form10q3q04.htm"
  },
  {
    "date": "2004-06-12",
    "symbol": "YUM",
    "reportedCurrency": "USD",
    "cik": "0001041061",
    "fillingDate": "2004-07-20",
    "acceptedDate": "2004-07-20 11:16:35",
    "calendarYear": "2004",
    "period": "Q2",
    "revenue": 2077000000,
    "costOfRevenue": 1083000000,
    "grossProfit": 994000000,
    "grossProfitRatio": 0.4785748676,
    "researchAndDevelopmentExpenses": 0,
    "generalAndAdministrativeExpenses": 0,
    "sellingAndMarketingExpenses": 0,
    "sellingGeneralAndAdministrativeExpenses": 743000000,
    "otherExpenses": -24000000,
    "operatingExpenses": 719000000,
    "costAndExpenses": 1802000000,
    "interestIncome": 0,
    "interestExpense": 0,
    "depreciationAndAmortization": 100000000,
    "ebitda": 375000000,
    "ebitdaratio": 0.1805488686,
    "operatingIncome": 275000000,
    "operatingIncomeRatio": 0.1324025036,
    "totalOtherIncomeExpensesNet": -32000000,
    "incomeBeforeTax": 243000000,
    "incomeBeforeTaxRatio": 0.1169956668,
    "incomeTaxExpense": 65000000,
    "netIncome": 178000000,
    "netIncomeRatio": 0.0857005296,
    "eps": 0.31,
    "epsdiluted": 0.29,
    "weightedAverageShsOut": 583606557,
    "weightedAverageShsOutDil": 613793103,
    "link": "https://www.sec.gov/Archives/edgar/data/1041061/000104106104000246/0001041061-04-000246-index.htm",
    "finalLink": "https://www.sec.gov/Archives/edgar/data/1041061/000104106104000246/form10q2q04.htm"
  },
  {
    "date": "2004-03-20",
    "symbol": "YUM",
    "reportedCurrency": "USD",
    "cik": "0001041061",
    "fillingDate": "2004-04-27",
    "acceptedDate": "2004-04-27 09:14:44",
    "calendarYear": "2004",
    "period": "Q1",
    "revenue": 1970000000,
    "costOfRevenue": 1011000000,
    "grossProfit": 959000000,
    "grossProfitRatio": 0.4868020305,
    "researchAndDevelopmentExpenses": 0,
    "generalAndAdministrativeExpenses": 0,
    "sellingAndMarketingExpenses": 0,
    "sellingGeneralAndAdministrativeExpenses": 728000000,
    "otherExpenses": -12000000,
    "operatingExpenses": 716000000,
    "costAndExpenses": 1727000000,
    "interestIncome": 0,
    "interestExpense": 0,
    "depreciationAndAmortization": 95000000,
    "ebitda": 338000000,
    "ebitdaratio": 0.1715736041,
    "operatingIncome": 243000000,
    "operatingIncomeRatio": 0.1233502538,
    "totalOtherIncomeExpensesNet": -35000000,
    "incomeBeforeTax": 208000000,
    "incomeBeforeTaxRatio": 0.1055837563,
    "incomeTaxExpense": 66000000,
    "netIncome": 142000000,
    "netIncomeRatio": 0.0720812183,
    "eps": 0.25,
    "epsdiluted": 0.24,
    "weightedAverageShsOut": 582000000,
    "weightedAverageShsOutDil": 610000000,
    "link": "https://www.sec.gov/Archives/edgar/data/1041061/000104106104000154/0001041061-04-000154-index.htm",
    "finalLink": "https://www.sec.gov/Archives/edgar/data/1041061/000104106104000154/form10q1q04.htm"
  },
  {
    "date": "2003-12-27",
    "symbol": "YUM",
    "reportedCurrency": "USD",
    "cik": "0001041061",
    "fillingDate": "2004-03-05",
    "acceptedDate": "2004-03-05 16:33:55",
    "calendarYear": "2003",
    "period": "Q4",
    "revenue": 2653000000,
    "costOfRevenue": 1400000000,
    "grossProfit": 1253000000,
    "grossProfitRatio": 0.4722955145,
    "researchAndDevelopmentExpenses": 0,
    "generalAndAdministrativeExpenses": 0,
    "sellingAndMarketingExpenses": 0,
    "sellingGeneralAndAdministrativeExpenses": 966000000,
    "otherExpenses": -66000000,
    "operatingExpenses": 900000000,
    "costAndExpenses": 2300000000,
    "interestIncome": 0,
    "interestExpense": 173000000,
    "depreciationAndAmortization": 128000000,
    "ebitda": 481000000,
    "ebitdaratio": 0.1813041839,
    "operatingIncome": 353000000,
    "operatingIncomeRatio": 0.1330569167,
    "totalOtherIncomeExpensesNet": -50000000,
    "incomeBeforeTax": 303000000,
    "incomeBeforeTaxRatio": 0.1142103279,
    "incomeTaxExpense": 89000000,
    "netIncome": 214000000,
    "netIncomeRatio": 0.0806633999,
    "eps": 0.37,
    "epsdiluted": 0.35,
    "weightedAverageShsOut": 582000000,
    "weightedAverageShsOutDil": 610000000,
    "link": "https://www.sec.gov/Archives/edgar/data/1041061/000104106104000122/0001041061-04-000122-index.htm",
    "finalLink": "https://www.sec.gov/Archives/edgar/data/1041061/000104106104000122/form10k03.htm"
  },
  {
    "date": "2003-10-06",
    "symbol": "YUM",
    "reportedCurrency": "USD",
    "cik": "0001041061",
    "fillingDate": "2003-10-17",
    "acceptedDate": "2003-10-17 13:51:59",
    "calendarYear": "2003",
    "period": "Q3",
    "revenue": 1989000000,
    "costOfRevenue": 1025000000,
    "grossProfit": 964000000,
    "grossProfitRatio": 0.4846656611,
    "researchAndDevelopmentExpenses": 0,
    "generalAndAdministrativeExpenses": 0,
    "sellingAndMarketingExpenses": 0,
    "sellingGeneralAndAdministrativeExpenses": 692000000,
    "otherExpenses": 3000000,
    "operatingExpenses": 695000000,
    "costAndExpenses": 1720000000,
    "interestIncome": 0,
    "interestExpense": 0,
    "depreciationAndAmortization": 92000000,
    "ebitda": 361000000,
    "ebitdaratio": 0.1814982403,
    "operatingIncome": 269000000,
    "operatingIncomeRatio": 0.1352438411,
    "totalOtherIncomeExpensesNet": -39000000,
    "incomeBeforeTax": 230000000,
    "incomeBeforeTaxRatio": 0.115635998,
    "incomeTaxExpense": 66000000,
    "netIncome": 164000000,
    "netIncomeRatio": 0.0824534942,
    "eps": 0.28,
    "epsdiluted": 0.27,
    "weightedAverageShsOut": 588000000,
    "weightedAverageShsOutDil": 614000000,
    "link": "https://www.sec.gov/Archives/edgar/data/1041061/000104106103000137/0001041061-03-000137-index.htm",
    "finalLink": "https://www.sec.gov/Archives/edgar/data/1041061/000104106103000137/form10q3q03.htm"
  },
  {
    "date": "2003-06-14",
    "symbol": "YUM",
    "reportedCurrency": "USD",
    "cik": "0001041061",
    "fillingDate": "2003-07-22",
    "acceptedDate": "2003-07-22 08:02:01",
    "calendarYear": "2003",
    "period": "Q2",
    "revenue": 1936000000,
    "costOfRevenue": 994000000,
    "grossProfit": 942000000,
    "grossProfitRatio": 0.4865702479,
    "researchAndDevelopmentExpenses": 0,
    "generalAndAdministrativeExpenses": 0,
    "sellingAndMarketingExpenses": 0,
    "sellingGeneralAndAdministrativeExpenses": 681000000,
    "otherExpenses": 41000000,
    "operatingExpenses": 722000000,
    "costAndExpenses": 1716000000,
    "interestIncome": 0,
    "interestExpense": 0,
    "depreciationAndAmortization": 94000000,
    "ebitda": 314000000,
    "ebitdaratio": 0.1621900826,
    "operatingIncome": 220000000,
    "operatingIncomeRatio": 0.1136363636,
    "totalOtherIncomeExpensesNet": -42000000,
    "incomeBeforeTax": 178000000,
    "incomeBeforeTaxRatio": 0.0919421488,
    "incomeTaxExpense": 56000000,
    "netIncome": 122000000,
    "netIncomeRatio": 0.0630165289,
    "eps": 0.21,
    "epsdiluted": 0.2,
    "weightedAverageShsOut": 586000000,
    "weightedAverageShsOutDil": 608000000,
    "link": "https://www.sec.gov/Archives/edgar/data/1041061/000104106103000064/0001041061-03-000064-index.htm",
    "finalLink": "https://www.sec.gov/Archives/edgar/data/1041061/000104106103000064/form10q2qo3.htm"
  },
  {
    "date": "2003-03-22",
    "symbol": "YUM",
    "reportedCurrency": "USD",
    "cik": "0001041061",
    "fillingDate": "2003-05-01",
    "acceptedDate": "2003-04-30 19:29:18",
    "calendarYear": "2003",
    "period": "Q1",
    "revenue": 1802000000,
    "costOfRevenue": 922000000,
    "grossProfit": 880000000,
    "grossProfitRatio": 0.4883462819,
    "researchAndDevelopmentExpenses": 0,
    "generalAndAdministrativeExpenses": 0,
    "sellingAndMarketingExpenses": 0,
    "sellingGeneralAndAdministrativeExpenses": 660000000,
    "otherExpenses": 3000000,
    "operatingExpenses": 663000000,
    "costAndExpenses": 1585000000,
    "interestIncome": 0,
    "interestExpense": 0,
    "depreciationAndAmortization": 87000000,
    "ebitda": 304000000,
    "ebitdaratio": 0.1687014428,
    "operatingIncome": 217000000,
    "operatingIncomeRatio": 0.1204217536,
    "totalOtherIncomeExpensesNet": -42000000,
    "incomeBeforeTax": 175000000,
    "incomeBeforeTaxRatio": 0.0971143174,
    "incomeTaxExpense": 57000000,
    "netIncome": 117000000,
    "netIncomeRatio": 0.0649278579,
    "eps": 0.2,
    "epsdiluted": 0.2,
    "weightedAverageShsOut": 586000000,
    "weightedAverageShsOutDil": 606000000,
    "link": "https://www.sec.gov/Archives/edgar/data/1041061/000104106103000005/0001041061-03-000005-index.htm",
    "finalLink": "https://www.sec.gov/Archives/edgar/data/1041061/000104106103000005/form10q1q03.htm"
  },
  {
    "date": "2002-12-28",
    "symbol": "YUM",
    "reportedCurrency": "USD",
    "cik": "0001041061",
    "fillingDate": "2003-03-11",
    "acceptedDate": "2003-03-11 14:26:50",
    "calendarYear": "2002",
    "period": "Q4",
    "revenue": 2461000000,
    "costOfRevenue": 1253000000,
    "grossProfit": 1208000000,
    "grossProfitRatio": 0.4908573751,
    "researchAndDevelopmentExpenses": 0,
    "generalAndAdministrativeExpenses": 0,
    "sellingAndMarketingExpenses": 0,
    "sellingGeneralAndAdministrativeExpenses": 916000000,
    "otherExpenses": 12000000,
    "operatingExpenses": 928000000,
    "costAndExpenses": 2181000000,
    "interestIncome": 0,
    "interestExpense": 176000000,
    "depreciationAndAmortization": 126000000,
    "ebitda": 406000000,
    "ebitdaratio": 0.164973588,
    "operatingIncome": 280000000,
    "operatingIncomeRatio": 0.1137748883,
    "totalOtherIncomeExpensesNet": -35000000,
    "incomeBeforeTax": 245000000,
    "incomeBeforeTaxRatio": 0.0995530272,
    "incomeTaxExpense": 73000000,
    "netIncome": 172000000,
    "netIncomeRatio": 0.0698902885,
    "eps": 0.29,
    "epsdiluted": 0.28,
    "weightedAverageShsOut": 586000000,
    "weightedAverageShsOutDil": 606000000,
    "link": "https://www.sec.gov/Archives/edgar/data/1041061/000104106103000003/0001041061-03-000003-index.htm",
    "finalLink": "https://www.sec.gov/Archives/edgar/data/1041061/000104106103000003/form10k02.htm"
  },
  {
    "date": "2002-09-07",
    "symbol": "YUM",
    "reportedCurrency": "USD",
    "cik": "0001041061",
    "fillingDate": "2002-10-17",
    "acceptedDate": "2002-10-17 14:02:26",
    "calendarYear": "2002",
    "period": "Q3",
    "revenue": 1915000000,
    "costOfRevenue": 967000000,
    "grossProfit": 948000000,
    "grossProfitRatio": 0.4950391645,
    "researchAndDevelopmentExpenses": 0,
    "generalAndAdministrativeExpenses": 0,
    "sellingAndMarketingExpenses": 0,
    "sellingGeneralAndAdministrativeExpenses": 688000000,
    "otherExpenses": 2000000,
    "operatingExpenses": 690000000,
    "costAndExpenses": 1657000000,
    "interestIncome": 0,
    "interestExpense": 0,
    "depreciationAndAmortization": 86000000,
    "ebitda": 344000000,
    "ebitdaratio": 0.1796344648,
    "operatingIncome": 258000000,
    "operatingIncomeRatio": 0.1347258486,
    "totalOtherIncomeExpensesNet": -45000000,
    "incomeBeforeTax": 213000000,
    "incomeBeforeTaxRatio": 0.111227154,
    "incomeTaxExpense": 66000000,
    "netIncome": 147000000,
    "netIncomeRatio": 0.0767624021,
    "eps": 0.25,
    "epsdiluted": 0.24,
    "weightedAverageShsOut": 594000000,
    "weightedAverageShsOutDil": 624000000,
    "link": "https://www.sec.gov/Archives/edgar/data/1041061/000104106102000019/0001041061-02-000019-index.htm",
    "finalLink": "https://www.sec.gov/Archives/edgar/data/1041061/000104106102000019/form10q3q02.htm"
  },
  {
    "date": "2002-06-15",
    "symbol": "YUM",
    "reportedCurrency": "USD",
    "cik": "0001041061",
    "fillingDate": "2002-07-29",
    "acceptedDate": "2002-07-29 16:20:56",
    "calendarYear": "2002",
    "period": "Q2",
    "revenue": 1767000000,
    "costOfRevenue": 887000000,
    "grossProfit": 880000000,
    "grossProfitRatio": 0.4980192417,
    "researchAndDevelopmentExpenses": 0,
    "generalAndAdministrativeExpenses": 0,
    "sellingAndMarketingExpenses": 0,
    "sellingGeneralAndAdministrativeExpenses": 638000000,
    "otherExpenses": 1000000,
    "operatingExpenses": 639000000,
    "costAndExpenses": 1526000000,
    "interestIncome": 0,
    "interestExpense": 0,
    "depreciationAndAmortization": 80000000,
    "ebitda": 321000000,
    "ebitdaratio": 0.181663837,
    "operatingIncome": 241000000,
    "operatingIncomeRatio": 0.1363893605,
    "totalOtherIncomeExpensesNet": -33000000,
    "incomeBeforeTax": 208000000,
    "incomeBeforeTaxRatio": 0.1177136389,
    "incomeTaxExpense": 68000000,
    "netIncome": 140000000,
    "netIncomeRatio": 0.0792303339,
    "eps": 0.24,
    "epsdiluted": 0.23,
    "weightedAverageShsOut": 594000000,
    "weightedAverageShsOutDil": 628000000,
    "link": "https://www.sec.gov/Archives/edgar/data/1041061/000115752302000674/0001157523-02-000674-index.htm",
    "finalLink": "https://www.sec.gov/Archives/edgar/data/1041061/000115752302000674/d51163_10-q.htm"
  },
  {
    "date": "2002-03-23",
    "symbol": "YUM",
    "reportedCurrency": "USD",
    "cik": "0001041061",
    "fillingDate": "2002-05-03",
    "acceptedDate": "2002-05-02 18:27:58",
    "calendarYear": "2002",
    "period": "Q1",
    "revenue": 1614000000,
    "costOfRevenue": 808000000,
    "grossProfit": 806000000,
    "grossProfitRatio": 0.4993804213,
    "researchAndDevelopmentExpenses": 0,
    "generalAndAdministrativeExpenses": 0,
    "sellingAndMarketingExpenses": 0,
    "sellingGeneralAndAdministrativeExpenses": 587000000,
    "otherExpenses": -7000000,
    "operatingExpenses": 580000000,
    "costAndExpenses": 1388000000,
    "interestIncome": 0,
    "interestExpense": 0,
    "depreciationAndAmortization": 78000000,
    "ebitda": 304000000,
    "ebitdaratio": 0.1883519207,
    "operatingIncome": 226000000,
    "operatingIncomeRatio": 0.1400247831,
    "totalOtherIncomeExpensesNet": -34000000,
    "incomeBeforeTax": 192000000,
    "incomeBeforeTaxRatio": 0.1189591078,
    "incomeTaxExpense": 68000000,
    "netIncome": 124000000,
    "netIncomeRatio": 0.0768277571,
    "eps": 0.21,
    "epsdiluted": 0.2,
    "weightedAverageShsOut": 592908000,
    "weightedAverageShsOutDil": 592908000,
    "link": "https://www.sec.gov/Archives/edgar/data/1041061/000104106102000006/0001041061-02-000006-index.htm",
    "finalLink": "https://www.sec.gov/Archives/edgar/data/1041061/000104106102000006/form10q1q02.htm"
  },
  {
    "date": "2001-12-29",
    "symbol": "YUM",
    "reportedCurrency": "USD",
    "cik": "0001041061",
    "fillingDate": "2002-03-11",
    "acceptedDate": "2002-03-11 00:00:00",
    "calendarYear": "2001",
    "period": "Q4",
    "revenue": 2202000000,
    "costOfRevenue": 1132000000,
    "grossProfit": 1070000000,
    "grossProfitRatio": 0.4859218892,
    "researchAndDevelopmentExpenses": 0,
    "generalAndAdministrativeExpenses": 0,
    "sellingAndMarketingExpenses": 0,
    "sellingGeneralAndAdministrativeExpenses": 784000000,
    "otherExpenses": 42000000,
    "operatingExpenses": 826000000,
    "costAndExpenses": 1958000000,
    "interestIncome": 0,
    "interestExpense": 0,
    "depreciationAndAmortization": 111000000,
    "ebitda": 355000000,
    "ebitdaratio": 0.1612170754,
    "operatingIncome": 244000000,
    "operatingIncomeRatio": 0.110808356,
    "totalOtherIncomeExpensesNet": -21000000,
    "incomeBeforeTax": 223000000,
    "incomeBeforeTaxRatio": 0.1012715713,
    "incomeTaxExpense": 59000000,
    "netIncome": 164000000,
    "netIncomeRatio": 0.0744777475,
    "eps": 0.28,
    "epsdiluted": 0.28,
    "weightedAverageShsOut": 578857143,
    "weightedAverageShsOutDil": 592908000,
    "link": "https://www.sec.gov/Archives/edgar/data/1041061/000104106102000003/0001041061-02-000003-index.htm",
    "finalLink": "https://www.sec.gov/Archives/edgar/data/1041061/000104106102000003/form10k2001.htm"
  },
  {
    "date": "2001-09-08",
    "symbol": "YUM",
    "reportedCurrency": "USD",
    "cik": "0001041061",
    "fillingDate": "2001-10-22",
    "acceptedDate": "2001-10-22 00:00:00",
    "calendarYear": "2001",
    "period": "Q3",
    "revenue": 1640000000,
    "costOfRevenue": 845000000,
    "grossProfit": 795000000,
    "grossProfitRatio": 0.4847560976,
    "researchAndDevelopmentExpenses": 0,
    "generalAndAdministrativeExpenses": 0,
    "sellingAndMarketingExpenses": 0,
    "sellingGeneralAndAdministrativeExpenses": 188000000,
    "otherExpenses": -15000000,
    "operatingExpenses": 173000000,
    "costAndExpenses": 1409000000,
    "interestIncome": 0,
    "interestExpense": 0,
    "depreciationAndAmortization": 85000000,
    "ebitda": 316000000,
    "ebitdaratio": 0.1926829268,
    "operatingIncome": 231000000,
    "operatingIncomeRatio": 0.1408536585,
    "totalOtherIncomeExpensesNet": -36000000,
    "incomeBeforeTax": 195000000,
    "incomeBeforeTaxRatio": 0.118902439,
    "incomeTaxExpense": 71000000,
    "netIncome": 124000000,
    "netIncomeRatio": 0.0756097561,
    "eps": 0.21,
    "epsdiluted": 0.2,
    "weightedAverageShsOut": 588000000,
    "weightedAverageShsOutDil": 612000000,
    "link": "https://www.sec.gov/Archives/edgar/data/1041061/000104106101500017/0001041061-01-500017-index.htm",
    "finalLink": "https://www.sec.gov/Archives/edgar/data/1041061/000104106101500017/form10q.htm"
  },
  {
    "date": "2001-06-16",
    "symbol": "YUM",
    "reportedCurrency": "USD",
    "cik": "0001041061",
    "fillingDate": "2001-07-30",
    "acceptedDate": "2001-07-30 00:00:00",
    "calendarYear": "2001",
    "period": "Q2",
    "revenue": 1605000000,
    "costOfRevenue": 735000000,
    "grossProfit": 870000000,
    "grossProfitRatio": 0.5420560748,
    "researchAndDevelopmentExpenses": 0,
    "generalAndAdministrativeExpenses": 0,
    "sellingAndMarketingExpenses": 0,
    "sellingGeneralAndAdministrativeExpenses": 597000000,
    "otherExpenses": 58000000,
    "operatingExpenses": 655000000,
    "costAndExpenses": 1390000000,
    "interestIncome": 0,
    "interestExpense": 0,
    "depreciationAndAmortization": 85000000,
    "ebitda": 300000000,
    "ebitdaratio": 0.1869158879,
    "operatingIncome": 215000000,
    "operatingIncomeRatio": 0.1339563863,
    "totalOtherIncomeExpensesNet": -37000000,
    "incomeBeforeTax": 178000000,
    "incomeBeforeTaxRatio": 0.1109034268,
    "incomeTaxExpense": 62000000,
    "netIncome": 116000000,
    "netIncomeRatio": 0.0722741433,
    "eps": 0.2,
    "epsdiluted": 0.19,
    "weightedAverageShsOut": 587341772,
    "weightedAverageShsOutDil": 610526316,
    "link": "https://www.sec.gov/Archives/edgar/data/1041061/000104106101500010/0001041061-01-500010-index.htm",
    "finalLink": "https://www.sec.gov/Archives/edgar/data/1041061/000104106101500010/form10q02.htm"
  },
  {
    "date": "2001-03-24",
    "symbol": "YUM",
    "reportedCurrency": "USD",
    "cik": "0001041061",
    "fillingDate": "2001-05-07",
    "acceptedDate": "2001-05-07 00:00:00",
    "calendarYear": "2001",
    "period": "Q1",
    "revenue": 1506000000,
    "costOfRevenue": 696000000,
    "grossProfit": 810000000,
    "grossProfitRatio": 0.5378486056,
    "researchAndDevelopmentExpenses": 0,
    "generalAndAdministrativeExpenses": 0,
    "sellingAndMarketingExpenses": 0,
    "sellingGeneralAndAdministrativeExpenses": 561000000,
    "otherExpenses": 73000000,
    "operatingExpenses": 634000000,
    "costAndExpenses": 1330000000,
    "interestIncome": 0,
    "interestExpense": 0,
    "depreciationAndAmortization": 73000000,
    "ebitda": 249000000,
    "ebitdaratio": 0.1653386454,
    "operatingIncome": 176000000,
    "operatingIncomeRatio": 0.1168658699,
    "totalOtherIncomeExpensesNet": -39000000,
    "incomeBeforeTax": 137000000,
    "incomeBeforeTaxRatio": 0.0909694555,
    "incomeTaxExpense": 49000000,
    "netIncome": 88000000,
    "netIncomeRatio": 0.0584329349,
    "eps": 0.15,
    "epsdiluted": 0.15,
    "weightedAverageShsOut": 588000000,
    "weightedAverageShsOutDil": 600000000,
    "link": "https://www.sec.gov/Archives/edgar/data/1041061/000104106101500008/0001041061-01-500008-index.htm",
    "finalLink": "https://www.sec.gov/Archives/edgar/data/1041061/000104106101500008/form10q.htm"
  },
  {
    "date": "2000-12-30",
    "symbol": "YUM",
    "reportedCurrency": "USD",
    "cik": "0001041061",
    "fillingDate": "2001-03-28",
    "acceptedDate": "2001-03-28 00:00:00",
    "calendarYear": "2000",
    "period": "Q4",
    "revenue": 2182000000,
    "costOfRevenue": 1000000000,
    "grossProfit": 1182000000,
    "grossProfitRatio": 0.5417048579,
    "researchAndDevelopmentExpenses": 0,
    "generalAndAdministrativeExpenses": 0,
    "sellingAndMarketingExpenses": 0,
    "sellingGeneralAndAdministrativeExpenses": 835000000,
    "otherExpenses": 109000000,
    "operatingExpenses": 944000000,
    "costAndExpenses": 1944000000,
    "interestIncome": 0,
    "interestExpense": 0,
    "depreciationAndAmortization": 109000000,
    "ebitda": 347000000,
    "ebitdaratio": 0.1590284143,
    "operatingIncome": 238000000,
    "operatingIncomeRatio": 0.1090742438,
    "totalOtherIncomeExpensesNet": -27000000,
    "incomeBeforeTax": 211000000,
    "incomeBeforeTaxRatio": 0.096700275,
    "incomeTaxExpense": 83000000,
    "netIncome": 128000000,
    "netIncomeRatio": 0.0586617782,
    "eps": 0.22,
    "epsdiluted": 0.21,
    "weightedAverageShsOut": 588000000,
    "weightedAverageShsOutDil": 600000000,
    "link": "https://www.sec.gov/Archives/edgar/data/1041061/000104106101500003/0001041061-01-500003-index.htm",
    "finalLink": "https://www.sec.gov/Archives/edgar/data/1041061/000104106101500003/formk2000.htm"
  },
  {
    "date": "2000-09-02",
    "symbol": "YUM",
    "reportedCurrency": "USD",
    "cik": "0001041061",
    "fillingDate": "2000-10-17",
    "acceptedDate": "2000-10-17 00:00:00",
    "calendarYear": "2000",
    "period": "Q3",
    "revenue": 1658000000,
    "costOfRevenue": 766000000,
    "grossProfit": 892000000,
    "grossProfitRatio": 0.5379975875,
    "researchAndDevelopmentExpenses": 0,
    "generalAndAdministrativeExpenses": 0,
    "sellingAndMarketingExpenses": 0,
    "sellingGeneralAndAdministrativeExpenses": 595000000,
    "otherExpenses": 82000000,
    "operatingExpenses": 677000000,
    "costAndExpenses": 1443000000,
    "interestIncome": 0,
    "interestExpense": 0,
    "depreciationAndAmortization": 82000000,
    "ebitda": 297000000,
    "ebitdaratio": 0.1791314837,
    "operatingIncome": 215000000,
    "operatingIncomeRatio": 0.1296743064,
    "totalOtherIncomeExpensesNet": -122000000,
    "incomeBeforeTax": 93000000,
    "incomeBeforeTaxRatio": 0.0560916767,
    "incomeTaxExpense": 34000000,
    "netIncome": 59000000,
    "netIncomeRatio": 0.0355850422,
    "eps": 0.1,
    "epsdiluted": 0.1,
    "weightedAverageShsOut": 584000000,
    "weightedAverageShsOutDil": 588000000,
    "link": "https://www.sec.gov/Archives/edgar/data/1041061/000104106100000025/0001041061-00-000025-index.htm",
    "finalLink": "https://www.sec.gov/Archives/edgar/data/1041061/000104106100000025/0001041061-00-000025-0001.htm"
  },
  {
    "date": "2000-06-10",
    "symbol": "YUM",
    "reportedCurrency": "USD",
    "cik": "0001041061",
    "fillingDate": "2000-07-25",
    "acceptedDate": "2000-07-25 00:00:00",
    "calendarYear": "2000",
    "period": "Q2",
    "revenue": 1656000000,
    "costOfRevenue": 755000000,
    "grossProfit": 901000000,
    "grossProfitRatio": 0.5440821256,
    "researchAndDevelopmentExpenses": 0,
    "generalAndAdministrativeExpenses": 0,
    "sellingAndMarketingExpenses": 0,
    "sellingGeneralAndAdministrativeExpenses": 602000000,
    "otherExpenses": 81000000,
    "operatingExpenses": 683000000,
    "costAndExpenses": 1438000000,
    "interestIncome": 0,
    "interestExpense": 0,
    "depreciationAndAmortization": 81000000,
    "ebitda": 299000000,
    "ebitdaratio": 0.1805555556,
    "operatingIncome": 218000000,
    "operatingIncomeRatio": 0.1316425121,
    "totalOtherIncomeExpensesNet": -39000000,
    "incomeBeforeTax": 179000000,
    "incomeBeforeTaxRatio": 0.1080917874,
    "incomeTaxExpense": 73000000,
    "netIncome": 106000000,
    "netIncomeRatio": 0.0640096618,
    "eps": 0.18,
    "epsdiluted": 0.18,
    "weightedAverageShsOut": 588000000,
    "weightedAverageShsOutDil": 596000000,
    "link": "https://www.sec.gov/Archives/edgar/data/1041061/000104106100000016/0001041061-00-000016-index.htm",
    "finalLink": "https://www.sec.gov/Archives/edgar/data/1041061/000104106100000016/0001041061-00-000016-0001.htm"
  },
  {
    "date": "2000-03-18",
    "symbol": "YUM",
    "reportedCurrency": "USD",
    "cik": "0001041061",
    "fillingDate": "2000-05-02",
    "acceptedDate": "2000-05-02 00:00:00",
    "calendarYear": "2000",
    "period": "Q1",
    "revenue": 1597000000,
    "costOfRevenue": 732000000,
    "grossProfit": 865000000,
    "grossProfitRatio": 0.5416405761,
    "researchAndDevelopmentExpenses": 0,
    "generalAndAdministrativeExpenses": 0,
    "sellingAndMarketingExpenses": 0,
    "sellingGeneralAndAdministrativeExpenses": 591000000,
    "otherExpenses": 82000000,
    "operatingExpenses": 673000000,
    "costAndExpenses": 1405000000,
    "interestIncome": 0,
    "interestExpense": 0,
    "depreciationAndAmortization": 82000000,
    "ebitda": 274000000,
    "ebitdaratio": 0.1715716969,
    "operatingIncome": 192000000,
    "operatingIncomeRatio": 0.1202254227,
    "totalOtherIncomeExpensesNet": 9000000,
    "incomeBeforeTax": 201000000,
    "incomeBeforeTaxRatio": 0.1258609894,
    "incomeTaxExpense": 81000000,
    "netIncome": 120000000,
    "netIncomeRatio": 0.0751408892,
    "eps": 0.2,
    "epsdiluted": 0.2,
    "weightedAverageShsOut": 596000000,
    "weightedAverageShsOutDil": 604000000,
    "link": "https://www.sec.gov/Archives/edgar/data/1041061/000104106100000010/0001041061-00-000010-index.html",
    "finalLink": "https://www.sec.gov/Archives/edgar/data/1041061/000104106100000010/"
  },
  {
    "date": "1999-12-25",
    "symbol": "YUM",
    "reportedCurrency": "USD",
    "cik": "0001041061",
    "fillingDate": "2000-03-06",
    "acceptedDate": "2000-03-06 00:00:00",
    "calendarYear": "1999",
    "period": "Q4",
    "revenue": 2311000000,
    "costOfRevenue": 1088000000,
    "grossProfit": 1223000000,
    "grossProfitRatio": 0.529208135,
    "researchAndDevelopmentExpenses": 0,
    "generalAndAdministrativeExpenses": 0,
    "sellingAndMarketingExpenses": 0,
    "sellingGeneralAndAdministrativeExpenses": 850000000,
    "otherExpenses": 121000000,
    "operatingExpenses": 971000000,
    "costAndExpenses": 2059000000,
    "interestIncome": 0,
    "interestExpense": 0,
    "depreciationAndAmortization": 121000000,
    "ebitda": 373000000,
    "ebitdaratio": 0.1614019905,
    "operatingIncome": 252000000,
    "operatingIncomeRatio": 0.109043704,
    "totalOtherIncomeExpensesNet": -31000000,
    "incomeBeforeTax": 221000000,
    "incomeBeforeTaxRatio": 0.0956295976,
    "incomeTaxExpense": 76000000,
    "netIncome": 145000000,
    "netIncomeRatio": 0.0627434011,
    "eps": 0.24,
    "epsdiluted": 0.24,
    "weightedAverageShsOut": 596000000,
    "weightedAverageShsOutDil": 604000000,
    "link": "https://www.sec.gov/Archives/edgar/data/1041061/000104106100000007/0001041061-00-000007-index.html",
    "finalLink": "https://www.sec.gov/Archives/edgar/data/1041061/000104106100000007/"
  },
  {
    "date": "1999-09-04",
    "symbol": "YUM",
    "reportedCurrency": "USD",
    "cik": "0001041061",
    "fillingDate": "1999-10-18",
    "acceptedDate": "1999-10-18 00:00:00",
    "calendarYear": "1999",
    "period": "Q3",
    "revenue": 1812000000,
    "costOfRevenue": 850000000,
    "grossProfit": 962000000,
    "grossProfitRatio": 0.5309050773,
    "researchAndDevelopmentExpenses": 0,
    "generalAndAdministrativeExpenses": 0,
    "sellingAndMarketingExpenses": 0,
    "sellingGeneralAndAdministrativeExpenses": 644000000,
    "otherExpenses": 82000000,
    "operatingExpenses": 726000000,
    "costAndExpenses": 1576000000,
    "interestIncome": 0,
    "interestExpense": 0,
    "depreciationAndAmortization": 82000000,
    "ebitda": 318000000,
    "ebitdaratio": 0.1754966887,
    "operatingIncome": 236000000,
    "operatingIncomeRatio": 0.1302428256,
    "totalOtherIncomeExpensesNet": 99000000,
    "incomeBeforeTax": 335000000,
    "incomeBeforeTaxRatio": 0.1848785872,
    "incomeTaxExpense": 138000000,
    "netIncome": 197000000,
    "netIncomeRatio": 0.1087196468,
    "eps": 0.32,
    "epsdiluted": 0.31,
    "weightedAverageShsOut": 615625000,
    "weightedAverageShsOutDil": 640650407,
    "link": "https://www.sec.gov/Archives/edgar/data/1041061/000104106199000015/0001041061-99-000015-index.html",
    "finalLink": "https://www.sec.gov/Archives/edgar/data/1041061/000104106199000015/"
  },
  {
    "date": "1999-06-12",
    "symbol": "YUM",
    "reportedCurrency": "USD",
    "cik": "0001041061",
    "fillingDate": "1999-07-26",
    "acceptedDate": "1999-07-26 00:00:00",
    "calendarYear": "1999",
    "period": "Q2",
    "revenue": 1886000000,
    "costOfRevenue": 883000000,
    "grossProfit": 1003000000,
    "grossProfitRatio": 0.5318133616,
    "researchAndDevelopmentExpenses": 0,
    "generalAndAdministrativeExpenses": 0,
    "sellingAndMarketingExpenses": 0,
    "sellingGeneralAndAdministrativeExpenses": 695000000,
    "otherExpenses": 88000000,
    "operatingExpenses": 783000000,
    "costAndExpenses": 1666000000,
    "interestIncome": 0,
    "interestExpense": 0,
    "depreciationAndAmortization": 88000000,
    "ebitda": 308000000,
    "ebitdaratio": 0.1633085896,
    "operatingIncome": 220000000,
    "operatingIncomeRatio": 0.1166489926,
    "totalOtherIncomeExpensesNet": 78000000,
    "incomeBeforeTax": 298000000,
    "incomeBeforeTaxRatio": 0.1580063627,
    "incomeTaxExpense": 119000000,
    "netIncome": 179000000,
    "netIncomeRatio": 0.0949098621,
    "eps": 0.29,
    "epsdiluted": 0.28,
    "weightedAverageShsOut": 617241379,
    "weightedAverageShsOutDil": 650909091,
    "link": "https://www.sec.gov/Archives/edgar/data/1041061/000104106199000009/0001041061-99-000009-index.html",
    "finalLink": "https://www.sec.gov/Archives/edgar/data/1041061/000104106199000009/"
  },
  {
    "date": "1999-03-20",
    "symbol": "YUM",
    "reportedCurrency": "USD",
    "cik": "0001041061",
    "fillingDate": "1999-05-04",
    "acceptedDate": "1999-05-04 00:00:00",
    "calendarYear": "1999",
    "period": "Q1",
    "revenue": 1813000000,
    "costOfRevenue": 845000000,
    "grossProfit": 968000000,
    "grossProfitRatio": 0.5339216768,
    "researchAndDevelopmentExpenses": 0,
    "generalAndAdministrativeExpenses": 0,
    "sellingAndMarketingExpenses": 0,
    "sellingGeneralAndAdministrativeExpenses": 671000000,
    "otherExpenses": 95000000,
    "operatingExpenses": 766000000,
    "costAndExpenses": 1611000000,
    "interestIncome": 0,
    "interestExpense": 0,
    "depreciationAndAmortization": 95000000,
    "ebitda": 297000000,
    "ebitdaratio": 0.1638168781,
    "operatingIncome": 202000000,
    "operatingIncomeRatio": 0.11141754,
    "totalOtherIncomeExpensesNet": -18000000,
    "incomeBeforeTax": 184000000,
    "incomeBeforeTaxRatio": 0.1014892443,
    "incomeTaxExpense": 78000000,
    "netIncome": 106000000,
    "netIncomeRatio": 0.0584666299,
    "eps": 0.17,
    "epsdiluted": 0.17,
    "weightedAverageShsOut": 614492754,
    "weightedAverageShsOutDil": 642424242,
    "link": "https://www.sec.gov/Archives/edgar/data/1041061/000104106199000006/0001041061-99-000006-index.html",
    "finalLink": "https://www.sec.gov/Archives/edgar/data/1041061/"
  },
  {
    "date": "1998-12-26",
    "symbol": "YUM",
    "reportedCurrency": "USD",
    "cik": "0001041061",
    "fillingDate": "1999-03-23",
    "acceptedDate": "1999-03-23 00:00:00",
    "calendarYear": "1998",
    "period": "Q4",
    "revenue": 2526000000,
    "costOfRevenue": 1250000000,
    "grossProfit": 1276000000,
    "grossProfitRatio": 0.5051464766,
    "researchAndDevelopmentExpenses": 0,
    "generalAndAdministrativeExpenses": 0,
    "sellingAndMarketingExpenses": 0,
    "sellingGeneralAndAdministrativeExpenses": 937000000,
    "otherExpenses": 119000000,
    "operatingExpenses": 1056000000,
    "costAndExpenses": 2306000000,
    "interestIncome": 0,
    "interestExpense": 0,
    "depreciationAndAmortization": 119000000,
    "ebitda": 339000000,
    "ebitdaratio": 0.1342042755,
    "operatingIncome": 220000000,
    "operatingIncomeRatio": 0.0870942201,
    "totalOtherIncomeExpensesNet": 25000000,
    "incomeBeforeTax": 245000000,
    "incomeBeforeTaxRatio": 0.0969912906,
    "incomeTaxExpense": 94000000,
    "netIncome": 151000000,
    "netIncomeRatio": 0.0597783056,
    "eps": 0.25,
    "epsdiluted": 0.24,
    "weightedAverageShsOut": 614492754,
    "weightedAverageShsOutDil": 642424242,
    "link": "https://www.sec.gov/Archives/edgar/data/1041061/000104106199000003/0001041061-99-000003-index.html",
    "finalLink": "https://www.sec.gov/Archives/edgar/data/1041061/"
  },
  {
    "date": "1998-09-05",
    "symbol": "YUM",
    "reportedCurrency": "USD",
    "cik": "0001041061",
    "fillingDate": "1998-10-19",
    "acceptedDate": "1998-10-19 00:00:00",
    "calendarYear": "1998",
    "period": "Q3",
    "revenue": 2017000000,
    "costOfRevenue": 972000000,
    "grossProfit": 1045000000,
    "grossProfitRatio": 0.5180961824,
    "researchAndDevelopmentExpenses": 0,
    "generalAndAdministrativeExpenses": 0,
    "sellingAndMarketingExpenses": 0,
    "sellingGeneralAndAdministrativeExpenses": 732000000,
    "otherExpenses": 97000000,
    "operatingExpenses": 829000000,
    "costAndExpenses": 1801000000,
    "interestIncome": 0,
    "interestExpense": 0,
    "depreciationAndAmortization": 97000000,
    "ebitda": 317000000,
    "ebitdaratio": 0.1571641051,
    "operatingIncome": 220000000,
    "operatingIncomeRatio": 0.1090728805,
    "totalOtherIncomeExpensesNet": -3000000,
    "incomeBeforeTax": 217000000,
    "incomeBeforeTaxRatio": 0.1075855231,
    "incomeTaxExpense": 89000000,
    "netIncome": 128000000,
    "netIncomeRatio": 0.063460585,
    "eps": 0.21,
    "epsdiluted": 0.21,
    "weightedAverageShsOut": 609523810,
    "weightedAverageShsOutDil": 624390244,
    "link": "https://www.sec.gov/Archives/edgar/data/1041061/000104106198000018/0001041061-98-000018-index.html",
    "finalLink": "https://www.sec.gov/Archives/edgar/data/1041061/"
  },
  {
    "date": "1998-06-13",
    "symbol": "YUM",
    "reportedCurrency": "USD",
    "cik": "0001041061",
    "fillingDate": "1998-07-27",
    "acceptedDate": "1998-07-27 00:00:00",
    "calendarYear": "1998",
    "period": "Q2",
    "revenue": 2001000000,
    "costOfRevenue": 965000000,
    "grossProfit": 1036000000,
    "grossProfitRatio": 0.5177411294,
    "researchAndDevelopmentExpenses": 0,
    "generalAndAdministrativeExpenses": 0,
    "sellingAndMarketingExpenses": 0,
    "sellingGeneralAndAdministrativeExpenses": 758000000,
    "otherExpenses": 97000000,
    "operatingExpenses": 855000000,
    "costAndExpenses": 1818000000,
    "interestIncome": 0,
    "interestExpense": 0,
    "depreciationAndAmortization": 97000000,
    "ebitda": 286000000,
    "ebitdaratio": 0.1429285357,
    "operatingIncome": 189000000,
    "operatingIncomeRatio": 0.0944527736,
    "totalOtherIncomeExpensesNet": 6000000,
    "incomeBeforeTax": 195000000,
    "incomeBeforeTaxRatio": 0.0974512744,
    "incomeTaxExpense": 83000000,
    "netIncome": 112000000,
    "netIncomeRatio": 0.055972014,
    "eps": 0.19,
    "epsdiluted": 0.18,
    "weightedAverageShsOut": 605405405,
    "weightedAverageShsOutDil": 622222222,
    "link": "https://www.sec.gov/Archives/edgar/data/1041061/000104106198000009/0001041061-98-000009-index.html",
    "finalLink": "https://www.sec.gov/Archives/edgar/data/1041061/"
  },
  {
    "date": "1998-03-21",
    "symbol": "YUM",
    "reportedCurrency": "USD",
    "cik": "0001041061",
    "fillingDate": "1998-05-01",
    "acceptedDate": "1998-05-01 00:00:00",
    "calendarYear": "1998",
    "period": "Q1",
    "revenue": 1921000000,
    "costOfRevenue": 947000000,
    "grossProfit": 974000000,
    "grossProfitRatio": 0.5070275898,
    "researchAndDevelopmentExpenses": 0,
    "generalAndAdministrativeExpenses": 0,
    "sellingAndMarketingExpenses": 0,
    "sellingGeneralAndAdministrativeExpenses": 732000000,
    "otherExpenses": 104000000,
    "operatingExpenses": 836000000,
    "costAndExpenses": 1783000000,
    "interestIncome": 0,
    "interestExpense": 0,
    "depreciationAndAmortization": 104000000,
    "ebitda": 243000000,
    "ebitdaratio": 0.1264966163,
    "operatingIncome": 139000000,
    "operatingIncomeRatio": 0.0723581468,
    "totalOtherIncomeExpensesNet": -40000000,
    "incomeBeforeTax": 99000000,
    "incomeBeforeTaxRatio": 0.0515356585,
    "incomeTaxExpense": 45000000,
    "netIncome": 54000000,
    "netIncomeRatio": 0.0281103592,
    "eps": 0.09,
    "epsdiluted": 0.0875,
    "weightedAverageShsOut": 600000000,
    "weightedAverageShsOutDil": 617142857,
    "link": "https://www.sec.gov/Archives/edgar/data/1041061/000104106198000007/0001041061-98-000007-index.html",
    "finalLink": "https://www.sec.gov/Archives/edgar/data/1041061/"
  },
  {
    "date": "1997-12-27",
    "symbol": "YUM",
    "reportedCurrency": "USD",
    "cik": "0001041061",
    "fillingDate": "1998-03-26",
    "acceptedDate": "1998-03-26 00:00:00",
    "calendarYear": "1997",
    "period": "Q4",
    "revenue": 2791000000,
    "costOfRevenue": 1591000000,
    "grossProfit": 1200000000,
    "grossProfitRatio": 0.4299534217,
    "researchAndDevelopmentExpenses": 0,
    "generalAndAdministrativeExpenses": 1045000000,
    "sellingAndMarketingExpenses": 503000000,
    "sellingGeneralAndAdministrativeExpenses": 1548000000,
    "otherExpenses": 0,
    "operatingExpenses": 1548000000,
    "costAndExpenses": 3139000000,
    "interestIncome": 0,
    "interestExpense": -88000000,
    "depreciationAndAmortization": 157000000,
    "ebitda": -367000000,
    "ebitdaratio": -0.1314940881,
    "operatingIncome": -348000000,
    "operatingIncomeRatio": -0.1246864923,
    "totalOtherIncomeExpensesNet": -88000000,
    "incomeBeforeTax": -436000000,
    "incomeBeforeTaxRatio": -0.1562164099,
    "incomeTaxExpense": -73000000,
    "netIncome": -363000000,
    "netIncomeRatio": -0.1300609101,
    "eps": -0.6,
    "epsdiluted": -0.6,
    "weightedAverageShsOut": 608000000,
    "weightedAverageShsOutDil": 608000000,
    "link": "https://www.sec.gov/Archives/edgar/data/1041061/000104106198000004/0001041061-98-000004-index.html",
    "finalLink": "https://www.sec.gov/Archives/edgar/data/1041061/"
  },
  {
    "date": "1997-09-06",
    "symbol": "YUM",
    "reportedCurrency": "USD",
    "cik": "0001041061",
    "fillingDate": "1997-10-21",
    "acceptedDate": "1997-10-21 00:00:00",
    "calendarYear": "1997",
    "period": "Q3",
    "revenue": 2300000000,
    "costOfRevenue": 1313000000,
    "grossProfit": 987000000,
    "grossProfitRatio": 0.4291304348,
    "researchAndDevelopmentExpenses": 0,
    "generalAndAdministrativeExpenses": 828000000,
    "sellingAndMarketingExpenses": -36000000,
    "sellingGeneralAndAdministrativeExpenses": 792000000,
    "otherExpenses": 0,
    "operatingExpenses": 792000000,
    "costAndExpenses": 2105000000,
    "interestIncome": 0,
    "interestExpense": -57000000,
    "depreciationAndAmortization": 122000000,
    "ebitda": 203000000,
    "ebitdaratio": 0.0882608696,
    "operatingIncome": 195000000,
    "operatingIncomeRatio": 0.0847826087,
    "totalOtherIncomeExpensesNet": -57000000,
    "incomeBeforeTax": 138000000,
    "incomeBeforeTaxRatio": 0.06,
    "incomeTaxExpense": 59000000,
    "netIncome": 79000000,
    "netIncomeRatio": 0.0343478261,
    "eps": 0.13,
    "epsdiluted": 0.13,
    "weightedAverageShsOut": 632000000,
    "weightedAverageShsOutDil": 632000000,
    "link": "https://www.sec.gov/Archives/edgar/data/1041061/000104106197000020/0001041061-97-000020-index.html",
    "finalLink": "https://www.sec.gov/Archives/edgar/data/1041061/"
  }
]