[
  {
    "date": "2024-12-31",
    "symbol": "YUM",
    "reportedCurrency": "USD",
    "cik": "0001041061",
    "fillingDate": "2025-02-19",
    "acceptedDate": "2025-02-19 17:26:39",
    "calendarYear": "2024",
    "period": "FY",
    "revenue": 7549000000,
    "costOfRevenue": 3965000000,
    "grossProfit": 3584000000,
    "grossProfitRatio": 0.4747648695,
    "researchAndDevelopmentExpenses": 0,
    "generalAndAdministrativeExpenses": 1181000000,
    "sellingAndMarketingExpenses": 0,
    "sellingGeneralAndAdministrativeExpenses": 1181000000,
    "otherExpenses": 0,
    "operatingExpenses": 1181000000,
    "costAndExpenses": 5146000000,
    "interestIncome": 0,
    "interestExpense": 489000000,
    "depreciationAndAmortization": 175000000,
    "ebitda": 2564000000,
    "ebitdaratio": 0.3396476354,
    "operatingIncome": 2403000000,
    "operatingIncomeRatio": 0.3183203073,
    "totalOtherIncomeExpensesNet": -503000000,
    "incomeBeforeTax": 1900000000,
    "incomeBeforeTaxRatio": 0.2516889654,
    "incomeTaxExpense": 414000000,
    "netIncome": 1486000000,
    "netIncomeRatio": 0.1968472645,
    "eps": 5.28,
    "epsdiluted": 5.22,
    "weightedAverageShsOut": 282000000,
    "weightedAverageShsOutDil": 285000000,
    "link": "https://www.sec.gov/Archives/edgar/data/1041061/000104106125000013/0001041061-25-000013-index.htm",
    "finalLink": "https://www.sec.gov/Archives/edgar/data/1041061/000104106125000013/yum-20241231.htm"
  },
  {
    "date": "2023-12-31",
    "symbol": "YUM",
    "reportedCurrency": "USD",
    "cik": "0001041061",
    "fillingDate": "2024-02-20",
    "acceptedDate": "2024-02-20 16:33:54",
    "calendarYear": "2023",
    "period": "FY",
    "revenue": 7076000000,
    "costOfRevenue": 3580000000,
    "grossProfit": 3496000000,
    "grossProfitRatio": 0.4940644432,
    "researchAndDevelopmentExpenses": 0,
    "generalAndAdministrativeExpenses": 1193000000,
    "sellingAndMarketingExpenses": 0,
    "sellingGeneralAndAdministrativeExpenses": 1193000000,
    "otherExpenses": -15000000,
    "operatingExpenses": 1178000000,
    "costAndExpenses": 4758000000,
    "interestIncome": 0,
    "interestExpense": 513000000,
    "depreciationAndAmortization": 153000000,
    "ebitda": 2484000000,
    "ebitdaratio": 0.3510457886,
    "operatingIncome": 2318000000,
    "operatingIncomeRatio": 0.3275862069,
    "totalOtherIncomeExpensesNet": -500000000,
    "incomeBeforeTax": 1818000000,
    "incomeBeforeTaxRatio": 0.2569248163,
    "incomeTaxExpense": 221000000,
    "netIncome": 1597000000,
    "netIncomeRatio": 0.2256924816,
    "eps": 5.68,
    "epsdiluted": 5.6,
    "weightedAverageShsOut": 281000000,
    "weightedAverageShsOutDil": 285000000,
    "link": "https://www.sec.gov/Archives/edgar/data/1041061/000104106124000011/0001041061-24-000011-index.htm",
    "finalLink": "https://www.sec.gov/Archives/edgar/data/1041061/000104106124000011/yum-20231231.htm"
  },
  {
    "date": "2022-12-31",
    "symbol": "YUM",
    "reportedCurrency": "USD",
    "cik": "0001041061",
    "fillingDate": "2023-02-27",
    "acceptedDate": "2023-02-24 18:07:33",
    "calendarYear": "2022",
    "period": "FY",
    "revenue": 6842000000,
    "costOfRevenue": 3535000000,
    "grossProfit": 3307000000,
    "grossProfitRatio": 0.4833382052,
    "researchAndDevelopmentExpenses": 0,
    "generalAndAdministrativeExpenses": 1140000000,
    "sellingAndMarketingExpenses": 0,
    "sellingGeneralAndAdministrativeExpenses": 1140000000,
    "otherExpenses": -20000000,
    "operatingExpenses": 1120000000,
    "costAndExpenses": 4655000000,
    "interestIncome": 0,
    "interestExpense": 527000000,
    "depreciationAndAmortization": 146000000,
    "ebitda": 2335000000,
    "ebitdaratio": 0.3412744811,
    "operatingIncome": 2187000000,
    "operatingIncomeRatio": 0.3196433791,
    "totalOtherIncomeExpensesNet": -525000000,
    "incomeBeforeTax": 1662000000,
    "incomeBeforeTaxRatio": 0.2429114294,
    "incomeTaxExpense": 337000000,
    "netIncome": 1325000000,
    "netIncomeRatio": 0.1936568255,
    "eps": 4.63,
    "epsdiluted": 4.57,
    "weightedAverageShsOut": 286000000,
    "weightedAverageShsOutDil": 290000000,
    "link": "https://www.sec.gov/Archives/edgar/data/1041061/000104106123000009/0001041061-23-000009-index.htm",
    "finalLink": "https://www.sec.gov/Archives/edgar/data/1041061/000104106123000009/yum-20221231.htm"
  },
  {
    "date": "2021-12-31",
    "symbol": "YUM",
    "reportedCurrency": "USD",
    "cik": "0001041061",
    "fillingDate": "2022-02-23",
    "acceptedDate": "2022-02-22 18:00:26",
    "calendarYear": "2021",
    "period": "FY",
    "revenue": 6584000000,
    "costOfRevenue": 3418000000,
    "grossProfit": 3166000000,
    "grossProfitRatio": 0.4808626974,
    "researchAndDevelopmentExpenses": 0,
    "generalAndAdministrativeExpenses": 1060000000,
    "sellingAndMarketingExpenses": 0,
    "sellingGeneralAndAdministrativeExpenses": 1060000000,
    "otherExpenses": -33000000,
    "operatingExpenses": 1027000000,
    "costAndExpenses": 4445000000,
    "interestIncome": 0,
    "interestExpense": 544000000,
    "depreciationAndAmortization": 164000000,
    "ebitda": 2382000000,
    "ebitdaratio": 0.3617861482,
    "operatingIncome": 2139000000,
    "operatingIncomeRatio": 0.3248784933,
    "totalOtherIncomeExpensesNet": -465000000,
    "incomeBeforeTax": 1674000000,
    "incomeBeforeTaxRatio": 0.2542527339,
    "incomeTaxExpense": 99000000,
    "netIncome": 1575000000,
    "netIncomeRatio": 0.2392162819,
    "eps": 5.3,
    "epsdiluted": 5.22,
    "weightedAverageShsOut": 297000000,
    "weightedAverageShsOutDil": 302000000,
    "link": "https://www.sec.gov/Archives/edgar/data/1041061/000104106122000009/0001041061-22-000009-index.htm",
    "finalLink": "https://www.sec.gov/Archives/edgar/data/1041061/000104106122000009/yum-20211231.htm"
  },
  {
    "date": "2020-12-31",
    "symbol": "YUM",
    "reportedCurrency": "USD",
    "cik": "0001041061",
    "fillingDate": "2021-02-22",
    "acceptedDate": "2021-02-19 18:02:05",
    "calendarYear": "2020",
    "period": "FY",
    "revenue": 5652000000,
    "costOfRevenue": 2965000000,
    "grossProfit": 2687000000,
    "grossProfitRatio": 0.4754069356,
    "researchAndDevelopmentExpenses": 0,
    "generalAndAdministrativeExpenses": 1064000000,
    "sellingAndMarketingExpenses": 0,
    "sellingGeneralAndAdministrativeExpenses": 1064000000,
    "otherExpenses": 120000000,
    "operatingExpenses": 1184000000,
    "costAndExpenses": 4149000000,
    "interestIncome": 0,
    "interestExpense": 543000000,
    "depreciationAndAmortization": 146000000,
    "ebitda": 1709000000,
    "ebitdaratio": 0.3023708422,
    "operatingIncome": 1503000000,
    "operatingIncomeRatio": 0.2659235669,
    "totalOtherIncomeExpensesNet": -483000000,
    "incomeBeforeTax": 1020000000,
    "incomeBeforeTaxRatio": 0.1804670913,
    "incomeTaxExpense": 116000000,
    "netIncome": 904000000,
    "netIncomeRatio": 0.1599433829,
    "eps": 2.99,
    "epsdiluted": 2.94,
    "weightedAverageShsOut": 302000000,
    "weightedAverageShsOutDil": 307000000,
    "link": "https://www.sec.gov/Archives/edgar/data/1041061/000104106121000012/0001041061-21-000012-index.htm",
    "finalLink": "https://www.sec.gov/Archives/edgar/data/1041061/000104106121000012/yum-20201231.htm"
  },
  {
    "date": "2019-12-31",
    "symbol": "YUM",
    "reportedCurrency": "USD",
    "cik": "0001041061",
    "fillingDate": "2020-02-20",
    "acceptedDate": "2020-02-20 07:34:37",
    "calendarYear": "2019",
    "period": "FY",
    "revenue": 5597000000,
    "costOfRevenue": 2783000000,
    "grossProfit": 2814000000,
    "grossProfitRatio": 0.5027693407,
    "researchAndDevelopmentExpenses": 0,
    "generalAndAdministrativeExpenses": 917000000,
    "sellingAndMarketingExpenses": 4000000,
    "sellingGeneralAndAdministrativeExpenses": 917000000,
    "otherExpenses": -33000000,
    "operatingExpenses": 884000000,
    "costAndExpenses": 3667000000,
    "interestIncome": 0,
    "interestExpense": 486000000,
    "depreciationAndAmortization": 112000000,
    "ebitda": 1971000000,
    "ebitdaratio": 0.3521529391,
    "operatingIncome": 1930000000,
    "operatingIncomeRatio": 0.3448275862,
    "totalOtherIncomeExpensesNet": -557000000,
    "incomeBeforeTax": 1373000000,
    "incomeBeforeTaxRatio": 0.2453099875,
    "incomeTaxExpense": 79000000,
    "netIncome": 1294000000,
    "netIncomeRatio": 0.2311952832,
    "eps": 4.23,
    "epsdiluted": 4.13,
    "weightedAverageShsOut": 306000000,
    "weightedAverageShsOutDil": 313000000,
    "link": "https://www.sec.gov/Archives/edgar/data/1041061/000104106120000015/0001041061-20-000015-index.htm",
    "finalLink": "https://www.sec.gov/Archives/edgar/data/1041061/000104106120000015/yum10k12312019.htm"
  },
  {
    "date": "2018-12-31",
    "symbol": "YUM",
    "reportedCurrency": "USD",
    "cik": "0001041061",
    "fillingDate": "2019-02-21",
    "acceptedDate": "2019-02-21 08:05:55",
    "calendarYear": "2018",
    "period": "FY",
    "revenue": 5688000000,
    "costOfRevenue": 3030000000,
    "grossProfit": 2658000000,
    "grossProfitRatio": 0.4672995781,
    "researchAndDevelopmentExpenses": 0,
    "generalAndAdministrativeExpenses": 895000000,
    "sellingAndMarketingExpenses": 0,
    "sellingGeneralAndAdministrativeExpenses": 895000000,
    "otherExpenses": -533000000,
    "operatingExpenses": 362000000,
    "costAndExpenses": 3392000000,
    "interestIncome": 0,
    "interestExpense": 452000000,
    "depreciationAndAmortization": 137000000,
    "ebitda": 2428000000,
    "ebitdaratio": 0.4268635724,
    "operatingIncome": 2296000000,
    "operatingIncomeRatio": 0.4036568214,
    "totalOtherIncomeExpensesNet": -457000000,
    "incomeBeforeTax": 1839000000,
    "incomeBeforeTaxRatio": 0.3233122363,
    "incomeTaxExpense": 297000000,
    "netIncome": 1542000000,
    "netIncomeRatio": 0.2710970464,
    "eps": 4.79,
    "epsdiluted": 4.69,
    "weightedAverageShsOut": 322000000,
    "weightedAverageShsOutDil": 329000000,
    "link": "https://www.sec.gov/Archives/edgar/data/1041061/000104106119000010/0001041061-19-000010-index.htm",
    "finalLink": "https://www.sec.gov/Archives/edgar/data/1041061/000104106119000010/yum10k12312018.htm"
  },
  {
    "date": "2017-12-31",
    "symbol": "YUM",
    "reportedCurrency": "USD",
    "cik": "0001041061",
    "fillingDate": "2018-02-22",
    "acceptedDate": "2018-02-21 18:48:05",
    "calendarYear": "2017",
    "period": "FY",
    "revenue": 5878000000,
    "costOfRevenue": 3191000000,
    "grossProfit": 2687000000,
    "grossProfitRatio": 0.4571282749,
    "researchAndDevelopmentExpenses": 22000000,
    "generalAndAdministrativeExpenses": 999000000,
    "sellingAndMarketingExpenses": 0,
    "sellingGeneralAndAdministrativeExpenses": 999000000,
    "otherExpenses": -1073000000,
    "operatingExpenses": -74000000,
    "costAndExpenses": 3117000000,
    "interestIncome": 0,
    "interestExpense": 445000000,
    "depreciationAndAmortization": 253000000,
    "ebitda": 2972000000,
    "ebitdaratio": 0.5056141545,
    "operatingIncome": 2761000000,
    "operatingIncomeRatio": 0.469717591,
    "totalOtherIncomeExpensesNet": -487000000,
    "incomeBeforeTax": 2274000000,
    "incomeBeforeTaxRatio": 0.386866281,
    "incomeTaxExpense": 934000000,
    "netIncome": 1340000000,
    "netIncomeRatio": 0.2279686968,
    "eps": 3.86,
    "epsdiluted": 3.77,
    "weightedAverageShsOut": 347000000,
    "weightedAverageShsOutDil": 355000000,
    "link": "https://www.sec.gov/Archives/edgar/data/1041061/000104106118000013/0001041061-18-000013-index.htm",
    "finalLink": "https://www.sec.gov/Archives/edgar/data/1041061/000104106118000013/yum10k12312017.htm"
  },
  {
    "date": "2016-12-31",
    "symbol": "YUM",
    "reportedCurrency": "USD",
    "cik": "0001041061",
    "fillingDate": "2017-02-22",
    "acceptedDate": "2017-02-22 06:16:42",
    "calendarYear": "2016",
    "period": "FY",
    "revenue": 6356000000,
    "costOfRevenue": 3690000000,
    "grossProfit": 2666000000,
    "grossProfitRatio": 0.4194461926,
    "researchAndDevelopmentExpenses": 24000000,
    "generalAndAdministrativeExpenses": 1129000000,
    "sellingAndMarketingExpenses": 6000000,
    "sellingGeneralAndAdministrativeExpenses": 1129000000,
    "otherExpenses": -145000000,
    "operatingExpenses": 984000000,
    "costAndExpenses": 4674000000,
    "interestIncome": 0,
    "interestExpense": 305000000,
    "depreciationAndAmortization": 310000000,
    "ebitda": 1962000000,
    "ebitdaratio": 0.3086847074,
    "operatingIncome": 1682000000,
    "operatingIncomeRatio": 0.2646318439,
    "totalOtherIncomeExpensesNet": -337000000,
    "incomeBeforeTax": 1345000000,
    "incomeBeforeTaxRatio": 0.2116110761,
    "incomeTaxExpense": 327000000,
    "netIncome": 1643000000,
    "netIncomeRatio": 0.2584959094,
    "eps": 4.17,
    "epsdiluted": 4.1,
    "weightedAverageShsOut": 394000000,
    "weightedAverageShsOutDil": 400000000,
    "link": "https://www.sec.gov/Archives/edgar/data/1041061/000104106117000016/0001041061-17-000016-index.htm",
    "finalLink": "https://www.sec.gov/Archives/edgar/data/1041061/000104106117000016/yum10k12312016.htm"
  },
  {
    "date": "2015-12-26",
    "symbol": "YUM",
    "reportedCurrency": "USD",
    "cik": "0001041061",
    "fillingDate": "2016-02-16",
    "acceptedDate": "2016-02-16 16:52:10",
    "calendarYear": "2015",
    "period": "FY",
    "revenue": 6418000000,
    "costOfRevenue": 3867000000,
    "grossProfit": 2551000000,
    "grossProfitRatio": 0.3974758492,
    "researchAndDevelopmentExpenses": 24000000,
    "generalAndAdministrativeExpenses": 1058000000,
    "sellingAndMarketingExpenses": 0,
    "sellingGeneralAndAdministrativeExpenses": 1058000000,
    "otherExpenses": 59000000,
    "operatingExpenses": 1117000000,
    "costAndExpenses": 4984000000,
    "interestIncome": 0,
    "interestExpense": 141000000,
    "depreciationAndAmortization": 319000000,
    "ebitda": 1713000000,
    "ebitdaratio": 0.2669055781,
    "operatingIncome": 1434000000,
    "operatingIncomeRatio": 0.2234340916,
    "totalOtherIncomeExpensesNet": -181000000,
    "incomeBeforeTax": 1253000000,
    "incomeBeforeTaxRatio": 0.1952321596,
    "incomeTaxExpense": 327000000,
    "netIncome": 1293000000,
    "netIncomeRatio": 0.2014646307,
    "eps": 2.95,
    "epsdiluted": 2.9,
    "weightedAverageShsOut": 435000000,
    "weightedAverageShsOutDil": 443000000,
    "link": "https://www.sec.gov/Archives/edgar/data/1041061/000104106116000056/0001041061-16-000056-index.htm",
    "finalLink": "https://www.sec.gov/Archives/edgar/data/1041061/000104106116000056/yum10k12262015.htm"
  },
  {
    "date": "2014-12-27",
    "symbol": "YUM",
    "reportedCurrency": "USD",
    "cik": "0001041061",
    "fillingDate": "2015-02-17",
    "acceptedDate": "2015-02-17 16:47:44",
    "calendarYear": "2014",
    "period": "FY",
    "revenue": 13279000000,
    "costOfRevenue": 9842000000,
    "grossProfit": 3437000000,
    "grossProfitRatio": 0.2588297312,
    "researchAndDevelopmentExpenses": 25000000,
    "generalAndAdministrativeExpenses": 1028000000,
    "sellingAndMarketingExpenses": 0,
    "sellingGeneralAndAdministrativeExpenses": 1028000000,
    "otherExpenses": 13000000,
    "operatingExpenses": 1041000000,
    "costAndExpenses": 5070000000,
    "interestIncome": 0,
    "interestExpense": 143000000,
    "depreciationAndAmortization": 328000000,
    "ebitda": 1845000000,
    "ebitdaratio": 0.1389411853,
    "operatingIncome": 1517000000,
    "operatingIncomeRatio": 0.1142405302,
    "totalOtherIncomeExpensesNet": -143000000,
    "incomeBeforeTax": 1374000000,
    "incomeBeforeTaxRatio": 0.103471647,
    "incomeTaxExpense": 368000000,
    "netIncome": 1051000000,
    "netIncomeRatio": 0.0791475262,
    "eps": 2.37,
    "epsdiluted": 2.32,
    "weightedAverageShsOut": 444000000,
    "weightedAverageShsOutDil": 453000000,
    "link": "https://www.sec.gov/Archives/edgar/data/1041061/000104106115000007/0001041061-15-000007-index.htm",
    "finalLink": "https://www.sec.gov/Archives/edgar/data/1041061/000104106115000007/yum10k12272014.htm"
  },
  {
    "date": "2013-12-28",
    "symbol": "YUM",
    "reportedCurrency": "USD",
    "cik": "0001041061",
    "fillingDate": "2014-02-18",
    "acceptedDate": "2014-02-18 17:26:37",
    "calendarYear": "2013",
    "period": "FY",
    "revenue": 13084000000,
    "costOfRevenue": 9659000000,
    "grossProfit": 3425000000,
    "grossProfitRatio": 0.2617701009,
    "researchAndDevelopmentExpenses": 31000000,
    "generalAndAdministrativeExpenses": 1412000000,
    "sellingAndMarketingExpenses": 0,
    "sellingGeneralAndAdministrativeExpenses": 1412000000,
    "otherExpenses": 215000000,
    "operatingExpenses": 1627000000,
    "costAndExpenses": 11286000000,
    "interestIncome": 23000000,
    "interestExpense": 270000000,
    "depreciationAndAmortization": 721000000,
    "ebitda": 2519000000,
    "ebitdaratio": 0.1925252216,
    "operatingIncome": 1798000000,
    "operatingIncomeRatio": 0.1374197493,
    "totalOtherIncomeExpensesNet": -247000000,
    "incomeBeforeTax": 1551000000,
    "incomeBeforeTaxRatio": 0.1185417304,
    "incomeTaxExpense": 487000000,
    "netIncome": 1091000000,
    "netIncomeRatio": 0.0833842862,
    "eps": 2.41,
    "epsdiluted": 2.36,
    "weightedAverageShsOut": 452000000,
    "weightedAverageShsOutDil": 461000000,
    "link": "https://www.sec.gov/Archives/edgar/data/1041061/000104106114000007/0001041061-14-000007-index.htm",
    "finalLink": "https://www.sec.gov/Archives/edgar/data/1041061/000104106114000007/yum10k12282013.htm"
  },
  {
    "date": "2012-12-29",
    "symbol": "YUM",
    "reportedCurrency": "USD",
    "cik": "0001041061",
    "fillingDate": "2013-02-20",
    "acceptedDate": "2013-02-19 17:34:03",
    "calendarYear": "2012",
    "period": "FY",
    "revenue": 13633000000,
    "costOfRevenue": 9985000000,
    "grossProfit": 3648000000,
    "grossProfitRatio": 0.2675860045,
    "researchAndDevelopmentExpenses": 30000000,
    "generalAndAdministrativeExpenses": 1510000000,
    "sellingAndMarketingExpenses": 0,
    "sellingGeneralAndAdministrativeExpenses": 1510000000,
    "otherExpenses": -156000000,
    "operatingExpenses": 1354000000,
    "costAndExpenses": 11339000000,
    "interestIncome": 20000000,
    "interestExpense": 169000000,
    "depreciationAndAmortization": 665000000,
    "ebitda": 2959000000,
    "ebitdaratio": 0.2170468716,
    "operatingIncome": 2294000000,
    "operatingIncomeRatio": 0.1682681728,
    "totalOtherIncomeExpensesNet": -149000000,
    "incomeBeforeTax": 2145000000,
    "incomeBeforeTaxRatio": 0.1573388102,
    "incomeTaxExpense": 537000000,
    "netIncome": 1597000000,
    "netIncomeRatio": 0.1171422284,
    "eps": 3.46,
    "epsdiluted": 3.38,
    "weightedAverageShsOut": 461000000,
    "weightedAverageShsOutDil": 473000000,
    "link": "https://www.sec.gov/Archives/edgar/data/1041061/000104106113000007/0001041061-13-000007-index.htm",
    "finalLink": "https://www.sec.gov/Archives/edgar/data/1041061/000104106113000007/yum10k12292012.htm"
  },
  {
    "date": "2011-12-31",
    "symbol": "YUM",
    "reportedCurrency": "USD",
    "cik": "0001041061",
    "fillingDate": "2012-02-21",
    "acceptedDate": "2012-02-21 08:59:16",
    "calendarYear": "2011",
    "period": "FY",
    "revenue": 12626000000,
    "costOfRevenue": 9140000000,
    "grossProfit": 3486000000,
    "grossProfitRatio": 0.2760969428,
    "researchAndDevelopmentExpenses": 0,
    "generalAndAdministrativeExpenses": 1372000000,
    "sellingAndMarketingExpenses": 145000000,
    "sellingGeneralAndAdministrativeExpenses": 1372000000,
    "otherExpenses": 154000000,
    "operatingExpenses": 1526000000,
    "costAndExpenses": 10811000000,
    "interestIncome": 28000000,
    "interestExpense": 184000000,
    "depreciationAndAmortization": 637000000,
    "ebitda": 2480000000,
    "ebitdaratio": 0.1964200855,
    "operatingIncome": 1815000000,
    "operatingIncomeRatio": 0.14375099,
    "totalOtherIncomeExpensesNet": -156000000,
    "incomeBeforeTax": 1659000000,
    "incomeBeforeTaxRatio": 0.131395533,
    "incomeTaxExpense": 324000000,
    "netIncome": 1319000000,
    "netIncomeRatio": 0.1044669729,
    "eps": 2.81,
    "epsdiluted": 2.74,
    "weightedAverageShsOut": 469000000,
    "weightedAverageShsOutDil": 481000000,
    "link": "https://www.sec.gov/Archives/edgar/data/1041061/000104106112000005/0001041061-12-000005-index.htm",
    "finalLink": "https://www.sec.gov/Archives/edgar/data/1041061/000104106112000005/yum10k123111.htm"
  },
  {
    "date": "2010-12-25",
    "symbol": "YUM",
    "reportedCurrency": "USD",
    "cik": "0001041061",
    "fillingDate": "2011-02-15",
    "acceptedDate": "2011-02-15 15:16:03",
    "calendarYear": "2010",
    "period": "FY",
    "revenue": 11343000000,
    "costOfRevenue": 8120000000,
    "grossProfit": 3223000000,
    "grossProfitRatio": 0.2841399982,
    "researchAndDevelopmentExpenses": 0,
    "generalAndAdministrativeExpenses": 1277000000,
    "sellingAndMarketingExpenses": 0,
    "sellingGeneralAndAdministrativeExpenses": 1277000000,
    "otherExpenses": 67000000,
    "operatingExpenses": 1344000000,
    "costAndExpenses": 9574000000,
    "interestIncome": 20000000,
    "interestExpense": 195000000,
    "depreciationAndAmortization": 589000000,
    "ebitda": 2378000000,
    "ebitdaratio": 0.2096447148,
    "operatingIncome": 1769000000,
    "operatingIncomeRatio": 0.1559552147,
    "totalOtherIncomeExpensesNet": -175000000,
    "incomeBeforeTax": 1594000000,
    "incomeBeforeTaxRatio": 0.1405271974,
    "incomeTaxExpense": 416000000,
    "netIncome": 1158000000,
    "netIncomeRatio": 0.1020893943,
    "eps": 2.44,
    "epsdiluted": 2.38,
    "weightedAverageShsOut": 474000000,
    "weightedAverageShsOutDil": 486000000,
    "link": "https://www.sec.gov/Archives/edgar/data/1041061/000104106111000009/0001041061-11-000009-index.htm",
    "finalLink": "https://www.sec.gov/Archives/edgar/data/1041061/000104106111000009/form_10k122510.htm"
  },
  {
    "date": "2009-12-26",
    "symbol": "YUM",
    "reportedCurrency": "USD",
    "cik": "0001041061",
    "fillingDate": "2010-02-17",
    "acceptedDate": "2010-02-17 16:00:59",
    "calendarYear": "2009",
    "period": "FY",
    "revenue": 10836000000,
    "costOfRevenue": 8052000000,
    "grossProfit": 2784000000,
    "grossProfitRatio": 0.2569213732,
    "researchAndDevelopmentExpenses": 0,
    "generalAndAdministrativeExpenses": 0,
    "sellingAndMarketingExpenses": 0,
    "sellingGeneralAndAdministrativeExpenses": 1221000000,
    "otherExpenses": -27000000,
    "operatingExpenses": 1194000000,
    "costAndExpenses": 9246000000,
    "interestIncome": 18000000,
    "interestExpense": 212000000,
    "depreciationAndAmortization": 580000000,
    "ebitda": 2188000000,
    "ebitdaratio": 0.2019195275,
    "operatingIncome": 1590000000,
    "operatingIncomeRatio": 0.1467331118,
    "totalOtherIncomeExpensesNet": -194000000,
    "incomeBeforeTax": 1396000000,
    "incomeBeforeTaxRatio": 0.1288298265,
    "incomeTaxExpense": 313000000,
    "netIncome": 1071000000,
    "netIncomeRatio": 0.0988372093,
    "eps": 2.28,
    "epsdiluted": 2.22,
    "weightedAverageShsOut": 471000000,
    "weightedAverageShsOutDil": 483000000,
    "link": "https://www.sec.gov/Archives/edgar/data/1041061/000104106110000011/0001041061-10-000011-index.htm",
    "finalLink": "https://www.sec.gov/Archives/edgar/data/1041061/000104106110000011/form_10k122609.htm"
  },
  {
    "date": "2008-12-27",
    "symbol": "YUM",
    "reportedCurrency": "USD",
    "cik": "0001041061",
    "fillingDate": "2009-02-23",
    "acceptedDate": "2009-02-23 17:27:29",
    "calendarYear": "2008",
    "period": "FY",
    "revenue": 11279000000,
    "costOfRevenue": 8539000000,
    "grossProfit": 2740000000,
    "grossProfitRatio": 0.2429293377,
    "researchAndDevelopmentExpenses": 0,
    "generalAndAdministrativeExpenses": 0,
    "sellingAndMarketingExpenses": 0,
    "sellingGeneralAndAdministrativeExpenses": 1385000000,
    "otherExpenses": -162000000,
    "operatingExpenses": 1223000000,
    "costAndExpenses": 9787000000,
    "interestIncome": 27000000,
    "interestExpense": 253000000,
    "depreciationAndAmortization": 556000000,
    "ebitda": 2100000000,
    "ebitdaratio": 0.1861867187,
    "operatingIncome": 1517000000,
    "operatingIncomeRatio": 0.1344977392,
    "totalOtherIncomeExpensesNet": -226000000,
    "incomeBeforeTax": 1291000000,
    "incomeBeforeTaxRatio": 0.1144605018,
    "incomeTaxExpense": 316000000,
    "netIncome": 964000000,
    "netIncomeRatio": 0.0854685699,
    "eps": 2.03,
    "epsdiluted": 1.96,
    "weightedAverageShsOut": 475000000,
    "weightedAverageShsOutDil": 491000000,
    "link": "https://www.sec.gov/Archives/edgar/data/1041061/000104106109000077/0001041061-09-000077-index.htm",
    "finalLink": "https://www.sec.gov/Archives/edgar/data/1041061/000104106109000077/form_10-k22309.htm"
  },
  {
    "date": "2008-01-28",
    "symbol": "YUM",
    "reportedCurrency": "USD",
    "cik": "0001041061",
    "fillingDate": "2008-02-25",
    "acceptedDate": "2008-02-25 17:06:11",
    "calendarYear": "2007",
    "period": "FY",
    "revenue": 10416000000,
    "costOfRevenue": 7813000000,
    "grossProfit": 2603000000,
    "grossProfitRatio": 0.2499039939,
    "researchAndDevelopmentExpenses": 0,
    "generalAndAdministrativeExpenses": 0,
    "sellingAndMarketingExpenses": 0,
    "sellingGeneralAndAdministrativeExpenses": 1293000000,
    "otherExpenses": -47000000,
    "operatingExpenses": 1246000000,
    "costAndExpenses": 9059000000,
    "interestIncome": 0,
    "interestExpense": 166000000,
    "depreciationAndAmortization": 542000000,
    "ebitda": 1923000000,
    "ebitdaratio": 0.1846198157,
    "operatingIncome": 1357000000,
    "operatingIncomeRatio": 0.1302803379,
    "totalOtherIncomeExpensesNet": -166000000,
    "incomeBeforeTax": 1191000000,
    "incomeBeforeTaxRatio": 0.114343318,
    "incomeTaxExpense": 282000000,
    "netIncome": 909000000,
    "netIncomeRatio": 0.0872695853,
    "eps": 1.74,
    "epsdiluted": 1.68,
    "weightedAverageShsOut": 522000000,
    "weightedAverageShsOutDil": 541000000,
    "link": "https://www.sec.gov/Archives/edgar/data/1041061/000104106108000092/0001041061-08-000092-index.htm",
    "finalLink": "https://www.sec.gov/Archives/edgar/data/1041061/000104106108000092/form10k.htm"
  },
  {
    "date": "2006-12-31",
    "symbol": "YUM",
    "reportedCurrency": "USD",
    "cik": "0001041061",
    "fillingDate": "2007-02-28",
    "acceptedDate": "2007-02-28 12:06:08",
    "calendarYear": "2006",
    "period": "FY",
    "revenue": 9561000000,
    "costOfRevenue": 7094000000,
    "grossProfit": 2467000000,
    "grossProfitRatio": 0.258027403,
    "researchAndDevelopmentExpenses": 0,
    "generalAndAdministrativeExpenses": 0,
    "sellingAndMarketingExpenses": 0,
    "sellingGeneralAndAdministrativeExpenses": 1222000000,
    "otherExpenses": -17000000,
    "operatingExpenses": 1205000000,
    "costAndExpenses": 8299000000,
    "interestIncome": 0,
    "interestExpense": 154000000,
    "depreciationAndAmortization": 479000000,
    "ebitda": 1800000000,
    "ebitdaratio": 0.1882648259,
    "operatingIncome": 1262000000,
    "operatingIncomeRatio": 0.1319945612,
    "totalOtherIncomeExpensesNet": -154000000,
    "incomeBeforeTax": 1108000000,
    "incomeBeforeTaxRatio": 0.1158874595,
    "incomeTaxExpense": 284000000,
    "netIncome": 824000000,
    "netIncomeRatio": 0.0861834536,
    "eps": 1.51,
    "epsdiluted": 1.46,
    "weightedAverageShsOut": 545695364,
    "weightedAverageShsOutDil": 564383562,
    "link": "https://www.sec.gov/Archives/edgar/data/1041061/000104106107000140/0001041061-07-000140-index.htm",
    "finalLink": "https://www.sec.gov/Archives/edgar/data/1041061/000104106107000140/form10k06.htm"
  },
  {
    "date": "2006-03-31",
    "symbol": "YUM",
    "reportedCurrency": "USD",
    "cik": "0001041061",
    "fillingDate": "2006-04-03",
    "acceptedDate": "2006-04-03 08:48:34",
    "calendarYear": "2005",
    "period": "FY",
    "revenue": 9349000000,
    "costOfRevenue": 7122000000,
    "grossProfit": 2227000000,
    "grossProfitRatio": 0.2382072949,
    "researchAndDevelopmentExpenses": 0,
    "generalAndAdministrativeExpenses": 0,
    "sellingAndMarketingExpenses": 0,
    "sellingGeneralAndAdministrativeExpenses": 1210000000,
    "otherExpenses": -84000000,
    "operatingExpenses": 1126000000,
    "costAndExpenses": 8196000000,
    "interestIncome": 20000000,
    "interestExpense": 147000000,
    "depreciationAndAmortization": 469000000,
    "ebitda": 1622000000,
    "ebitdaratio": 0.1734944914,
    "operatingIncome": 1153000000,
    "operatingIncomeRatio": 0.1233286983,
    "totalOtherIncomeExpensesNet": -127000000,
    "incomeBeforeTax": 1026000000,
    "incomeBeforeTaxRatio": 0.1097443577,
    "incomeTaxExpense": 264000000,
    "netIncome": 762000000,
    "netIncomeRatio": 0.0815060434,
    "eps": 1.33,
    "epsdiluted": 1.27,
    "weightedAverageShsOut": 572000000,
    "weightedAverageShsOutDil": 596000000,
    "link": "https://www.sec.gov/Archives/edgar/data/1041061/000104106106000117/0001041061-06-000117-index.htm",
    "finalLink": "https://www.sec.gov/Archives/edgar/data/1041061/000104106106000117/form10ka.htm"
  },
  {
    "date": "2004-12-25",
    "symbol": "YUM",
    "reportedCurrency": "USD",
    "cik": "0001041061",
    "fillingDate": "2005-02-28",
    "acceptedDate": "2005-02-28 16:37:41",
    "calendarYear": "2004",
    "period": "FY",
    "revenue": 9011000000,
    "costOfRevenue": 4721000000,
    "grossProfit": 4290000000,
    "grossProfitRatio": 0.4760847853,
    "researchAndDevelopmentExpenses": 0,
    "generalAndAdministrativeExpenses": 0,
    "sellingAndMarketingExpenses": 0,
    "sellingGeneralAndAdministrativeExpenses": 1056000000,
    "otherExpenses": -85000000,
    "operatingExpenses": 971000000,
    "costAndExpenses": 7856000000,
    "interestIncome": 0,
    "interestExpense": 129000000,
    "depreciationAndAmortization": 448000000,
    "ebitda": 1603000000,
    "ebitdaratio": 0.1778936855,
    "operatingIncome": 1155000000,
    "operatingIncomeRatio": 0.128176673,
    "totalOtherIncomeExpensesNet": -129000000,
    "incomeBeforeTax": 1026000000,
    "incomeBeforeTaxRatio": 0.1138608368,
    "incomeTaxExpense": 286000000,
    "netIncome": 740000000,
    "netIncomeRatio": 0.0821218511,
    "eps": 1.27,
    "epsdiluted": 1.21,
    "weightedAverageShsOut": 582000000,
    "weightedAverageShsOutDil": 610000000,
    "link": "https://www.sec.gov/Archives/edgar/data/1041061/000104106105000102/0001041061-05-000102-index.htm",
    "finalLink": "https://www.sec.gov/Archives/edgar/data/1041061/000104106105000102/finalform10k.htm"
  },
  {
    "date": "2003-12-27",
    "symbol": "YUM",
    "reportedCurrency": "USD",
    "cik": "0001041061",
    "fillingDate": "2004-03-05",
    "acceptedDate": "2004-03-05 16:33:55",
    "calendarYear": "2003",
    "period": "FY",
    "revenue": 8380000000,
    "costOfRevenue": 4341000000,
    "grossProfit": 4039000000,
    "grossProfitRatio": 0.4819809069,
    "researchAndDevelopmentExpenses": 0,
    "generalAndAdministrativeExpenses": 0,
    "sellingAndMarketingExpenses": 0,
    "sellingGeneralAndAdministrativeExpenses": 3005000000,
    "otherExpenses": -25000000,
    "operatingExpenses": 2980000000,
    "costAndExpenses": 7321000000,
    "interestIncome": 0,
    "interestExpense": 173000000,
    "depreciationAndAmortization": 401000000,
    "ebitda": 1460000000,
    "ebitdaratio": 0.1742243437,
    "operatingIncome": 1059000000,
    "operatingIncomeRatio": 0.126372315,
    "totalOtherIncomeExpensesNet": -173000000,
    "incomeBeforeTax": 886000000,
    "incomeBeforeTaxRatio": 0.1057279236,
    "incomeTaxExpense": 268000000,
    "netIncome": 617000000,
    "netIncomeRatio": 0.073627685,
    "eps": 1.05,
    "epsdiluted": 1.01,
    "weightedAverageShsOut": 587619048,
    "weightedAverageShsOutDil": 610891089,
    "link": "https://www.sec.gov/Archives/edgar/data/1041061/000104106104000122/0001041061-04-000122-index.htm",
    "finalLink": "https://www.sec.gov/Archives/edgar/data/1041061/000104106104000122/form10k03.htm"
  },
  {
    "date": "2002-12-28",
    "symbol": "YUM",
    "reportedCurrency": "USD",
    "cik": "0001041061",
    "fillingDate": "2003-03-11",
    "acceptedDate": "2003-03-11 14:26:50",
    "calendarYear": "2002",
    "period": "FY",
    "revenue": 7757000000,
    "costOfRevenue": 3915000000,
    "grossProfit": 3842000000,
    "grossProfitRatio": 0.4952945726,
    "researchAndDevelopmentExpenses": 0,
    "generalAndAdministrativeExpenses": 0,
    "sellingAndMarketingExpenses": 0,
    "sellingGeneralAndAdministrativeExpenses": 2837000000,
    "otherExpenses": 0,
    "operatingExpenses": 2837000000,
    "costAndExpenses": 6752000000,
    "interestIncome": 0,
    "interestExpense": 176000000,
    "depreciationAndAmortization": 370000000,
    "ebitda": 1375000000,
    "ebitdaratio": 0.1772592497,
    "operatingIncome": 1005000000,
    "operatingIncomeRatio": 0.1295603971,
    "totalOtherIncomeExpensesNet": -147000000,
    "incomeBeforeTax": 858000000,
    "incomeBeforeTaxRatio": 0.1106097718,
    "incomeTaxExpense": 275000000,
    "netIncome": 583000000,
    "netIncomeRatio": 0.0751579219,
    "eps": 0.99,
    "epsdiluted": 0.94,
    "weightedAverageShsOut": 591878173,
    "weightedAverageShsOutDil": 620212766,
    "link": "https://www.sec.gov/Archives/edgar/data/1041061/000104106103000003/0001041061-03-000003-index.htm",
    "finalLink": "https://www.sec.gov/Archives/edgar/data/1041061/000104106103000003/form10k02.htm"
  },
  {
    "date": "2001-12-29",
    "symbol": "YUM",
    "reportedCurrency": "USD",
    "cik": "0001041061",
    "fillingDate": "2002-03-11",
    "acceptedDate": "2002-03-11 00:00:00",
    "calendarYear": "2001",
    "period": "FY",
    "revenue": 6953000000,
    "costOfRevenue": 3566000000,
    "grossProfit": 3387000000,
    "grossProfitRatio": 0.4871278585,
    "researchAndDevelopmentExpenses": 0,
    "generalAndAdministrativeExpenses": 0,
    "sellingAndMarketingExpenses": 0,
    "sellingGeneralAndAdministrativeExpenses": 2521000000,
    "otherExpenses": 0,
    "operatingExpenses": 2521000000,
    "costAndExpenses": 6087000000,
    "interestIncome": 0,
    "interestExpense": 0,
    "depreciationAndAmortization": 354000000,
    "ebitda": 1220000000,
    "ebitdaratio": 0.1754638286,
    "operatingIncome": 866000000,
    "operatingIncomeRatio": 0.1245505537,
    "totalOtherIncomeExpensesNet": -133000000,
    "incomeBeforeTax": 733000000,
    "incomeBeforeTaxRatio": 0.1054221199,
    "incomeTaxExpense": 241000000,
    "netIncome": 492000000,
    "netIncomeRatio": 0.0707608227,
    "eps": 0.84,
    "epsdiluted": 0.81,
    "weightedAverageShsOut": 585714286,
    "weightedAverageShsOutDil": 607407407,
    "link": "https://www.sec.gov/Archives/edgar/data/1041061/000104106102000003/0001041061-02-000003-index.htm",
    "finalLink": "https://www.sec.gov/Archives/edgar/data/1041061/000104106102000003/form10k2001.htm"
  },
  {
    "date": "2000-12-30",
    "symbol": "YUM",
    "reportedCurrency": "USD",
    "cik": "0001041061",
    "fillingDate": "2001-03-28",
    "acceptedDate": "2001-03-28 00:00:00",
    "calendarYear": "2000",
    "period": "FY",
    "revenue": 7093000000,
    "costOfRevenue": 3253000000,
    "grossProfit": 3840000000,
    "grossProfitRatio": 0.5413788242,
    "researchAndDevelopmentExpenses": 0,
    "generalAndAdministrativeExpenses": 0,
    "sellingAndMarketingExpenses": 0,
    "sellingGeneralAndAdministrativeExpenses": 2623000000,
    "otherExpenses": 354000000,
    "operatingExpenses": 2977000000,
    "costAndExpenses": 6230000000,
    "interestIncome": 0,
    "interestExpense": 0,
    "depreciationAndAmortization": 354000000,
    "ebitda": 1217000000,
    "ebitdaratio": 0.1715776117,
    "operatingIncome": 863000000,
    "operatingIncomeRatio": 0.1216692514,
    "totalOtherIncomeExpensesNet": -179000000,
    "incomeBeforeTax": 684000000,
    "incomeBeforeTaxRatio": 0.0964331031,
    "incomeTaxExpense": 271000000,
    "netIncome": 413000000,
    "netIncomeRatio": 0.0582264204,
    "eps": 0.7,
    "epsdiluted": 0.69,
    "weightedAverageShsOut": 587900356,
    "weightedAverageShsOutDil": 596389892,
    "link": "https://www.sec.gov/Archives/edgar/data/1041061/000104106101500003/0001041061-01-500003-index.htm",
    "finalLink": "https://www.sec.gov/Archives/edgar/data/1041061/000104106101500003/formk2000.htm"
  },
  {
    "date": "1999-12-25",
    "symbol": "YUM",
    "reportedCurrency": "USD",
    "cik": "0001041061",
    "fillingDate": "2000-03-06",
    "acceptedDate": "2000-03-06 00:00:00",
    "calendarYear": "1999",
    "period": "FY",
    "revenue": 7822000000,
    "costOfRevenue": 3666000000,
    "grossProfit": 4156000000,
    "grossProfitRatio": 0.5313219126,
    "researchAndDevelopmentExpenses": 0,
    "generalAndAdministrativeExpenses": 0,
    "sellingAndMarketingExpenses": 0,
    "sellingGeneralAndAdministrativeExpenses": 2876000000,
    "otherExpenses": 386000000,
    "operatingExpenses": 3262000000,
    "costAndExpenses": 6928000000,
    "interestIncome": 0,
    "interestExpense": 0,
    "depreciationAndAmortization": 386000000,
    "ebitda": 1280000000,
    "ebitdaratio": 0.1636410125,
    "operatingIncome": 894000000,
    "operatingIncomeRatio": 0.1142930197,
    "totalOtherIncomeExpensesNet": 144000000,
    "incomeBeforeTax": 1038000000,
    "incomeBeforeTaxRatio": 0.1327026336,
    "incomeTaxExpense": 411000000,
    "netIncome": 627000000,
    "netIncomeRatio": 0.0801585272,
    "eps": 1.02,
    "epsdiluted": 0.98,
    "weightedAverageShsOut": 613202934,
    "weightedAverageShsOutDil": 639795918,
    "link": "https://www.sec.gov/Archives/edgar/data/1041061/000104106100000007/0001041061-00-000007-index.html",
    "finalLink": "https://www.sec.gov/Archives/edgar/data/1041061/000104106100000007/"
  },
  {
    "date": "1998-12-26",
    "symbol": "YUM",
    "reportedCurrency": "USD",
    "cik": "0001041061",
    "fillingDate": "1999-03-24",
    "acceptedDate": "1999-03-24 00:00:00",
    "calendarYear": "1998",
    "period": "FY",
    "revenue": 8468000000,
    "costOfRevenue": 4134000000,
    "grossProfit": 4334000000,
    "grossProfitRatio": 0.5118091639,
    "researchAndDevelopmentExpenses": 0,
    "generalAndAdministrativeExpenses": 0,
    "sellingAndMarketingExpenses": 0,
    "sellingGeneralAndAdministrativeExpenses": 3160000000,
    "otherExpenses": 417000000,
    "operatingExpenses": 3577000000,
    "costAndExpenses": 7711000000,
    "interestIncome": 0,
    "interestExpense": 0,
    "depreciationAndAmortization": 417000000,
    "ebitda": 1185000000,
    "ebitdaratio": 0.1399385923,
    "operatingIncome": 768000000,
    "operatingIncomeRatio": 0.0906943788,
    "totalOtherIncomeExpensesNet": -12000000,
    "incomeBeforeTax": 756000000,
    "incomeBeforeTaxRatio": 0.0892772792,
    "incomeTaxExpense": 311000000,
    "netIncome": 445000000,
    "netIncomeRatio": 0.0525507794,
    "eps": 0.73,
    "epsdiluted": 0.71,
    "weightedAverageShsOut": 609589041,
    "weightedAverageShsOutDil": 626760563,
    "link": "https://www.sec.gov/Archives/edgar/data/1041061/000104106199000004/0001041061-99-000004-index.html",
    "finalLink": "https://www.sec.gov/Archives/edgar/data/1041061/"
  },
  {
    "date": "1997-12-27",
    "symbol": "YUM",
    "reportedCurrency": "USD",
    "cik": "0001041061",
    "fillingDate": "1998-03-26",
    "acceptedDate": "1998-03-26 00:00:00",
    "calendarYear": "1997",
    "period": "FY",
    "revenue": 9681000000,
    "costOfRevenue": 4907000000,
    "grossProfit": 4774000000,
    "grossProfitRatio": 0.4931308749,
    "researchAndDevelopmentExpenses": 0,
    "generalAndAdministrativeExpenses": 0,
    "sellingAndMarketingExpenses": 0,
    "sellingGeneralAndAdministrativeExpenses": 3578000000,
    "otherExpenses": 536000000,
    "operatingExpenses": 4114000000,
    "costAndExpenses": 9018000000,
    "interestIncome": 0,
    "interestExpense": 0,
    "depreciationAndAmortization": 536000000,
    "ebitda": 1208000000,
    "ebitdaratio": 0.1247804979,
    "operatingIncome": 672000000,
    "operatingIncomeRatio": 0.0694143167,
    "totalOtherIncomeExpensesNet": -707000000,
    "incomeBeforeTax": -35000000,
    "incomeBeforeTaxRatio": -0.003615329,
    "incomeTaxExpense": 76000000,
    "netIncome": -111000000,
    "netIncomeRatio": -0.0114657577,
    "eps": -0.19,
    "epsdiluted": -0.19,
    "weightedAverageShsOut": 576623377,
    "weightedAverageShsOutDil": 576623377,
    "link": "https://www.sec.gov/Archives/edgar/data/1041061/000104106198000004/0001041061-98-000004-index.html",
    "finalLink": "https://www.sec.gov/Archives/edgar/data/1041061/"
  }
]