[
  {
    "date": "2025-06-30",
    "symbol": "ZBH",
    "reportedCurrency": "USD",
    "cik": "0001136869",
    "fillingDate": "2025-08-07",
    "acceptedDate": "2025-08-07 16:06:20",
    "calendarYear": "2025",
    "period": "Q2",
    "revenue": 2077300000,
    "costOfRevenue": 592200000,
    "grossProfit": 1485100000,
    "grossProfitRatio": 0.7149184037,
    "researchAndDevelopmentExpenses": 113300000,
    "generalAndAdministrativeExpenses": 0,
    "sellingAndMarketingExpenses": 0,
    "sellingGeneralAndAdministrativeExpenses": 814800000,
    "otherExpenses": 257000000,
    "operatingExpenses": 1185100000,
    "costAndExpenses": 1777300000,
    "interestIncome": 0,
    "interestExpense": 79300000,
    "depreciationAndAmortization": 271800000,
    "ebitda": 575700000,
    "ebitdaratio": 0.2771385934,
    "operatingIncome": 300000000,
    "operatingIncomeRatio": 0.1444182352,
    "totalOtherIncomeExpensesNet": -75400000,
    "incomeBeforeTax": 224600000,
    "incomeBeforeTaxRatio": 0.1081211188,
    "incomeTaxExpense": 71200000,
    "netIncome": 152800000,
    "netIncomeRatio": 0.0735570211,
    "eps": 0.77,
    "epsdiluted": 0.77,
    "weightedAverageShsOut": 197900000,
    "weightedAverageShsOutDil": 198300000,
    "link": "https://www.sec.gov/Archives/edgar/data/1136869/000095017025104989/0000950170-25-104989-index.htm",
    "finalLink": "https://www.sec.gov/Archives/edgar/data/1136869/000095017025104989/zbh-20250630.htm"
  },
  {
    "date": "2025-03-31",
    "symbol": "ZBH",
    "reportedCurrency": "USD",
    "cik": "0001136869",
    "fillingDate": "2025-05-05",
    "acceptedDate": "2025-05-05 16:00:26",
    "calendarYear": "2025",
    "period": "Q1",
    "revenue": 1909100000,
    "costOfRevenue": 549800000,
    "grossProfit": 1359300000,
    "grossProfitRatio": 0.7120108952,
    "researchAndDevelopmentExpenses": 110600000,
    "generalAndAdministrativeExpenses": 0,
    "sellingAndMarketingExpenses": 0,
    "sellingGeneralAndAdministrativeExpenses": 758800000,
    "otherExpenses": 197600000,
    "operatingExpenses": 1067000000,
    "costAndExpenses": 1616800000,
    "interestIncome": 0,
    "interestExpense": 66200000,
    "depreciationAndAmortization": 254400000,
    "ebitda": 549600000,
    "ebitdaratio": 0.2878843434,
    "operatingIncome": 292300000,
    "operatingIncomeRatio": 0.1531087947,
    "totalOtherIncomeExpensesNet": -63300000,
    "incomeBeforeTax": 229000000,
    "incomeBeforeTaxRatio": 0.1199518098,
    "incomeTaxExpense": 46500000,
    "netIncome": 182000000,
    "netIncomeRatio": 0.0953328794,
    "eps": 0.92,
    "epsdiluted": 0.91,
    "weightedAverageShsOut": 198900000,
    "weightedAverageShsOutDil": 199700000,
    "link": "https://www.sec.gov/Archives/edgar/data/1136869/000095017025063509/0000950170-25-063509-index.htm",
    "finalLink": "https://www.sec.gov/Archives/edgar/data/1136869/000095017025063509/zbh-20250331.htm"
  },
  {
    "date": "2024-12-31",
    "symbol": "ZBH",
    "reportedCurrency": "USD",
    "cik": "0001136869",
    "fillingDate": "2025-02-25",
    "acceptedDate": "2025-02-25 16:01:39",
    "calendarYear": "2024",
    "period": "Q4",
    "revenue": 2023200000,
    "costOfRevenue": 586700000,
    "grossProfit": 1436500000,
    "grossProfitRatio": 0.7100138395,
    "researchAndDevelopmentExpenses": 108500000,
    "generalAndAdministrativeExpenses": 0,
    "sellingAndMarketingExpenses": 0,
    "sellingGeneralAndAdministrativeExpenses": 746900000,
    "otherExpenses": 192100000,
    "operatingExpenses": 1047500000,
    "costAndExpenses": 1634200000,
    "interestIncome": 0,
    "interestExpense": 61900000,
    "depreciationAndAmortization": 263600000,
    "ebitda": 614500000,
    "ebitdaratio": 0.3037267695,
    "operatingIncome": 389000000,
    "operatingIncomeRatio": 0.1922696718,
    "totalOtherIncomeExpensesNet": -100000000,
    "incomeBeforeTax": 289000000,
    "incomeBeforeTaxRatio": 0.142843021,
    "incomeTaxExpense": 48900000,
    "netIncome": 239500000,
    "netIncomeRatio": 0.1183768288,
    "eps": 1.2,
    "epsdiluted": 1.2,
    "weightedAverageShsOut": 199100000,
    "weightedAverageShsOutDil": 199900000,
    "link": "https://www.sec.gov/Archives/edgar/data/1136869/000095017025026604/0000950170-25-026604-index.htm",
    "finalLink": "https://www.sec.gov/Archives/edgar/data/1136869/000095017025026604/zbh-20241231.htm"
  },
  {
    "date": "2024-09-30",
    "symbol": "ZBH",
    "reportedCurrency": "USD",
    "cik": "0001136869",
    "fillingDate": "2024-10-30",
    "acceptedDate": "2024-10-30 16:05:30",
    "calendarYear": "2024",
    "period": "Q3",
    "revenue": 1824200000,
    "costOfRevenue": 538600000,
    "grossProfit": 1285600000,
    "grossProfitRatio": 0.7047472865,
    "researchAndDevelopmentExpenses": 111600000,
    "generalAndAdministrativeExpenses": 0,
    "sellingAndMarketingExpenses": 0,
    "sellingGeneralAndAdministrativeExpenses": 709700000,
    "otherExpenses": 184800000,
    "operatingExpenses": 1006100000,
    "costAndExpenses": 1544700000,
    "interestIncome": 0,
    "interestExpense": 54300000,
    "depreciationAndAmortization": 250900000,
    "ebitda": 535500000,
    "ebitdaratio": 0.2935533384,
    "operatingIncome": 279500000,
    "operatingIncomeRatio": 0.1532178489,
    "totalOtherIncomeExpensesNet": -49200000,
    "incomeBeforeTax": 230300000,
    "incomeBeforeTaxRatio": 0.126247122,
    "incomeTaxExpense": -18900000,
    "netIncome": 249100000,
    "netIncomeRatio": 0.1365530095,
    "eps": 1.23,
    "epsdiluted": 1.23,
    "weightedAverageShsOut": 202300000,
    "weightedAverageShsOutDil": 203000000,
    "link": "https://www.sec.gov/Archives/edgar/data/1136869/000095017024118959/0000950170-24-118959-index.htm",
    "finalLink": "https://www.sec.gov/Archives/edgar/data/1136869/000095017024118959/zbh-20240930.htm"
  },
  {
    "date": "2024-06-30",
    "symbol": "ZBH",
    "reportedCurrency": "USD",
    "cik": "0001136869",
    "fillingDate": "2024-08-07",
    "acceptedDate": "2024-08-07 16:05:38",
    "calendarYear": "2024",
    "period": "Q2",
    "revenue": 1942000000,
    "costOfRevenue": 553600000,
    "grossProfit": 1388400000,
    "grossProfitRatio": 0.7149330587,
    "researchAndDevelopmentExpenses": 109400000,
    "generalAndAdministrativeExpenses": 0,
    "sellingAndMarketingExpenses": 0,
    "sellingGeneralAndAdministrativeExpenses": 737100000,
    "otherExpenses": 190600000,
    "operatingExpenses": 1037100000,
    "costAndExpenses": 1590700000,
    "interestIncome": 0,
    "interestExpense": 51100000,
    "depreciationAndAmortization": 243200000,
    "ebitda": 596500000,
    "ebitdaratio": 0.3071575695,
    "operatingIncome": 351300000,
    "operatingIncomeRatio": 0.1808959835,
    "totalOtherIncomeExpensesNet": -49100000,
    "incomeBeforeTax": 302200000,
    "incomeBeforeTaxRatio": 0.1556127703,
    "incomeTaxExpense": 59100000,
    "netIncome": 242800000,
    "netIncomeRatio": 0.1250257467,
    "eps": 1.18,
    "epsdiluted": 1.18,
    "weightedAverageShsOut": 205700000,
    "weightedAverageShsOutDil": 206400000,
    "link": "https://www.sec.gov/Archives/edgar/data/1136869/000095017024092746/0000950170-24-092746-index.htm",
    "finalLink": "https://www.sec.gov/Archives/edgar/data/1136869/000095017024092746/zbh-20240630.htm"
  },
  {
    "date": "2024-03-31",
    "symbol": "ZBH",
    "reportedCurrency": "USD",
    "cik": "0001136869",
    "fillingDate": "2024-05-02",
    "acceptedDate": "2024-05-02 16:08:17",
    "calendarYear": "2024",
    "period": "Q1",
    "revenue": 1889200000,
    "costOfRevenue": 512300000,
    "grossProfit": 1376900000,
    "grossProfitRatio": 0.7288270167,
    "researchAndDevelopmentExpenses": 107900000,
    "generalAndAdministrativeExpenses": 0,
    "sellingAndMarketingExpenses": 0,
    "sellingGeneralAndAdministrativeExpenses": 736200000,
    "otherExpenses": 266900000,
    "operatingExpenses": 1111000000,
    "costAndExpenses": 1623300000,
    "interestIncome": 0,
    "interestExpense": 50700000,
    "depreciationAndAmortization": 238600000,
    "ebitda": 504400000,
    "ebitdaratio": 0.2669913191,
    "operatingIncome": 265900000,
    "operatingIncomeRatio": 0.1407474063,
    "totalOtherIncomeExpensesNet": -50800000,
    "incomeBeforeTax": 215100000,
    "incomeBeforeTaxRatio": 0.1138577176,
    "incomeTaxExpense": 42300000,
    "netIncome": 172400000,
    "netIncomeRatio": 0.0912555579,
    "eps": 0.84,
    "epsdiluted": 0.84,
    "weightedAverageShsOut": 205200000,
    "weightedAverageShsOutDil": 206200000,
    "link": "https://www.sec.gov/Archives/edgar/data/1136869/000095017024052097/0000950170-24-052097-index.htm",
    "finalLink": "https://www.sec.gov/Archives/edgar/data/1136869/000095017024052097/zbh-20240331.htm"
  },
  {
    "date": "2023-12-31",
    "symbol": "ZBH",
    "reportedCurrency": "USD",
    "cik": "0001136869",
    "fillingDate": "2024-02-23",
    "acceptedDate": "2024-02-23 16:06:31",
    "calendarYear": "2023",
    "period": "Q4",
    "revenue": 1940100000,
    "costOfRevenue": 538800000,
    "grossProfit": 1401300000,
    "grossProfitRatio": 0.7222823566,
    "researchAndDevelopmentExpenses": 113300000,
    "generalAndAdministrativeExpenses": 0,
    "sellingAndMarketingExpenses": 0,
    "sellingGeneralAndAdministrativeExpenses": 722300000,
    "otherExpenses": 211500000,
    "operatingExpenses": 1047100000,
    "costAndExpenses": 1585900000,
    "interestIncome": 0,
    "interestExpense": 50300000,
    "depreciationAndAmortization": 241200000,
    "ebitda": 576000000,
    "ebitdaratio": 0.2968919128,
    "operatingIncome": 354200000,
    "operatingIncomeRatio": 0.1825679089,
    "totalOtherIncomeExpensesNet": -69700000,
    "incomeBeforeTax": 284500000,
    "incomeBeforeTaxRatio": 0.1466419257,
    "incomeTaxExpense": -135200000,
    "netIncome": 419200000,
    "netIncomeRatio": 0.2160713365,
    "eps": 2.01,
    "epsdiluted": 2.01,
    "weightedAverageShsOut": 207900000,
    "weightedAverageShsOutDil": 208600000,
    "link": "https://www.sec.gov/Archives/edgar/data/1136869/000095017024019353/0000950170-24-019353-index.htm",
    "finalLink": "https://www.sec.gov/Archives/edgar/data/1136869/000095017024019353/zbh-20231231.htm"
  },
  {
    "date": "2023-09-30",
    "symbol": "ZBH",
    "reportedCurrency": "USD",
    "cik": "0001136869",
    "fillingDate": "2023-11-07",
    "acceptedDate": "2023-11-07 16:05:56",
    "calendarYear": "2023",
    "period": "Q3",
    "revenue": 1753600000,
    "costOfRevenue": 518600000,
    "grossProfit": 1235000000,
    "grossProfitRatio": 0.7042655109,
    "researchAndDevelopmentExpenses": 116900000,
    "generalAndAdministrativeExpenses": 0,
    "sellingAndMarketingExpenses": 0,
    "sellingGeneralAndAdministrativeExpenses": 674900000,
    "otherExpenses": 176600000,
    "operatingExpenses": 968400000,
    "costAndExpenses": 1487000000,
    "interestIncome": 0,
    "interestExpense": 51100000,
    "depreciationAndAmortization": 241200000,
    "ebitda": 511500000,
    "ebitdaratio": 0.2916856752,
    "operatingIncome": 266600000,
    "operatingIncomeRatio": 0.1520301095,
    "totalOtherIncomeExpensesNet": -47400000,
    "incomeBeforeTax": 219200000,
    "incomeBeforeTaxRatio": 0.125,
    "incomeTaxExpense": 56400000,
    "netIncome": 162700000,
    "netIncomeRatio": 0.0927805657,
    "eps": 0.78,
    "epsdiluted": 0.77,
    "weightedAverageShsOut": 208900000,
    "weightedAverageShsOutDil": 210000000,
    "link": "https://www.sec.gov/Archives/edgar/data/1136869/000095017023060232/0000950170-23-060232-index.htm",
    "finalLink": "https://www.sec.gov/Archives/edgar/data/1136869/000095017023060232/zbh-20230930.htm"
  },
  {
    "date": "2023-06-30",
    "symbol": "ZBH",
    "reportedCurrency": "USD",
    "cik": "0001136869",
    "fillingDate": "2023-08-01",
    "acceptedDate": "2023-08-01 16:07:01",
    "calendarYear": "2023",
    "period": "Q2",
    "revenue": 1869600000,
    "costOfRevenue": 525500000,
    "grossProfit": 1344100000,
    "grossProfitRatio": 0.718923834,
    "researchAndDevelopmentExpenses": 118100000,
    "generalAndAdministrativeExpenses": 0,
    "sellingAndMarketingExpenses": 0,
    "sellingGeneralAndAdministrativeExpenses": 725800000,
    "otherExpenses": 170600000,
    "operatingExpenses": 1014500000,
    "costAndExpenses": 1540000000,
    "interestIncome": 0,
    "interestExpense": 51600000,
    "depreciationAndAmortization": 237500000,
    "ebitda": 565900000,
    "ebitdaratio": 0.3026850663,
    "operatingIncome": 329600000,
    "operatingIncomeRatio": 0.1762943945,
    "totalOtherIncomeExpensesNet": -52800000,
    "incomeBeforeTax": 276800000,
    "incomeBeforeTaxRatio": 0.1480530595,
    "incomeTaxExpense": 66900000,
    "netIncome": 209600000,
    "netIncomeRatio": 0.1121095421,
    "eps": 1,
    "epsdiluted": 1,
    "weightedAverageShsOut": 208600000,
    "weightedAverageShsOutDil": 209900000,
    "link": "https://www.sec.gov/Archives/edgar/data/1136869/000095017023036456/0000950170-23-036456-index.htm",
    "finalLink": "https://www.sec.gov/Archives/edgar/data/1136869/000095017023036456/zbh-20230630.htm"
  },
  {
    "date": "2023-03-31",
    "symbol": "ZBH",
    "reportedCurrency": "USD",
    "cik": "0001136869",
    "fillingDate": "2023-05-02",
    "acceptedDate": "2023-05-02 16:06:27",
    "calendarYear": "2023",
    "period": "Q1",
    "revenue": 1831000000,
    "costOfRevenue": 500800000,
    "grossProfit": 1330200000,
    "grossProfitRatio": 0.7264882578,
    "researchAndDevelopmentExpenses": 110400000,
    "generalAndAdministrativeExpenses": 0,
    "sellingAndMarketingExpenses": 0,
    "sellingGeneralAndAdministrativeExpenses": 715900000,
    "otherExpenses": 176600000,
    "operatingExpenses": 1002900000,
    "costAndExpenses": 1503700000,
    "interestIncome": 0,
    "interestExpense": 48200000,
    "depreciationAndAmortization": 231800000,
    "ebitda": 566800000,
    "ebitdaratio": 0.3095576188,
    "operatingIncome": 327300000,
    "operatingIncomeRatio": 0.1787547788,
    "totalOtherIncomeExpensesNet": -40500000,
    "incomeBeforeTax": 286800000,
    "incomeBeforeTaxRatio": 0.1566357182,
    "incomeTaxExpense": 54100000,
    "netIncome": 232500000,
    "netIncomeRatio": 0.1269797925,
    "eps": 1.11,
    "epsdiluted": 1.11,
    "weightedAverageShsOut": 209400000,
    "weightedAverageShsOutDil": 210400000,
    "link": "https://www.sec.gov/Archives/edgar/data/1136869/000095017023016663/0000950170-23-016663-index.htm",
    "finalLink": "https://www.sec.gov/Archives/edgar/data/1136869/000095017023016663/zbh-20230331.htm"
  },
  {
    "date": "2022-12-31",
    "symbol": "ZBH",
    "reportedCurrency": "USD",
    "cik": "0001136869",
    "fillingDate": "2023-02-24",
    "acceptedDate": "2023-02-24 09:46:33",
    "calendarYear": "2022",
    "period": "Q4",
    "revenue": 1825100000,
    "costOfRevenue": 520300000,
    "grossProfit": 1304800000,
    "grossProfitRatio": 0.7149197304,
    "researchAndDevelopmentExpenses": 108000000,
    "generalAndAdministrativeExpenses": 0,
    "sellingAndMarketingExpenses": 0,
    "sellingGeneralAndAdministrativeExpenses": 727100000,
    "otherExpenses": 498000000,
    "operatingExpenses": 1333100000,
    "costAndExpenses": 1853400000,
    "interestIncome": 0,
    "interestExpense": 42600000,
    "depreciationAndAmortization": 228500000,
    "ebitda": 196300000,
    "ebitdaratio": 0.1075557504,
    "operatingIncome": -28300000,
    "operatingIncomeRatio": -0.0155059997,
    "totalOtherIncomeExpensesNet": -46500000,
    "incomeBeforeTax": -74800000,
    "incomeBeforeTaxRatio": -0.0409840557,
    "incomeTaxExpense": 55400000,
    "netIncome": -130500000,
    "netIncomeRatio": -0.0715029313,
    "eps": -0.62,
    "epsdiluted": -0.62,
    "weightedAverageShsOut": 209800000,
    "weightedAverageShsOutDil": 209800000,
    "link": "https://www.sec.gov/Archives/edgar/data/1136869/000095017023004264/0000950170-23-004264-index.htm",
    "finalLink": "https://www.sec.gov/Archives/edgar/data/1136869/000095017023004264/zbh-20221231.htm"
  },
  {
    "date": "2022-09-30",
    "symbol": "ZBH",
    "reportedCurrency": "USD",
    "cik": "0001136869",
    "fillingDate": "2022-11-02",
    "acceptedDate": "2022-11-02 16:06:17",
    "calendarYear": "2022",
    "period": "Q3",
    "revenue": 1669800000,
    "costOfRevenue": 488200000,
    "grossProfit": 1181600000,
    "grossProfitRatio": 0.7076296562,
    "researchAndDevelopmentExpenses": 101700000,
    "generalAndAdministrativeExpenses": 0,
    "sellingAndMarketingExpenses": 0,
    "sellingGeneralAndAdministrativeExpenses": 654900000,
    "otherExpenses": 179700000,
    "operatingExpenses": 936300000,
    "costAndExpenses": 1424500000,
    "interestIncome": 0,
    "interestExpense": 42300000,
    "depreciationAndAmortization": 231400000,
    "ebitda": 451300000,
    "ebitdaratio": 0.2702718888,
    "operatingIncome": 245300000,
    "operatingIncomeRatio": 0.1469038208,
    "totalOtherIncomeExpensesNet": -67700000,
    "incomeBeforeTax": 177600000,
    "incomeBeforeTaxRatio": 0.1063600431,
    "incomeTaxExpense": -16600000,
    "netIncome": 194000000,
    "netIncomeRatio": 0.1161815786,
    "eps": 0.92,
    "epsdiluted": 0.92,
    "weightedAverageShsOut": 209800000,
    "weightedAverageShsOutDil": 210300000,
    "link": "https://www.sec.gov/Archives/edgar/data/1136869/000095017022021220/0000950170-22-021220-index.htm",
    "finalLink": "https://www.sec.gov/Archives/edgar/data/1136869/000095017022021220/zbh-20220930.htm"
  },
  {
    "date": "2022-06-30",
    "symbol": "ZBH",
    "reportedCurrency": "USD",
    "cik": "0001136869",
    "fillingDate": "2022-08-02",
    "acceptedDate": "2022-08-02 16:19:18",
    "calendarYear": "2022",
    "period": "Q2",
    "revenue": 1781800000,
    "costOfRevenue": 511000000,
    "grossProfit": 1270800000,
    "grossProfitRatio": 0.7132113593,
    "researchAndDevelopmentExpenses": 99400000,
    "generalAndAdministrativeExpenses": 0,
    "sellingAndMarketingExpenses": 0,
    "sellingGeneralAndAdministrativeExpenses": 695200000,
    "otherExpenses": 195300000,
    "operatingExpenses": 989900000,
    "costAndExpenses": 1500900000,
    "interestIncome": 0,
    "interestExpense": 38800000,
    "depreciationAndAmortization": 232700000,
    "ebitda": 471000000,
    "ebitdaratio": 0.264339432,
    "operatingIncome": 280900000,
    "operatingIncomeRatio": 0.1576495679,
    "totalOtherIncomeExpensesNet": -81400000,
    "incomeBeforeTax": 199500000,
    "incomeBeforeTaxRatio": 0.1119654282,
    "incomeTaxExpense": 45500000,
    "netIncome": 153700000,
    "netIncomeRatio": 0.0862610843,
    "eps": 0.73,
    "epsdiluted": 0.73,
    "weightedAverageShsOut": 209600000,
    "weightedAverageShsOutDil": 210300000,
    "link": "https://www.sec.gov/Archives/edgar/data/1136869/000095017022013875/0000950170-22-013875-index.htm",
    "finalLink": "https://www.sec.gov/Archives/edgar/data/1136869/000095017022013875/zbh-20220630.htm"
  },
  {
    "date": "2022-03-31",
    "symbol": "ZBH",
    "reportedCurrency": "USD",
    "cik": "0001136869",
    "fillingDate": "2022-05-05",
    "acceptedDate": "2022-05-05 16:11:19",
    "calendarYear": "2022",
    "period": "Q1",
    "revenue": 1663200000,
    "costOfRevenue": 500000000,
    "grossProfit": 1163200000,
    "grossProfitRatio": 0.6993746994,
    "researchAndDevelopmentExpenses": 96900000,
    "generalAndAdministrativeExpenses": 0,
    "sellingAndMarketingExpenses": 0,
    "sellingGeneralAndAdministrativeExpenses": 684500000,
    "otherExpenses": 183400000,
    "operatingExpenses": 964800000,
    "costAndExpenses": 1464800000,
    "interestIncome": 0,
    "interestExpense": 41100000,
    "depreciationAndAmortization": 233800000,
    "ebitda": 376100000,
    "ebitdaratio": 0.2261303511,
    "operatingIncome": 198400000,
    "operatingIncomeRatio": 0.1192881193,
    "totalOtherIncomeExpensesNet": -97200000,
    "incomeBeforeTax": 101200000,
    "incomeBeforeTaxRatio": 0.0608465608,
    "incomeTaxExpense": 28000000,
    "netIncome": 14200000,
    "netIncomeRatio": 0.0085377585,
    "eps": 0.35,
    "epsdiluted": 0.35,
    "weightedAverageShsOut": 209200000,
    "weightedAverageShsOutDil": 210100000,
    "link": "https://www.sec.gov/Archives/edgar/data/1136869/000156459022018250/0001564590-22-018250-index.htm",
    "finalLink": "https://www.sec.gov/Archives/edgar/data/1136869/000156459022018250/zbh-10q_20220331.htm"
  },
  {
    "date": "2021-12-31",
    "symbol": "ZBH",
    "reportedCurrency": "USD",
    "cik": "0001136869",
    "fillingDate": "2022-02-25",
    "acceptedDate": "2022-02-25 16:07:32",
    "calendarYear": "2021",
    "period": "Q4",
    "revenue": 2037900000,
    "costOfRevenue": 661500000,
    "grossProfit": 1376400000,
    "grossProfitRatio": 0.6754011482,
    "researchAndDevelopmentExpenses": 113400000,
    "generalAndAdministrativeExpenses": 0,
    "sellingAndMarketingExpenses": 0,
    "sellingGeneralAndAdministrativeExpenses": 934000000,
    "otherExpenses": 249900000,
    "operatingExpenses": 1297300000,
    "costAndExpenses": 1958800000,
    "interestIncome": 0,
    "interestExpense": 48800000,
    "depreciationAndAmortization": 267100000,
    "ebitda": 177200000,
    "ebitdaratio": 0.0869522548,
    "operatingIncome": 79100000,
    "operatingIncomeRatio": 0.0388144659,
    "totalOtherIncomeExpensesNet": -217800000,
    "incomeBeforeTax": -138700000,
    "incomeBeforeTaxRatio": -0.0680602581,
    "incomeTaxExpense": -54800000,
    "netIncome": -84000000,
    "netIncomeRatio": -0.0412189018,
    "eps": -0.4,
    "epsdiluted": -0.4,
    "weightedAverageShsOut": 208900000,
    "weightedAverageShsOutDil": 208900000,
    "link": "https://www.sec.gov/Archives/edgar/data/1136869/000156459022007160/0001564590-22-007160-index.htm",
    "finalLink": "https://www.sec.gov/Archives/edgar/data/1136869/000156459022007160/zbh-10k_20211231.htm"
  },
  {
    "date": "2021-09-30",
    "symbol": "ZBH",
    "reportedCurrency": "USD",
    "cik": "0001136869",
    "fillingDate": "2021-11-04",
    "acceptedDate": "2021-11-04 16:17:19",
    "calendarYear": "2021",
    "period": "Q3",
    "revenue": 1685400000,
    "costOfRevenue": 491400000,
    "grossProfit": 1194000000,
    "grossProfitRatio": 0.7084371663,
    "researchAndDevelopmentExpenses": 93800000,
    "generalAndAdministrativeExpenses": 0,
    "sellingAndMarketingExpenses": 0,
    "sellingGeneralAndAdministrativeExpenses": 684400000,
    "otherExpenses": 172800000,
    "operatingExpenses": 951000000,
    "costAndExpenses": 1442400000,
    "interestIncome": 0,
    "interestExpense": 52600000,
    "depreciationAndAmortization": 233000000,
    "ebitda": 476300000,
    "ebitdaratio": 0.2826035363,
    "operatingIncome": 243000000,
    "operatingIncomeRatio": 0.1441794233,
    "totalOtherIncomeExpensesNet": -52300000,
    "incomeBeforeTax": 190700000,
    "incomeBeforeTaxRatio": 0.1131482141,
    "incomeTaxExpense": 28300000,
    "netIncome": 145600000,
    "netIncomeRatio": 0.0863889878,
    "eps": 0.7,
    "epsdiluted": 0.69,
    "weightedAverageShsOut": 208800000,
    "weightedAverageShsOutDil": 210600000,
    "link": "https://www.sec.gov/Archives/edgar/data/1136869/000156459021054497/0001564590-21-054497-index.htm",
    "finalLink": "https://www.sec.gov/Archives/edgar/data/1136869/000156459021054497/zbh-10q_20210930.htm"
  },
  {
    "date": "2021-06-30",
    "symbol": "ZBH",
    "reportedCurrency": "USD",
    "cik": "0001136869",
    "fillingDate": "2021-08-03",
    "acceptedDate": "2021-08-03 16:14:59",
    "calendarYear": "2021",
    "period": "Q2",
    "revenue": 1763300000,
    "costOfRevenue": 496200000,
    "grossProfit": 1267100000,
    "grossProfitRatio": 0.7185958147,
    "researchAndDevelopmentExpenses": 165000000,
    "generalAndAdministrativeExpenses": 817400000,
    "sellingAndMarketingExpenses": -120600000,
    "sellingGeneralAndAdministrativeExpenses": 696800000,
    "otherExpenses": 180500000,
    "operatingExpenses": 1042300000,
    "costAndExpenses": 1538500000,
    "interestIncome": 0,
    "interestExpense": 54700000,
    "depreciationAndAmortization": 235800000,
    "ebitda": 468600000,
    "ebitdaratio": 0.2657517155,
    "operatingIncome": 224800000,
    "operatingIncomeRatio": 0.1274882323,
    "totalOtherIncomeExpensesNet": -46700000,
    "incomeBeforeTax": 178100000,
    "incomeBeforeTaxRatio": 0.1010037997,
    "incomeTaxExpense": 33300000,
    "netIncome": 141900000,
    "netIncomeRatio": 0.080474111,
    "eps": 0.68,
    "epsdiluted": 0.67,
    "weightedAverageShsOut": 208600000,
    "weightedAverageShsOutDil": 210700000,
    "link": "https://www.sec.gov/Archives/edgar/data/1136869/000156459021040242/0001564590-21-040242-index.htm",
    "finalLink": "https://www.sec.gov/Archives/edgar/data/1136869/000156459021040242/zbh-10q_20210630.htm"
  },
  {
    "date": "2021-03-31",
    "symbol": "ZBH",
    "reportedCurrency": "USD",
    "cik": "0001136869",
    "fillingDate": "2021-05-04",
    "acceptedDate": "2021-05-04 16:16:02",
    "calendarYear": "2021",
    "period": "Q1",
    "revenue": 1601400000,
    "costOfRevenue": 436300000,
    "grossProfit": 1165100000,
    "grossProfitRatio": 0.727550893,
    "researchAndDevelopmentExpenses": 81000000,
    "generalAndAdministrativeExpenses": 0,
    "sellingAndMarketingExpenses": 0,
    "sellingGeneralAndAdministrativeExpenses": 657000000,
    "otherExpenses": 168400000,
    "operatingExpenses": 906400000,
    "costAndExpenses": 1342700000,
    "interestIncome": 0,
    "interestExpense": 52300000,
    "depreciationAndAmortization": 235700000,
    "ebitda": 502100000,
    "ebitdaratio": 0.3135381541,
    "operatingIncome": 258700000,
    "operatingIncomeRatio": 0.1615461471,
    "totalOtherIncomeExpensesNet": -44600000,
    "incomeBeforeTax": 214100000,
    "incomeBeforeTaxRatio": 0.1336955164,
    "incomeTaxExpense": 21100000,
    "netIncome": 198100000,
    "netIncomeRatio": 0.1237042588,
    "eps": 0.95,
    "epsdiluted": 0.94,
    "weightedAverageShsOut": 208000000,
    "weightedAverageShsOutDil": 210200000,
    "link": "https://www.sec.gov/Archives/edgar/data/1136869/000156459021023347/0001564590-21-023347-index.htm",
    "finalLink": "https://www.sec.gov/Archives/edgar/data/1136869/000156459021023347/zbh-10q_20210331.htm"
  },
  {
    "date": "2020-12-31",
    "symbol": "ZBH",
    "reportedCurrency": "USD",
    "cik": "0001136869",
    "fillingDate": "2021-02-22",
    "acceptedDate": "2021-02-22 16:17:08",
    "calendarYear": "2020",
    "period": "Q4",
    "revenue": 2085300000,
    "costOfRevenue": 647300000,
    "grossProfit": 1438000000,
    "grossProfitRatio": 0.689589028,
    "researchAndDevelopmentExpenses": 100000000,
    "generalAndAdministrativeExpenses": 0,
    "sellingAndMarketingExpenses": 0,
    "sellingGeneralAndAdministrativeExpenses": 893900000,
    "otherExpenses": 203400000,
    "operatingExpenses": 1197300000,
    "costAndExpenses": 1844600000,
    "interestIncome": 0,
    "interestExpense": 53100000,
    "depreciationAndAmortization": 265400000,
    "ebitda": 514100000,
    "ebitdaratio": 0.2465352707,
    "operatingIncome": 240700000,
    "operatingIncomeRatio": 0.1154270369,
    "totalOtherIncomeExpensesNet": -45100000,
    "incomeBeforeTax": 195600000,
    "incomeBeforeTaxRatio": 0.0937994533,
    "incomeTaxExpense": -138200000,
    "netIncome": 333700000,
    "netIncomeRatio": 0.1600249365,
    "eps": 1.61,
    "epsdiluted": 1.59,
    "weightedAverageShsOut": 207400000,
    "weightedAverageShsOutDil": 209300000,
    "link": "https://www.sec.gov/Archives/edgar/data/1136869/000156459021007163/0001564590-21-007163-index.htm",
    "finalLink": "https://www.sec.gov/Archives/edgar/data/1136869/000156459021007163/zbh-10k_20201231.htm"
  },
  {
    "date": "2020-09-30",
    "symbol": "ZBH",
    "reportedCurrency": "USD",
    "cik": "0001136869",
    "fillingDate": "2020-11-06",
    "acceptedDate": "2020-11-06 16:15:55",
    "calendarYear": "2020",
    "period": "Q3",
    "revenue": 1929300000,
    "costOfRevenue": 569400000,
    "grossProfit": 1359900000,
    "grossProfitRatio": 0.7048670502,
    "researchAndDevelopmentExpenses": 85900000,
    "generalAndAdministrativeExpenses": 790000000,
    "sellingAndMarketingExpenses": 0,
    "sellingGeneralAndAdministrativeExpenses": 790000000,
    "otherExpenses": 184800000,
    "operatingExpenses": 1060700000,
    "costAndExpenses": 1630100000,
    "interestIncome": 0,
    "interestExpense": 54000000,
    "depreciationAndAmortization": 258600000,
    "ebitda": 568400000,
    "ebitdaratio": 0.2946146271,
    "operatingIncome": 299200000,
    "operatingIncomeRatio": 0.1550821541,
    "totalOtherIncomeExpensesNet": -43400000,
    "incomeBeforeTax": 255800000,
    "incomeBeforeTaxRatio": 0.1325869486,
    "incomeTaxExpense": 9700000,
    "netIncome": 242500000,
    "netIncomeRatio": 0.1256932566,
    "eps": 1.17,
    "epsdiluted": 1.16,
    "weightedAverageShsOut": 207100000,
    "weightedAverageShsOutDil": 208500000,
    "link": "https://www.sec.gov/Archives/edgar/data/1136869/000156459020051976/0001564590-20-051976-index.htm",
    "finalLink": "https://www.sec.gov/Archives/edgar/data/1136869/000156459020051976/zbh-10q_20200930.htm"
  },
  {
    "date": "2020-06-30",
    "symbol": "ZBH",
    "reportedCurrency": "USD",
    "cik": "0001136869",
    "fillingDate": "2020-08-05",
    "acceptedDate": "2020-08-04 20:07:47",
    "calendarYear": "2020",
    "period": "Q2",
    "revenue": 1226100000,
    "costOfRevenue": 424500000,
    "grossProfit": 801600000,
    "grossProfitRatio": 0.6537802789,
    "researchAndDevelopmentExpenses": 87700000,
    "generalAndAdministrativeExpenses": 665000000,
    "sellingAndMarketingExpenses": 0,
    "sellingGeneralAndAdministrativeExpenses": 665000000,
    "otherExpenses": 220600000,
    "operatingExpenses": 973300000,
    "costAndExpenses": 1397800000,
    "interestIncome": 0,
    "interestExpense": 54000000,
    "depreciationAndAmortization": 255700000,
    "ebitda": 87800000,
    "ebitdaratio": 0.0716091673,
    "operatingIncome": -171700000,
    "operatingIncomeRatio": -0.1400375173,
    "totalOtherIncomeExpensesNet": -50200000,
    "incomeBeforeTax": -221900000,
    "incomeBeforeTaxRatio": -0.1809803442,
    "incomeTaxExpense": -13700000,
    "netIncome": -206600000,
    "netIncomeRatio": -0.1685017535,
    "eps": -1,
    "epsdiluted": -1,
    "weightedAverageShsOut": 206600000,
    "weightedAverageShsOutDil": 206800000,
    "link": "https://www.sec.gov/Archives/edgar/data/1136869/000156459020036314/0001564590-20-036314-index.htm",
    "finalLink": "https://www.sec.gov/Archives/edgar/data/1136869/000156459020036314/zbh-10q_20200630.htm"
  },
  {
    "date": "2020-03-31",
    "symbol": "ZBH",
    "reportedCurrency": "USD",
    "cik": "0001136869",
    "fillingDate": "2020-05-11",
    "acceptedDate": "2020-05-11 16:25:47",
    "calendarYear": "2020",
    "period": "Q1",
    "revenue": 1783800000,
    "costOfRevenue": 487100000,
    "grossProfit": 1296700000,
    "grossProfitRatio": 0.7269312703,
    "researchAndDevelopmentExpenses": 98400000,
    "generalAndAdministrativeExpenses": 0,
    "sellingAndMarketingExpenses": 0,
    "sellingGeneralAndAdministrativeExpenses": 828900000,
    "otherExpenses": 825400000,
    "operatingExpenses": 1752700000,
    "costAndExpenses": 2239800000,
    "interestIncome": 0,
    "interestExpense": 50900000,
    "depreciationAndAmortization": 253000000,
    "ebitda": -200000000,
    "ebitdaratio": -0.1121201928,
    "operatingIncome": -456000000,
    "operatingIncomeRatio": -0.2556340397,
    "totalOtherIncomeExpensesNet": -47900000,
    "incomeBeforeTax": -503900000,
    "incomeBeforeTaxRatio": -0.2824868259,
    "incomeTaxExpense": 5200000,
    "netIncome": -508500000,
    "netIncomeRatio": -0.2850655903,
    "eps": -2.46,
    "epsdiluted": -2.46,
    "weightedAverageShsOut": 206500000,
    "weightedAverageShsOutDil": 206500000,
    "link": "https://www.sec.gov/Archives/edgar/data/1136869/000156459020024235/0001564590-20-024235-index.htm",
    "finalLink": "https://www.sec.gov/Archives/edgar/data/1136869/000156459020024235/zbh-10q_20200331.htm"
  },
  {
    "date": "2019-12-31",
    "symbol": "ZBH",
    "reportedCurrency": "USD",
    "cik": "0001136869",
    "fillingDate": "2020-02-21",
    "acceptedDate": "2020-02-21 09:44:47",
    "calendarYear": "2019",
    "period": "Q4",
    "revenue": 2125700000,
    "costOfRevenue": 582200000,
    "grossProfit": 1543500000,
    "grossProfitRatio": 0.7261137508,
    "researchAndDevelopmentExpenses": 121100000,
    "generalAndAdministrativeExpenses": 0,
    "sellingAndMarketingExpenses": 0,
    "sellingGeneralAndAdministrativeExpenses": 877000000,
    "otherExpenses": 208600000,
    "operatingExpenses": 1206700000,
    "costAndExpenses": 1788900000,
    "interestIncome": 0,
    "interestExpense": 52400000,
    "depreciationAndAmortization": 253900000,
    "ebitda": 595500000,
    "ebitdaratio": 0.2801430117,
    "operatingIncome": 336800000,
    "operatingIncomeRatio": 0.158441925,
    "totalOtherIncomeExpensesNet": -47600000,
    "incomeBeforeTax": 289200000,
    "incomeBeforeTaxRatio": 0.1360493014,
    "incomeTaxExpense": -32200000,
    "netIncome": 320700000,
    "netIncomeRatio": 0.1508679494,
    "eps": 1.56,
    "epsdiluted": 1.54,
    "weightedAverageShsOut": 205800000,
    "weightedAverageShsOutDil": 207800000,
    "link": "https://www.sec.gov/Archives/edgar/data/1136869/000156459020005657/0001564590-20-005657-index.htm",
    "finalLink": "https://www.sec.gov/Archives/edgar/data/1136869/000156459020005657/zbh-10k_20191231.htm"
  },
  {
    "date": "2019-09-30",
    "symbol": "ZBH",
    "reportedCurrency": "USD",
    "cik": "0001136869",
    "fillingDate": "2019-11-05",
    "acceptedDate": "2019-11-05 16:29:17",
    "calendarYear": "2019",
    "period": "Q3",
    "revenue": 1892400000,
    "costOfRevenue": 535700000,
    "grossProfit": 1356700000,
    "grossProfitRatio": 0.7169203128,
    "researchAndDevelopmentExpenses": 114400000,
    "generalAndAdministrativeExpenses": 826400000,
    "sellingAndMarketingExpenses": 0,
    "sellingGeneralAndAdministrativeExpenses": 826400000,
    "otherExpenses": 170100000,
    "operatingExpenses": 1110900000,
    "costAndExpenses": 1646600000,
    "interestIncome": 0,
    "interestExpense": 56800000,
    "depreciationAndAmortization": 251500000,
    "ebitda": 492900000,
    "ebitdaratio": 0.2604629042,
    "operatingIncome": 245800000,
    "operatingIncomeRatio": 0.1298879729,
    "totalOtherIncomeExpensesNet": -61200000,
    "incomeBeforeTax": 184600000,
    "incomeBeforeTaxRatio": 0.0975480871,
    "incomeTaxExpense": -247400000,
    "netIncome": 431100000,
    "netIncomeRatio": 0.2278059607,
    "eps": 2.1,
    "epsdiluted": 2.08,
    "weightedAverageShsOut": 205300000,
    "weightedAverageShsOutDil": 207000000,
    "link": "https://www.sec.gov/Archives/edgar/data/1136869/000156459019040417/0001564590-19-040417-index.htm",
    "finalLink": "https://www.sec.gov/Archives/edgar/data/1136869/000156459019040417/zbh-10q_20190930.htm"
  },
  {
    "date": "2019-06-30",
    "symbol": "ZBH",
    "reportedCurrency": "USD",
    "cik": "0001136869",
    "fillingDate": "2019-08-05",
    "acceptedDate": "2019-08-05 17:23:50",
    "calendarYear": "2019",
    "period": "Q2",
    "revenue": 1988600000,
    "costOfRevenue": 581300000,
    "grossProfit": 1407300000,
    "grossProfitRatio": 0.7076837976,
    "researchAndDevelopmentExpenses": 112100000,
    "generalAndAdministrativeExpenses": 840300000,
    "sellingAndMarketingExpenses": -1500000,
    "sellingGeneralAndAdministrativeExpenses": 838800000,
    "otherExpenses": 251700000,
    "operatingExpenses": 1202600000,
    "costAndExpenses": 1783900000,
    "interestIncome": 0,
    "interestExpense": 59700000,
    "depreciationAndAmortization": 253000000,
    "ebitda": 453000000,
    "ebitdaratio": 0.2277984512,
    "operatingIncome": 204700000,
    "operatingIncomeRatio": 0.1029367394,
    "totalOtherIncomeExpensesNet": -64400000,
    "incomeBeforeTax": 140300000,
    "incomeBeforeTaxRatio": 0.0705521472,
    "incomeTaxExpense": 8400000,
    "netIncome": 133700000,
    "netIncomeRatio": 0.0672332294,
    "eps": 0.65,
    "epsdiluted": 0.65,
    "weightedAverageShsOut": 204800000,
    "weightedAverageShsOutDil": 206200000,
    "link": "https://www.sec.gov/Archives/edgar/data/1136869/000156459019028842/0001564590-19-028842-index.htm",
    "finalLink": "https://www.sec.gov/Archives/edgar/data/1136869/000156459019028842/zbh-10q_20190630.htm"
  },
  {
    "date": "2019-03-31",
    "symbol": "ZBH",
    "reportedCurrency": "USD",
    "cik": "0001136869",
    "fillingDate": "2019-05-06",
    "acceptedDate": "2019-05-06 16:16:46",
    "calendarYear": "2019",
    "period": "Q1",
    "revenue": 1975500000,
    "costOfRevenue": 553400000,
    "grossProfit": 1422100000,
    "grossProfitRatio": 0.7198683877,
    "researchAndDevelopmentExpenses": 101700000,
    "generalAndAdministrativeExpenses": 796400000,
    "sellingAndMarketingExpenses": 0,
    "sellingGeneralAndAdministrativeExpenses": 796400000,
    "otherExpenses": 173800000,
    "operatingExpenses": 1071900000,
    "costAndExpenses": 1625300000,
    "interestIncome": 0,
    "interestExpense": 58000000,
    "depreciationAndAmortization": 247700000,
    "ebitda": 597400000,
    "ebitdaratio": 0.3024044546,
    "operatingIncome": 350200000,
    "operatingIncomeRatio": 0.1772715768,
    "totalOtherIncomeExpensesNet": -58500000,
    "incomeBeforeTax": 291700000,
    "incomeBeforeTaxRatio": 0.1476588206,
    "incomeTaxExpense": 45500000,
    "netIncome": 246100000,
    "netIncomeRatio": 0.1245760567,
    "eps": 1.2,
    "epsdiluted": 1.2,
    "weightedAverageShsOut": 204400000,
    "weightedAverageShsOutDil": 205800000,
    "link": "https://www.sec.gov/Archives/edgar/data/1136869/000156459019015985/0001564590-19-015985-index.htm",
    "finalLink": "https://www.sec.gov/Archives/edgar/data/1136869/000156459019015985/zbh-10q_20190331.htm"
  },
  {
    "date": "2018-12-31",
    "symbol": "ZBH",
    "reportedCurrency": "USD",
    "cik": "0001136869",
    "fillingDate": "2019-02-26",
    "acceptedDate": "2019-02-26 09:17:03",
    "calendarYear": "2018",
    "period": "Q4",
    "revenue": 2071000000,
    "costOfRevenue": 583400000,
    "grossProfit": 1487600000,
    "grossProfitRatio": 0.718300338,
    "researchAndDevelopmentExpenses": 101200000,
    "generalAndAdministrativeExpenses": 0,
    "sellingAndMarketingExpenses": 0,
    "sellingGeneralAndAdministrativeExpenses": 998600000,
    "otherExpenses": 1178300000,
    "operatingExpenses": 2278100000,
    "costAndExpenses": 2861500000,
    "interestIncome": 1000000,
    "interestExpense": 66200000,
    "depreciationAndAmortization": 254800000,
    "ebitda": -544900000,
    "ebitdaratio": -0.2631096089,
    "operatingIncome": -790500000,
    "operatingIncomeRatio": -0.381699662,
    "totalOtherIncomeExpensesNet": -75400000,
    "incomeBeforeTax": -865900000,
    "incomeBeforeTaxRatio": -0.4181071946,
    "incomeTaxExpense": 36600000,
    "netIncome": -901100000,
    "netIncomeRatio": -0.4351038146,
    "eps": -4.41,
    "epsdiluted": -4.38,
    "weightedAverageShsOut": 204400000,
    "weightedAverageShsOutDil": 205800000,
    "link": "https://www.sec.gov/Archives/edgar/data/1136869/000156459019004283/0001564590-19-004283-index.htm",
    "finalLink": "https://www.sec.gov/Archives/edgar/data/1136869/000156459019004283/zbh-10k_20181231.htm"
  },
  {
    "date": "2018-09-30",
    "symbol": "ZBH",
    "reportedCurrency": "USD",
    "cik": "0001136869",
    "fillingDate": "2018-11-01",
    "acceptedDate": "2018-11-01 11:51:17",
    "calendarYear": "2018",
    "period": "Q3",
    "revenue": 1836700000,
    "costOfRevenue": 529000000,
    "grossProfit": 1307700000,
    "grossProfitRatio": 0.7119834486,
    "researchAndDevelopmentExpenses": 95700000,
    "generalAndAdministrativeExpenses": 0,
    "sellingAndMarketingExpenses": 0,
    "sellingGeneralAndAdministrativeExpenses": 787700000,
    "otherExpenses": 201000000,
    "operatingExpenses": 1084400000,
    "costAndExpenses": 1613400000,
    "interestIncome": 800000,
    "interestExpense": 67500000,
    "depreciationAndAmortization": 260600000,
    "ebitda": 481700000,
    "ebitdaratio": 0.2622638428,
    "operatingIncome": 223300000,
    "operatingIncomeRatio": 0.1215767409,
    "totalOtherIncomeExpensesNet": -69700000,
    "incomeBeforeTax": 153600000,
    "incomeBeforeTaxRatio": 0.0836282463,
    "incomeTaxExpense": -8500000,
    "netIncome": 162200000,
    "netIncomeRatio": 0.088310557,
    "eps": 0.8,
    "epsdiluted": 0.79,
    "weightedAverageShsOut": 203700000,
    "weightedAverageShsOutDil": 205400000,
    "link": "https://www.sec.gov/Archives/edgar/data/1136869/000156459018026081/0001564590-18-026081-index.htm",
    "finalLink": "https://www.sec.gov/Archives/edgar/data/1136869/000156459018026081/zbh-10q_20180930.htm"
  },
  {
    "date": "2018-06-30",
    "symbol": "ZBH",
    "reportedCurrency": "USD",
    "cik": "0001136869",
    "fillingDate": "2018-08-06",
    "acceptedDate": "2018-08-06 17:14:27",
    "calendarYear": "2018",
    "period": "Q2",
    "revenue": 2007600000,
    "costOfRevenue": 583700000,
    "grossProfit": 1423900000,
    "grossProfitRatio": 0.7092548316,
    "researchAndDevelopmentExpenses": 99100000,
    "generalAndAdministrativeExpenses": 791300000,
    "sellingAndMarketingExpenses": 0,
    "sellingGeneralAndAdministrativeExpenses": 791300000,
    "otherExpenses": 237500000,
    "operatingExpenses": 1127900000,
    "costAndExpenses": 1711600000,
    "interestIncome": 600000,
    "interestExpense": 75300000,
    "depreciationAndAmortization": 261600000,
    "ebitda": 554700000,
    "ebitdaratio": 0.2763000598,
    "operatingIncome": 296000000,
    "operatingIncomeRatio": 0.147439729,
    "totalOtherIncomeExpensesNet": -78200000,
    "incomeBeforeTax": 217800000,
    "incomeBeforeTaxRatio": 0.1084877466,
    "incomeTaxExpense": 32900000,
    "netIncome": 185000000,
    "netIncomeRatio": 0.0921498306,
    "eps": 0.91,
    "epsdiluted": 0.9,
    "weightedAverageShsOut": 203300000,
    "weightedAverageShsOutDil": 204600000,
    "link": "https://www.sec.gov/Archives/edgar/data/1136869/000156459018019495/0001564590-18-019495-index.htm",
    "finalLink": "https://www.sec.gov/Archives/edgar/data/1136869/000156459018019495/zbh-10q_20180630.htm"
  },
  {
    "date": "2018-03-31",
    "symbol": "ZBH",
    "reportedCurrency": "USD",
    "cik": "0001136869",
    "fillingDate": "2018-05-08",
    "acceptedDate": "2018-05-08 15:36:57",
    "calendarYear": "2018",
    "period": "Q1",
    "revenue": 2017600000,
    "costOfRevenue": 575800000,
    "grossProfit": 1441800000,
    "grossProfitRatio": 0.7146114195,
    "researchAndDevelopmentExpenses": 95700000,
    "generalAndAdministrativeExpenses": 801700000,
    "sellingAndMarketingExpenses": 0,
    "sellingGeneralAndAdministrativeExpenses": 801700000,
    "otherExpenses": 239400000,
    "operatingExpenses": 1136800000,
    "costAndExpenses": 1712600000,
    "interestIncome": 900000,
    "interestExpense": 78000000,
    "depreciationAndAmortization": 263500000,
    "ebitda": 564900000,
    "ebitdaratio": 0.2799861221,
    "operatingIncome": 305000000,
    "operatingIncomeRatio": 0.1511697066,
    "totalOtherIncomeExpensesNet": -81600000,
    "incomeBeforeTax": 223400000,
    "incomeBeforeTaxRatio": 0.1107256146,
    "incomeTaxExpense": 47200000,
    "netIncome": 174700000,
    "netIncomeRatio": 0.0865880254,
    "eps": 0.86,
    "epsdiluted": 0.85,
    "weightedAverageShsOut": 203000000,
    "weightedAverageShsOutDil": 204600000,
    "link": "https://www.sec.gov/Archives/edgar/data/1136869/000156459018011749/0001564590-18-011749-index.htm",
    "finalLink": "https://www.sec.gov/Archives/edgar/data/1136869/000156459018011749/zbh-10q_20180331.htm"
  },
  {
    "date": "2017-12-31",
    "symbol": "ZBH",
    "reportedCurrency": "USD",
    "cik": "0001136869",
    "fillingDate": "2018-02-27",
    "acceptedDate": "2018-02-27 17:18:20",
    "calendarYear": "2017",
    "period": "Q4",
    "revenue": 2074300000,
    "costOfRevenue": 591400000,
    "grossProfit": 1482900000,
    "grossProfitRatio": 0.7148917707,
    "researchAndDevelopmentExpenses": 95000000,
    "generalAndAdministrativeExpenses": 878700000,
    "sellingAndMarketingExpenses": 0,
    "sellingGeneralAndAdministrativeExpenses": 878700000,
    "otherExpenses": 547100000,
    "operatingExpenses": 1520800000,
    "costAndExpenses": 2112200000,
    "interestIncome": 800000,
    "interestExpense": 80000000,
    "depreciationAndAmortization": 264500000,
    "ebitda": 220300000,
    "ebitdaratio": 0.1062045027,
    "operatingIncome": -37900000,
    "operatingIncomeRatio": -0.018271224,
    "totalOtherIncomeExpensesNet": -86300000,
    "incomeBeforeTax": -124200000,
    "incomeBeforeTaxRatio": -0.0598756207,
    "incomeTaxExpense": -1355400000,
    "netIncome": 1231400000,
    "netIncomeRatio": 0.5936460493,
    "eps": 6.21,
    "epsdiluted": 6.16,
    "weightedAverageShsOut": 202500000,
    "weightedAverageShsOutDil": 204100000,
    "link": "https://www.sec.gov/Archives/edgar/data/1136869/000156459018003549/0001564590-18-003549-index.htm",
    "finalLink": "https://www.sec.gov/Archives/edgar/data/1136869/000156459018003549/zbh-10k_20171231.htm"
  },
  {
    "date": "2017-09-30",
    "symbol": "ZBH",
    "reportedCurrency": "USD",
    "cik": "0001136869",
    "fillingDate": "2017-11-06",
    "acceptedDate": "2017-11-06 17:13:41",
    "calendarYear": "2017",
    "period": "Q3",
    "revenue": 1813100000,
    "costOfRevenue": 500900000,
    "grossProfit": 1312200000,
    "grossProfitRatio": 0.7237328333,
    "researchAndDevelopmentExpenses": 91200000,
    "generalAndAdministrativeExpenses": 794900000,
    "sellingAndMarketingExpenses": -83200000,
    "sellingGeneralAndAdministrativeExpenses": 711700000,
    "otherExpenses": 298100000,
    "operatingExpenses": 1101000000,
    "costAndExpenses": 1601900000,
    "interestIncome": 600000,
    "interestExpense": 82300000,
    "depreciationAndAmortization": 266500000,
    "ebitda": 476000000,
    "ebitdaratio": 0.2625337819,
    "operatingIncome": 211200000,
    "operatingIncomeRatio": 0.1164855772,
    "totalOtherIncomeExpensesNet": -84000000,
    "incomeBeforeTax": 127200000,
    "incomeBeforeTaxRatio": 0.0701560863,
    "incomeTaxExpense": 28400000,
    "netIncome": 98800000,
    "netIncomeRatio": 0.054492306,
    "eps": 0.49,
    "epsdiluted": 0.48,
    "weightedAverageShsOut": 202300000,
    "weightedAverageShsOutDil": 204000000,
    "link": "https://www.sec.gov/Archives/edgar/data/1136869/000156459017021865/0001564590-17-021865-index.htm",
    "finalLink": "https://www.sec.gov/Archives/edgar/data/1136869/000156459017021865/zbh-10q_20170930.htm"
  },
  {
    "date": "2017-06-30",
    "symbol": "ZBH",
    "reportedCurrency": "USD",
    "cik": "0001136869",
    "fillingDate": "2017-08-08",
    "acceptedDate": "2017-08-08 13:32:31",
    "calendarYear": "2017",
    "period": "Q2",
    "revenue": 1949500000,
    "costOfRevenue": 527700000,
    "grossProfit": 1421800000,
    "grossProfitRatio": 0.729315209,
    "researchAndDevelopmentExpenses": 92600000,
    "generalAndAdministrativeExpenses": 752200000,
    "sellingAndMarketingExpenses": 0,
    "sellingGeneralAndAdministrativeExpenses": 752200000,
    "otherExpenses": 296900000,
    "operatingExpenses": 1141700000,
    "costAndExpenses": 1669400000,
    "interestIncome": 300000,
    "interestExpense": 82300000,
    "depreciationAndAmortization": 264100000,
    "ebitda": 542800000,
    "ebitdaratio": 0.2784303668,
    "operatingIncome": 280100000,
    "operatingIncomeRatio": 0.1436778661,
    "totalOtherIncomeExpensesNet": -83700000,
    "incomeBeforeTax": 196400000,
    "incomeBeforeTaxRatio": 0.1007437805,
    "incomeTaxExpense": 12300000,
    "netIncome": 184200000,
    "netIncomeRatio": 0.0944857656,
    "eps": 0.91,
    "epsdiluted": 0.9,
    "weightedAverageShsOut": 201800000,
    "weightedAverageShsOutDil": 203700000,
    "link": "https://www.sec.gov/Archives/edgar/data/1136869/000156459017016390/0001564590-17-016390-index.htm",
    "finalLink": "https://www.sec.gov/Archives/edgar/data/1136869/000156459017016390/zbh-10q_20170630.htm"
  },
  {
    "date": "2017-03-31",
    "symbol": "ZBH",
    "reportedCurrency": "USD",
    "cik": "0001136869",
    "fillingDate": "2017-05-09",
    "acceptedDate": "2017-05-09 15:17:09",
    "calendarYear": "2017",
    "period": "Q1",
    "revenue": 1972400000,
    "costOfRevenue": 512900000,
    "grossProfit": 1459500000,
    "grossProfitRatio": 0.7399614683,
    "researchAndDevelopmentExpenses": 91100000,
    "generalAndAdministrativeExpenses": 848800000,
    "sellingAndMarketingExpenses": 0,
    "sellingGeneralAndAdministrativeExpenses": 848800000,
    "otherExpenses": 171500000,
    "operatingExpenses": 1111400000,
    "costAndExpenses": 1624300000,
    "interestIncome": 500000,
    "interestExpense": 82900000,
    "depreciationAndAmortization": 267600000,
    "ebitda": 615700000,
    "ebitdaratio": 0.3121577773,
    "operatingIncome": 348100000,
    "operatingIncomeRatio": 0.1764854999,
    "totalOtherIncomeExpensesNet": -82900000,
    "incomeBeforeTax": 265200000,
    "incomeBeforeTaxRatio": 0.1344554857,
    "incomeTaxExpense": -34100000,
    "netIncome": 299400000,
    "netIncomeRatio": 0.1517947678,
    "eps": 1.49,
    "epsdiluted": 1.47,
    "weightedAverageShsOut": 201100000,
    "weightedAverageShsOutDil": 203100000,
    "link": "https://www.sec.gov/Archives/edgar/data/1136869/000119312517164030/0001193125-17-164030-index.htm",
    "finalLink": "https://www.sec.gov/Archives/edgar/data/1136869/000119312517164030/d376667d10q.htm"
  },
  {
    "date": "2016-12-31",
    "symbol": "ZBH",
    "reportedCurrency": "USD",
    "cik": "0001136869",
    "fillingDate": "2017-03-01",
    "acceptedDate": "2017-03-01 15:58:49",
    "calendarYear": "2016",
    "period": "Q4",
    "revenue": 2013100000,
    "costOfRevenue": 621800000,
    "grossProfit": 1391300000,
    "grossProfitRatio": 0.6911231434,
    "researchAndDevelopmentExpenses": 95700000,
    "generalAndAdministrativeExpenses": 1106800000,
    "sellingAndMarketingExpenses": 0,
    "sellingGeneralAndAdministrativeExpenses": 1106800000,
    "otherExpenses": 5500000,
    "operatingExpenses": 1208000000,
    "costAndExpenses": 1829800000,
    "interestIncome": 200000,
    "interestExpense": 90100000,
    "depreciationAndAmortization": 252000000,
    "ebitda": 372900000,
    "ebitdaratio": 0.1852366996,
    "operatingIncome": 183300000,
    "operatingIncomeRatio": 0.0910535989,
    "totalOtherIncomeExpensesNet": -152500000,
    "incomeBeforeTax": 30800000,
    "incomeBeforeTaxRatio": 0.0152997864,
    "incomeTaxExpense": -38900000,
    "netIncome": 69600000,
    "netIncomeRatio": 0.0345735433,
    "eps": 0.33,
    "epsdiluted": 0.33,
    "weightedAverageShsOut": 200400000,
    "weightedAverageShsOutDil": 202500000,
    "link": "https://www.sec.gov/Archives/edgar/data/1136869/000119312517065632/0001193125-17-065632-index.htm",
    "finalLink": "https://www.sec.gov/Archives/edgar/data/1136869/000119312517065632/d285470d10k.htm"
  },
  {
    "date": "2016-09-30",
    "symbol": "ZBH",
    "reportedCurrency": "USD",
    "cik": "0001136869",
    "fillingDate": "2016-11-08",
    "acceptedDate": "2016-11-08 09:46:07",
    "calendarYear": "2016",
    "period": "Q3",
    "revenue": 1832800000,
    "costOfRevenue": 479300000,
    "grossProfit": 1353500000,
    "grossProfitRatio": 0.73848756,
    "researchAndDevelopmentExpenses": 95600000,
    "generalAndAdministrativeExpenses": 831400000,
    "sellingAndMarketingExpenses": 0,
    "sellingGeneralAndAdministrativeExpenses": 831400000,
    "otherExpenses": 231000000,
    "operatingExpenses": 1158000000,
    "costAndExpenses": 1637300000,
    "interestIncome": 600000,
    "interestExpense": 91500000,
    "depreciationAndAmortization": 288100000,
    "ebitda": 483100000,
    "ebitdaratio": 0.2635857704,
    "operatingIncome": 195500000,
    "operatingIncomeRatio": 0.1066673942,
    "totalOtherIncomeExpensesNet": -92000000,
    "incomeBeforeTax": 103500000,
    "incomeBeforeTaxRatio": 0.0564709734,
    "incomeTaxExpense": -54400000,
    "netIncome": 158800000,
    "netIncomeRatio": 0.0866433872,
    "eps": 0.79,
    "epsdiluted": 0.78,
    "weightedAverageShsOut": 200100000,
    "weightedAverageShsOutDil": 202900000,
    "link": "https://www.sec.gov/Archives/edgar/data/1136869/000119312516762482/0001193125-16-762482-index.htm",
    "finalLink": "https://www.sec.gov/Archives/edgar/data/1136869/000119312516762482/d276518d10q.htm"
  },
  {
    "date": "2016-06-30",
    "symbol": "ZBH",
    "reportedCurrency": "USD",
    "cik": "0001136869",
    "fillingDate": "2016-08-08",
    "acceptedDate": "2016-08-08 17:03:10",
    "calendarYear": "2016",
    "period": "Q2",
    "revenue": 1934000000,
    "costOfRevenue": 640100000,
    "grossProfit": 1293900000,
    "grossProfitRatio": 0.6690279214,
    "researchAndDevelopmentExpenses": 88600000,
    "generalAndAdministrativeExpenses": 806800000,
    "sellingAndMarketingExpenses": 0,
    "sellingGeneralAndAdministrativeExpenses": 806800000,
    "otherExpenses": 196900000,
    "operatingExpenses": 1092300000,
    "costAndExpenses": 1732400000,
    "interestIncome": 800000,
    "interestExpense": 88100000,
    "depreciationAndAmortization": 252300000,
    "ebitda": 450900000,
    "ebitdaratio": 0.2331437435,
    "operatingIncome": 201600000,
    "operatingIncomeRatio": 0.1042399173,
    "totalOtherIncomeExpensesNet": -91100000,
    "incomeBeforeTax": 110500000,
    "incomeBeforeTaxRatio": 0.0571354705,
    "incomeTaxExpense": 142200000,
    "netIncome": -31300000,
    "netIncomeRatio": -0.0161840745,
    "eps": -0.16,
    "epsdiluted": -0.16,
    "weightedAverageShsOut": 195625000,
    "weightedAverageShsOutDil": 199400000,
    "link": "https://www.sec.gov/Archives/edgar/data/1136869/000119312516675281/0001193125-16-675281-index.htm",
    "finalLink": "https://www.sec.gov/Archives/edgar/data/1136869/000119312516675281/d223996d10q.htm"
  },
  {
    "date": "2016-03-31",
    "symbol": "ZBH",
    "reportedCurrency": "USD",
    "cik": "0001136869",
    "fillingDate": "2016-05-10",
    "acceptedDate": "2016-05-10 15:22:51",
    "calendarYear": "2016",
    "period": "Q1",
    "revenue": 1904000000,
    "costOfRevenue": 640600000,
    "grossProfit": 1263400000,
    "grossProfitRatio": 0.6635504202,
    "researchAndDevelopmentExpenses": 85700000,
    "generalAndAdministrativeExpenses": 716900000,
    "sellingAndMarketingExpenses": 0,
    "sellingGeneralAndAdministrativeExpenses": 716900000,
    "otherExpenses": 215300000,
    "operatingExpenses": 1017900000,
    "costAndExpenses": 1658500000,
    "interestIncome": 1300000,
    "interestExpense": 88200000,
    "depreciationAndAmortization": 246900000,
    "ebitda": 489900000,
    "ebitdaratio": 0.2573004202,
    "operatingIncome": 245500000,
    "operatingIncomeRatio": 0.1289390756,
    "totalOtherIncomeExpensesNet": -90700000,
    "incomeBeforeTax": 154800000,
    "incomeBeforeTaxRatio": 0.081302521,
    "incomeTaxExpense": 46100000,
    "netIncome": 108800000,
    "netIncomeRatio": 0.0571428571,
    "eps": 0.53,
    "epsdiluted": 0.52,
    "weightedAverageShsOut": 200100000,
    "weightedAverageShsOutDil": 202000000,
    "link": "https://www.sec.gov/Archives/edgar/data/1136869/000119312516585477/0001193125-16-585477-index.htm",
    "finalLink": "https://www.sec.gov/Archives/edgar/data/1136869/000119312516585477/d186005d10q.htm"
  },
  {
    "date": "2015-12-31",
    "symbol": "ZBH",
    "reportedCurrency": "USD",
    "cik": "0001136869",
    "fillingDate": "2016-02-29",
    "acceptedDate": "2016-02-29 15:19:23",
    "calendarYear": "2015",
    "period": "Q4",
    "revenue": 1933600000,
    "costOfRevenue": 669300000,
    "grossProfit": 1264300000,
    "grossProfitRatio": 0.6538580885,
    "researchAndDevelopmentExpenses": 85900000,
    "generalAndAdministrativeExpenses": 1099900000,
    "sellingAndMarketingExpenses": 0,
    "sellingGeneralAndAdministrativeExpenses": 1099900000,
    "otherExpenses": -135000000,
    "operatingExpenses": 1050800000,
    "costAndExpenses": 1720100000,
    "interestIncome": 2000000,
    "interestExpense": 90000000,
    "depreciationAndAmortization": 284300000,
    "ebitda": 507500000,
    "ebitdaratio": 0.2624637981,
    "operatingIncome": 213500000,
    "operatingIncomeRatio": 0.1104158047,
    "totalOtherIncomeExpensesNet": -80300000,
    "incomeBeforeTax": 133200000,
    "incomeBeforeTaxRatio": 0.0688870501,
    "incomeTaxExpense": 6500000,
    "netIncome": 127000000,
    "netIncomeRatio": 0.0656805958,
    "eps": 0.63,
    "epsdiluted": 0.63,
    "weightedAverageShsOut": 200100000,
    "weightedAverageShsOutDil": 202000000,
    "link": "https://www.sec.gov/Archives/edgar/data/1136869/000119312516485039/0001193125-16-485039-index.htm",
    "finalLink": "https://www.sec.gov/Archives/edgar/data/1136869/000119312516485039/d112646d10k.htm"
  },
  {
    "date": "2015-09-30",
    "symbol": "ZBH",
    "reportedCurrency": "USD",
    "cik": "0001136869",
    "fillingDate": "2015-11-09",
    "acceptedDate": "2015-11-09 17:07:05",
    "calendarYear": "2015",
    "period": "Q3",
    "revenue": 1762200000,
    "costOfRevenue": 552100000,
    "grossProfit": 1210100000,
    "grossProfitRatio": 0.6866984451,
    "researchAndDevelopmentExpenses": 83300000,
    "generalAndAdministrativeExpenses": 692300000,
    "sellingAndMarketingExpenses": 0,
    "sellingGeneralAndAdministrativeExpenses": 692300000,
    "otherExpenses": 318500000,
    "operatingExpenses": 1094100000,
    "costAndExpenses": 1646200000,
    "interestIncome": 2300000,
    "interestExpense": 90800000,
    "depreciationAndAmortization": 239500000,
    "ebitda": 362100000,
    "ebitdaratio": 0.2054817841,
    "operatingIncome": 116000000,
    "operatingIncomeRatio": 0.0658268074,
    "totalOtherIncomeExpensesNet": -84200000,
    "incomeBeforeTax": 31800000,
    "incomeBeforeTaxRatio": 0.0180456248,
    "incomeTaxExpense": 9600000,
    "netIncome": 22200000,
    "netIncomeRatio": 0.012597889,
    "eps": 0.11,
    "epsdiluted": 0.11,
    "weightedAverageShsOut": 203500000,
    "weightedAverageShsOutDil": 205700000,
    "link": "https://www.sec.gov/Archives/edgar/data/1136869/000119312515372121/0001193125-15-372121-index.htm",
    "finalLink": "https://www.sec.gov/Archives/edgar/data/1136869/000119312515372121/d206828d10q.htm"
  },
  {
    "date": "2015-06-30",
    "symbol": "ZBH",
    "reportedCurrency": "USD",
    "cik": "0001136869",
    "fillingDate": "2015-08-10",
    "acceptedDate": "2015-08-10 17:09:24",
    "calendarYear": "2015",
    "period": "Q2",
    "revenue": 1167600000,
    "costOfRevenue": 294300000,
    "grossProfit": 873300000,
    "grossProfitRatio": 0.7479445015,
    "researchAndDevelopmentExpenses": 51300000,
    "generalAndAdministrativeExpenses": 444200000,
    "sellingAndMarketingExpenses": 0,
    "sellingGeneralAndAdministrativeExpenses": 444200000,
    "otherExpenses": 509900000,
    "operatingExpenses": 1005400000,
    "costAndExpenses": 1299700000,
    "interestIncome": 2500000,
    "interestExpense": 82700000,
    "depreciationAndAmortization": 99600000,
    "ebitda": -56300000,
    "ebitdaratio": -0.048218568,
    "operatingIncome": -132100000,
    "operatingIncomeRatio": -0.113138061,
    "totalOtherIncomeExpensesNet": -106500000,
    "incomeBeforeTax": -238600000,
    "incomeBeforeTaxRatio": -0.2043508051,
    "incomeTaxExpense": -64800000,
    "netIncome": -173600000,
    "netIncomeRatio": -0.1486810552,
    "eps": -0.91,
    "epsdiluted": -0.91,
    "weightedAverageShsOut": 173000000,
    "weightedAverageShsOutDil": 173000000,
    "link": "https://www.sec.gov/Archives/edgar/data/1136869/000119312515285070/0001193125-15-285070-index.htm",
    "finalLink": "https://www.sec.gov/Archives/edgar/data/1136869/000119312515285070/d50125d10q.htm"
  },
  {
    "date": "2015-03-31",
    "symbol": "ZBH",
    "reportedCurrency": "USD",
    "cik": "0001136869",
    "fillingDate": "2015-05-07",
    "acceptedDate": "2015-05-07 16:13:58",
    "calendarYear": "2015",
    "period": "Q1",
    "revenue": 1134400000,
    "costOfRevenue": 284900000,
    "grossProfit": 849500000,
    "grossProfitRatio": 0.7488540197,
    "researchAndDevelopmentExpenses": 48300000,
    "generalAndAdministrativeExpenses": 424100000,
    "sellingAndMarketingExpenses": 0,
    "sellingGeneralAndAdministrativeExpenses": 424100000,
    "otherExpenses": 107200000,
    "operatingExpenses": 579600000,
    "costAndExpenses": 864500000,
    "interestIncome": 2600000,
    "interestExpense": 23100000,
    "depreciationAndAmortization": 89000000,
    "ebitda": 338900000,
    "ebitdaratio": 0.298748237,
    "operatingIncome": 269900000,
    "operatingIncomeRatio": 0.2379231312,
    "totalOtherIncomeExpensesNet": -43100000,
    "incomeBeforeTax": 226800000,
    "incomeBeforeTaxRatio": 0.1999294781,
    "incomeTaxExpense": 55700000,
    "netIncome": 171400000,
    "netIncomeRatio": 0.1510930889,
    "eps": 1.04,
    "epsdiluted": 1.02,
    "weightedAverageShsOut": 170000000,
    "weightedAverageShsOutDil": 172900000,
    "link": "https://www.sec.gov/Archives/edgar/data/1136869/000119312515177116/0001193125-15-177116-index.htm",
    "finalLink": "https://www.sec.gov/Archives/edgar/data/1136869/000119312515177116/d905008d10q.htm"
  },
  {
    "date": "2014-12-31",
    "symbol": "ZBH",
    "reportedCurrency": "USD",
    "cik": "0001136869",
    "fillingDate": "2015-02-23",
    "acceptedDate": "2015-02-23 17:19:22",
    "calendarYear": "2014",
    "period": "Q4",
    "revenue": 1222900000,
    "costOfRevenue": 312900000,
    "grossProfit": 910000000,
    "grossProfitRatio": 0.7441327991,
    "researchAndDevelopmentExpenses": 51100000,
    "generalAndAdministrativeExpenses": 686400000,
    "sellingAndMarketingExpenses": 0,
    "sellingGeneralAndAdministrativeExpenses": 686400000,
    "otherExpenses": -53300000,
    "operatingExpenses": 684200000,
    "costAndExpenses": 997100000,
    "interestIncome": 3500000,
    "interestExpense": 16000000,
    "depreciationAndAmortization": 92600000,
    "ebitda": 302800000,
    "ebitdaratio": 0.2476081446,
    "operatingIncome": 225800000,
    "operatingIncomeRatio": 0.1846430616,
    "totalOtherIncomeExpensesNet": -31600000,
    "incomeBeforeTax": 194200000,
    "incomeBeforeTaxRatio": 0.1588028457,
    "incomeTaxExpense": 37700000,
    "netIncome": 156600000,
    "netIncomeRatio": 0.1280562597,
    "eps": 0.92,
    "epsdiluted": 0.91,
    "weightedAverageShsOut": 170000000,
    "weightedAverageShsOutDil": 172900000,
    "link": "https://www.sec.gov/Archives/edgar/data/1136869/000119312515058361/0001193125-15-058361-index.htm",
    "finalLink": "https://www.sec.gov/Archives/edgar/data/1136869/000119312515058361/d842425d10k.htm"
  },
  {
    "date": "2014-09-30",
    "symbol": "ZBH",
    "reportedCurrency": "USD",
    "cik": "0001136869",
    "fillingDate": "2014-11-05",
    "acceptedDate": "2014-11-05 11:15:01",
    "calendarYear": "2014",
    "period": "Q3",
    "revenue": 1106000000,
    "costOfRevenue": 295900000,
    "grossProfit": 810100000,
    "grossProfitRatio": 0.7324593128,
    "researchAndDevelopmentExpenses": 45900000,
    "generalAndAdministrativeExpenses": 422800000,
    "sellingAndMarketingExpenses": 0,
    "sellingGeneralAndAdministrativeExpenses": 422800000,
    "otherExpenses": 86200000,
    "operatingExpenses": 554900000,
    "costAndExpenses": 850800000,
    "interestIncome": 3000000,
    "interestExpense": 16300000,
    "depreciationAndAmortization": 90900000,
    "ebitda": 337000000,
    "ebitdaratio": 0.3047016275,
    "operatingIncome": 255200000,
    "operatingIncomeRatio": 0.2307414105,
    "totalOtherIncomeExpensesNet": -25400000,
    "incomeBeforeTax": 229800000,
    "incomeBeforeTaxRatio": 0.2077757685,
    "incomeTaxExpense": 56900000,
    "netIncome": 173100000,
    "netIncomeRatio": 0.1565099458,
    "eps": 0.98,
    "epsdiluted": 0.96,
    "weightedAverageShsOut": 169000000,
    "weightedAverageShsOutDil": 171700000,
    "link": "https://www.sec.gov/Archives/edgar/data/1136869/000119312514397767/0001193125-14-397767-index.htm",
    "finalLink": "https://www.sec.gov/Archives/edgar/data/1136869/000119312514397767/d773292d10q.htm"
  },
  {
    "date": "2014-06-30",
    "symbol": "ZBH",
    "reportedCurrency": "USD",
    "cik": "0001136869",
    "fillingDate": "2014-08-07",
    "acceptedDate": "2014-08-07 16:11:01",
    "calendarYear": "2014",
    "period": "Q2",
    "revenue": 1182900000,
    "costOfRevenue": 331600000,
    "grossProfit": 851300000,
    "grossProfitRatio": 0.7196719926,
    "researchAndDevelopmentExpenses": 48000000,
    "generalAndAdministrativeExpenses": 436100000,
    "sellingAndMarketingExpenses": 0,
    "sellingGeneralAndAdministrativeExpenses": 436100000,
    "otherExpenses": 106300000,
    "operatingExpenses": 590400000,
    "costAndExpenses": 922000000,
    "interestIncome": 2900000,
    "interestExpense": 15800000,
    "depreciationAndAmortization": 91300000,
    "ebitda": 343500000,
    "ebitdaratio": 0.2903880294,
    "operatingIncome": 260900000,
    "operatingIncomeRatio": 0.2205596416,
    "totalOtherIncomeExpensesNet": -24500000,
    "incomeBeforeTax": 236400000,
    "incomeBeforeTaxRatio": 0.1998478316,
    "incomeTaxExpense": 60300000,
    "netIncome": 176500000,
    "netIncomeRatio": 0.1492095697,
    "eps": 1.05,
    "epsdiluted": 1.03,
    "weightedAverageShsOut": 168400000,
    "weightedAverageShsOutDil": 171000000,
    "link": "https://www.sec.gov/Archives/edgar/data/1136869/000119312514300684/0001193125-14-300684-index.htm",
    "finalLink": "https://www.sec.gov/Archives/edgar/data/1136869/000119312514300684/d755990d10q.htm"
  },
  {
    "date": "2014-03-31",
    "symbol": "ZBH",
    "reportedCurrency": "USD",
    "cik": "0001136869",
    "fillingDate": "2014-05-06",
    "acceptedDate": "2014-05-06 14:06:05",
    "calendarYear": "2014",
    "period": "Q1",
    "revenue": 1161500000,
    "costOfRevenue": 303700000,
    "grossProfit": 857800000,
    "grossProfitRatio": 0.7385277658,
    "researchAndDevelopmentExpenses": 47400000,
    "generalAndAdministrativeExpenses": 444500000,
    "sellingAndMarketingExpenses": 0,
    "sellingGeneralAndAdministrativeExpenses": 444500000,
    "otherExpenses": 65800000,
    "operatingExpenses": 557700000,
    "costAndExpenses": 861400000,
    "interestIncome": 2500000,
    "interestExpense": 15000000,
    "depreciationAndAmortization": 101000000,
    "ebitda": 401900000,
    "ebitdaratio": 0.3460180801,
    "operatingIncome": 300100000,
    "operatingIncomeRatio": 0.2583727938,
    "totalOtherIncomeExpensesNet": -14200000,
    "incomeBeforeTax": 285900000,
    "incomeBeforeTaxRatio": 0.2461472234,
    "incomeTaxExpense": 64800000,
    "netIncome": 221500000,
    "netIncomeRatio": 0.1907016789,
    "eps": 1.31,
    "epsdiluted": 1.29,
    "weightedAverageShsOut": 169100000,
    "weightedAverageShsOutDil": 171800000,
    "link": "https://www.sec.gov/Archives/edgar/data/1136869/000119312514184471/0001193125-14-184471-index.htm",
    "finalLink": "https://www.sec.gov/Archives/edgar/data/1136869/000119312514184471/d696411d10q.htm"
  },
  {
    "date": "2013-12-31",
    "symbol": "ZBH",
    "reportedCurrency": "USD",
    "cik": "0001136869",
    "fillingDate": "2014-02-28",
    "acceptedDate": "2014-02-28 14:37:43",
    "calendarYear": "2013",
    "period": "Q4",
    "revenue": 1240700000,
    "costOfRevenue": 340800000,
    "grossProfit": 899900000,
    "grossProfitRatio": 0.7253163537,
    "researchAndDevelopmentExpenses": 47200000,
    "generalAndAdministrativeExpenses": 610100000,
    "sellingAndMarketingExpenses": 0,
    "sellingGeneralAndAdministrativeExpenses": 610100000,
    "otherExpenses": -72700000,
    "operatingExpenses": 584600000,
    "costAndExpenses": 925400000,
    "interestIncome": 4200000,
    "interestExpense": 16500000,
    "depreciationAndAmortization": 90100000,
    "ebitda": 409600000,
    "ebitdaratio": 0.3301362134,
    "operatingIncome": 315300000,
    "operatingIncomeRatio": 0.2541307327,
    "totalOtherIncomeExpensesNet": -12300000,
    "incomeBeforeTax": 303000000,
    "incomeBeforeTaxRatio": 0.2442169743,
    "incomeTaxExpense": 67600000,
    "netIncome": 235900000,
    "netIncomeRatio": 0.1901346014,
    "eps": 1.38,
    "epsdiluted": 1.36,
    "weightedAverageShsOut": 170700000,
    "weightedAverageShsOutDil": 173500000,
    "link": "https://www.sec.gov/Archives/edgar/data/1136869/000119312514076641/0001193125-14-076641-index.htm",
    "finalLink": "https://www.sec.gov/Archives/edgar/data/1136869/000119312514076641/d649455d10k.htm"
  },
  {
    "date": "2013-09-30",
    "symbol": "ZBH",
    "reportedCurrency": "USD",
    "cik": "0001136869",
    "fillingDate": "2013-11-12",
    "acceptedDate": "2013-11-12 10:12:55",
    "calendarYear": "2013",
    "period": "Q3",
    "revenue": 1074300000,
    "costOfRevenue": 328800000,
    "grossProfit": 745500000,
    "grossProfitRatio": 0.6939402402,
    "researchAndDevelopmentExpenses": 49400000,
    "generalAndAdministrativeExpenses": 438000000,
    "sellingAndMarketingExpenses": 0,
    "sellingGeneralAndAdministrativeExpenses": 438000000,
    "otherExpenses": 46400000,
    "operatingExpenses": 533800000,
    "costAndExpenses": 862600000,
    "interestIncome": 3800000,
    "interestExpense": 17100000,
    "depreciationAndAmortization": 91900000,
    "ebitda": 307400000,
    "ebitdaratio": 0.286139812,
    "operatingIncome": 211700000,
    "operatingIncomeRatio": 0.1970585498,
    "totalOtherIncomeExpensesNet": -13300000,
    "incomeBeforeTax": 198400000,
    "incomeBeforeTaxRatio": 0.1846783952,
    "incomeTaxExpense": 44300000,
    "netIncome": 154400000,
    "netIncomeRatio": 0.1437214931,
    "eps": 0.91,
    "epsdiluted": 0.9,
    "weightedAverageShsOut": 170000000,
    "weightedAverageShsOutDil": 172200000,
    "link": "https://www.sec.gov/Archives/edgar/data/1136869/000119312513437324/0001193125-13-437324-index.htm",
    "finalLink": "https://www.sec.gov/Archives/edgar/data/1136869/000119312513437324/d595745d10q.htm"
  },
  {
    "date": "2013-06-30",
    "symbol": "ZBH",
    "reportedCurrency": "USD",
    "cik": "0001136869",
    "fillingDate": "2013-08-07",
    "acceptedDate": "2013-08-07 14:17:56",
    "calendarYear": "2013",
    "period": "Q2",
    "revenue": 1169500000,
    "costOfRevenue": 323600000,
    "grossProfit": 845900000,
    "grossProfitRatio": 0.7233005558,
    "researchAndDevelopmentExpenses": 54900000,
    "generalAndAdministrativeExpenses": 458000000,
    "sellingAndMarketingExpenses": 0,
    "sellingGeneralAndAdministrativeExpenses": 458000000,
    "otherExpenses": 122600000,
    "operatingExpenses": 635500000,
    "costAndExpenses": 959100000,
    "interestIncome": 3900000,
    "interestExpense": 18300000,
    "depreciationAndAmortization": 91400000,
    "ebitda": 305700000,
    "ebitdaratio": 0.261393758,
    "operatingIncome": 210400000,
    "operatingIncomeRatio": 0.1799059427,
    "totalOtherIncomeExpensesNet": -14400000,
    "incomeBeforeTax": 196000000,
    "incomeBeforeTaxRatio": 0.1675929885,
    "incomeTaxExpense": 44300000,
    "netIncome": 152100000,
    "netIncomeRatio": 0.1300555793,
    "eps": 0.9,
    "epsdiluted": 0.89,
    "weightedAverageShsOut": 168800000,
    "weightedAverageShsOutDil": 170700000,
    "link": "https://www.sec.gov/Archives/edgar/data/1136869/000119312513323827/0001193125-13-323827-index.htm",
    "finalLink": "https://www.sec.gov/Archives/edgar/data/1136869/000119312513323827/d560322d10q.htm"
  },
  {
    "date": "2013-03-31",
    "symbol": "ZBH",
    "reportedCurrency": "USD",
    "cik": "0001136869",
    "fillingDate": "2013-05-08",
    "acceptedDate": "2013-05-08 15:25:37",
    "calendarYear": "2013",
    "period": "Q1",
    "revenue": 1138900000,
    "costOfRevenue": 292900000,
    "grossProfit": 846000000,
    "grossProfitRatio": 0.7428220212,
    "researchAndDevelopmentExpenses": 53500000,
    "generalAndAdministrativeExpenses": 460800000,
    "sellingAndMarketingExpenses": 0,
    "sellingGeneralAndAdministrativeExpenses": 460800000,
    "otherExpenses": 33500000,
    "operatingExpenses": 547800000,
    "costAndExpenses": 840700000,
    "interestIncome": 3700000,
    "interestExpense": 18200000,
    "depreciationAndAmortization": 85100000,
    "ebitda": 387000000,
    "ebitdaratio": 0.3398015629,
    "operatingIncome": 298200000,
    "operatingIncomeRatio": 0.2618315919,
    "totalOtherIncomeExpensesNet": -14500000,
    "incomeBeforeTax": 283700000,
    "incomeBeforeTaxRatio": 0.2491000088,
    "incomeTaxExpense": 65700000,
    "netIncome": 218600000,
    "netIncomeRatio": 0.1919395908,
    "eps": 1.3,
    "epsdiluted": 1.28,
    "weightedAverageShsOut": 168700000,
    "weightedAverageShsOutDil": 170700000,
    "link": "https://www.sec.gov/Archives/edgar/data/1136869/000119312513207263/0001193125-13-207263-index.htm",
    "finalLink": "https://www.sec.gov/Archives/edgar/data/1136869/000119312513207263/d497857d10q.htm"
  },
  {
    "date": "2012-12-31",
    "symbol": "ZBH",
    "reportedCurrency": "USD",
    "cik": "0001136869",
    "fillingDate": "2013-02-27",
    "acceptedDate": "2013-02-27 15:54:50",
    "calendarYear": "2012",
    "period": "Q4",
    "revenue": 1180500000,
    "costOfRevenue": 298900000,
    "grossProfit": 881600000,
    "grossProfitRatio": 0.7468022025,
    "researchAndDevelopmentExpenses": 55300000,
    "generalAndAdministrativeExpenses": 565700000,
    "sellingAndMarketingExpenses": 0,
    "sellingGeneralAndAdministrativeExpenses": 565700000,
    "otherExpenses": 60100000,
    "operatingExpenses": 681100000,
    "costAndExpenses": 980000000,
    "interestIncome": 4900000,
    "interestExpense": 18900000,
    "depreciationAndAmortization": 90200000,
    "ebitda": 295600000,
    "ebitdaratio": 0.2504023719,
    "operatingIncome": 200500000,
    "operatingIncomeRatio": 0.1698432867,
    "totalOtherIncomeExpensesNet": -14000000,
    "incomeBeforeTax": 186500000,
    "incomeBeforeTaxRatio": 0.1579839051,
    "incomeTaxExpense": 34200000,
    "netIncome": 152800000,
    "netIncomeRatio": 0.1294366794,
    "eps": 0.91,
    "epsdiluted": 0.9,
    "weightedAverageShsOut": 168700000,
    "weightedAverageShsOutDil": 170700000,
    "link": "https://www.sec.gov/Archives/edgar/data/1136869/000119312513079914/0001193125-13-079914-index.htm",
    "finalLink": "https://www.sec.gov/Archives/edgar/data/1136869/000119312513079914/d458588d10k.htm"
  },
  {
    "date": "2012-09-30",
    "symbol": "ZBH",
    "reportedCurrency": "USD",
    "cik": "0001136869",
    "fillingDate": "2012-11-06",
    "acceptedDate": "2012-11-06 17:14:08",
    "calendarYear": "2012",
    "period": "Q3",
    "revenue": 1025500000,
    "costOfRevenue": 255700000,
    "grossProfit": 769800000,
    "grossProfitRatio": 0.7506582155,
    "researchAndDevelopmentExpenses": 53500000,
    "generalAndAdministrativeExpenses": 430000000,
    "sellingAndMarketingExpenses": 0,
    "sellingGeneralAndAdministrativeExpenses": 430000000,
    "otherExpenses": 36900000,
    "operatingExpenses": 520400000,
    "costAndExpenses": 776100000,
    "interestIncome": 3800000,
    "interestExpense": 18300000,
    "depreciationAndAmortization": 82700000,
    "ebitda": 335900000,
    "ebitdaratio": 0.3275475378,
    "operatingIncome": 249400000,
    "operatingIncomeRatio": 0.2431984398,
    "totalOtherIncomeExpensesNet": -14500000,
    "incomeBeforeTax": 234900000,
    "incomeBeforeTaxRatio": 0.2290589956,
    "incomeTaxExpense": 57200000,
    "netIncome": 178100000,
    "netIncomeRatio": 0.1736713798,
    "eps": 1.02,
    "epsdiluted": 1.02,
    "weightedAverageShsOut": 174100000,
    "weightedAverageShsOutDil": 175300000,
    "link": "https://www.sec.gov/Archives/edgar/data/1136869/000119312512454834/0001193125-12-454834-index.htm",
    "finalLink": "https://www.sec.gov/Archives/edgar/data/1136869/000119312512454834/d403161d10q.htm"
  },
  {
    "date": "2012-06-30",
    "symbol": "ZBH",
    "reportedCurrency": "USD",
    "cik": "0001136869",
    "fillingDate": "2012-08-07",
    "acceptedDate": "2012-08-07 09:28:45",
    "calendarYear": "2012",
    "period": "Q2",
    "revenue": 1125000000,
    "costOfRevenue": 281900000,
    "grossProfit": 843100000,
    "grossProfitRatio": 0.7494222222,
    "researchAndDevelopmentExpenses": 57200000,
    "generalAndAdministrativeExpenses": 453300000,
    "sellingAndMarketingExpenses": 0,
    "sellingGeneralAndAdministrativeExpenses": 453300000,
    "otherExpenses": 30700000,
    "operatingExpenses": 541200000,
    "costAndExpenses": 823100000,
    "interestIncome": 3800000,
    "interestExpense": 18100000,
    "depreciationAndAmortization": 93400000,
    "ebitda": 399100000,
    "ebitdaratio": 0.3547555556,
    "operatingIncome": 301900000,
    "operatingIncomeRatio": 0.2683555556,
    "totalOtherIncomeExpensesNet": -14300000,
    "incomeBeforeTax": 287600000,
    "incomeBeforeTaxRatio": 0.2556444444,
    "incomeTaxExpense": 73600000,
    "netIncome": 214500000,
    "netIncomeRatio": 0.1906666667,
    "eps": 1.22,
    "epsdiluted": 1.22,
    "weightedAverageShsOut": 175200000,
    "weightedAverageShsOutDil": 176200000,
    "link": "https://www.sec.gov/Archives/edgar/data/1136869/000119312512339583/0001193125-12-339583-index.htm",
    "finalLink": "https://www.sec.gov/Archives/edgar/data/1136869/000119312512339583/d355655d10q.htm"
  },
  {
    "date": "2012-03-31",
    "symbol": "ZBH",
    "reportedCurrency": "USD",
    "cik": "0001136869",
    "fillingDate": "2012-05-03",
    "acceptedDate": "2012-05-03 13:10:49",
    "calendarYear": "2012",
    "period": "Q1",
    "revenue": 1140700000,
    "costOfRevenue": 288700000,
    "grossProfit": 852000000,
    "grossProfitRatio": 0.7469097922,
    "researchAndDevelopmentExpenses": 59600000,
    "generalAndAdministrativeExpenses": 463300000,
    "sellingAndMarketingExpenses": 0,
    "sellingGeneralAndAdministrativeExpenses": 463300000,
    "otherExpenses": 33500000,
    "operatingExpenses": 556400000,
    "costAndExpenses": 845100000,
    "interestIncome": 3100000,
    "interestExpense": 17600000,
    "depreciationAndAmortization": 96800000,
    "ebitda": 395500000,
    "ebitdaratio": 0.3467169282,
    "operatingIncome": 295600000,
    "operatingIncomeRatio": 0.2591391251,
    "totalOtherIncomeExpensesNet": -14500000,
    "incomeBeforeTax": 281100000,
    "incomeBeforeTaxRatio": 0.2464276322,
    "incomeTaxExpense": 72200000,
    "netIncome": 209600000,
    "netIncomeRatio": 0.1837468221,
    "eps": 1.18,
    "epsdiluted": 1.17,
    "weightedAverageShsOut": 177400000,
    "weightedAverageShsOutDil": 178500000,
    "link": "https://www.sec.gov/Archives/edgar/data/1136869/000119312512207647/0001193125-12-207647-index.htm",
    "finalLink": "https://www.sec.gov/Archives/edgar/data/1136869/000119312512207647/d312098d10q.htm"
  },
  {
    "date": "2011-12-31",
    "symbol": "ZBH",
    "reportedCurrency": "USD",
    "cik": "0001136869",
    "fillingDate": "2012-02-27",
    "acceptedDate": "2012-02-24 18:16:31",
    "calendarYear": "2011",
    "period": "Q4",
    "revenue": 1167300000,
    "costOfRevenue": 303200000,
    "grossProfit": 864100000,
    "grossProfitRatio": 0.74025529,
    "researchAndDevelopmentExpenses": 65000000,
    "generalAndAdministrativeExpenses": 569700000,
    "sellingAndMarketingExpenses": 0,
    "sellingGeneralAndAdministrativeExpenses": 569700000,
    "otherExpenses": 28200000,
    "operatingExpenses": 662900000,
    "costAndExpenses": 966100000,
    "interestIncome": 0,
    "interestExpense": 0,
    "depreciationAndAmortization": 94300000,
    "ebitda": 258600000,
    "ebitdaratio": 0.22153688,
    "operatingIncome": 201200000,
    "operatingIncomeRatio": 0.1723635741,
    "totalOtherIncomeExpensesNet": -12700000,
    "incomeBeforeTax": 188500000,
    "incomeBeforeTaxRatio": 0.161483766,
    "incomeTaxExpense": 32400000,
    "netIncome": 156600000,
    "netIncomeRatio": 0.134155744,
    "eps": 0.88,
    "epsdiluted": 0.88,
    "weightedAverageShsOut": 177400000,
    "weightedAverageShsOutDil": 178500000,
    "link": "https://www.sec.gov/Archives/edgar/data/1136869/000119312512078626/0001193125-12-078626-index.htm",
    "finalLink": "https://www.sec.gov/Archives/edgar/data/1136869/000119312512078626/d263321d10k.htm"
  },
  {
    "date": "2011-09-30",
    "symbol": "ZBH",
    "reportedCurrency": "USD",
    "cik": "0001136869",
    "fillingDate": "2011-11-02",
    "acceptedDate": "2011-11-02 15:11:31",
    "calendarYear": "2011",
    "period": "Q3",
    "revenue": 1031500000,
    "costOfRevenue": 251900000,
    "grossProfit": 779600000,
    "grossProfitRatio": 0.7557925351,
    "researchAndDevelopmentExpenses": 61000000,
    "generalAndAdministrativeExpenses": 444000000,
    "sellingAndMarketingExpenses": 0,
    "sellingGeneralAndAdministrativeExpenses": 444000000,
    "otherExpenses": 8000000,
    "operatingExpenses": 513000000,
    "costAndExpenses": 764900000,
    "interestIncome": 0,
    "interestExpense": 13000000,
    "depreciationAndAmortization": 90900000,
    "ebitda": 358800000,
    "ebitdaratio": 0.3478429472,
    "operatingIncome": 266600000,
    "operatingIncomeRatio": 0.2584585555,
    "totalOtherIncomeExpensesNet": -11700000,
    "incomeBeforeTax": 254900000,
    "incomeBeforeTaxRatio": 0.2471158507,
    "incomeTaxExpense": 63700000,
    "netIncome": 191500000,
    "netIncomeRatio": 0.1856519632,
    "eps": 1.02,
    "epsdiluted": 1.01,
    "weightedAverageShsOut": 187700000,
    "weightedAverageShsOutDil": 188800000,
    "link": "https://www.sec.gov/Archives/edgar/data/1136869/000119312511292603/0001193125-11-292603-index.htm",
    "finalLink": "https://www.sec.gov/Archives/edgar/data/1136869/000119312511292603/d248314d10q.htm"
  },
  {
    "date": "2011-06-30",
    "symbol": "ZBH",
    "reportedCurrency": "USD",
    "cik": "0001136869",
    "fillingDate": "2011-08-08",
    "acceptedDate": "2011-08-08 15:24:47",
    "calendarYear": "2011",
    "period": "Q2",
    "revenue": 1137400000,
    "costOfRevenue": 287900000,
    "grossProfit": 849500000,
    "grossProfitRatio": 0.7468788465,
    "researchAndDevelopmentExpenses": 56900000,
    "generalAndAdministrativeExpenses": 520000000,
    "sellingAndMarketingExpenses": 0,
    "sellingGeneralAndAdministrativeExpenses": 520000000,
    "otherExpenses": 13500000,
    "operatingExpenses": 590400000,
    "costAndExpenses": 878300000,
    "interestIncome": 0,
    "interestExpense": 13100000,
    "depreciationAndAmortization": 88600000,
    "ebitda": 351000000,
    "ebitdaratio": 0.3085985581,
    "operatingIncome": 259100000,
    "operatingIncomeRatio": 0.2278002462,
    "totalOtherIncomeExpensesNet": -9800000,
    "incomeBeforeTax": 249300000,
    "incomeBeforeTaxRatio": 0.2191841041,
    "incomeTaxExpense": 45500000,
    "netIncome": 203800000,
    "netIncomeRatio": 0.1791805873,
    "eps": 1.06,
    "epsdiluted": 1.06,
    "weightedAverageShsOut": 191500000,
    "weightedAverageShsOutDil": 192700000,
    "link": "https://www.sec.gov/Archives/edgar/data/1136869/000095012311074379/0000950123-11-074379-index.htm",
    "finalLink": "https://www.sec.gov/Archives/edgar/data/1136869/000095012311074379/c64861e10vq.htm"
  },
  {
    "date": "2011-03-31",
    "symbol": "ZBH",
    "reportedCurrency": "USD",
    "cik": "0001136869",
    "fillingDate": "2011-05-05",
    "acceptedDate": "2011-05-04 19:30:41",
    "calendarYear": "2011",
    "period": "Q1",
    "revenue": 1115600000,
    "costOfRevenue": 279000000,
    "grossProfit": 836600000,
    "grossProfitRatio": 0.7499103621,
    "researchAndDevelopmentExpenses": 55600000,
    "generalAndAdministrativeExpenses": 0,
    "sellingAndMarketingExpenses": 0,
    "sellingGeneralAndAdministrativeExpenses": 458300000,
    "otherExpenses": 25500000,
    "operatingExpenses": 539400000,
    "costAndExpenses": 818400000,
    "interestIncome": 0,
    "interestExpense": 13000000,
    "depreciationAndAmortization": 86100000,
    "ebitda": 385300000,
    "ebitdaratio": 0.3453746863,
    "operatingIncome": 297200000,
    "operatingIncomeRatio": 0.2664037289,
    "totalOtherIncomeExpensesNet": -11000000,
    "incomeBeforeTax": 286200000,
    "incomeBeforeTaxRatio": 0.256543564,
    "incomeTaxExpense": 77300000,
    "netIncome": 208900000,
    "netIncomeRatio": 0.1872534959,
    "eps": 1.08,
    "epsdiluted": 1.08,
    "weightedAverageShsOut": 192600000,
    "weightedAverageShsOutDil": 193800000,
    "link": "https://www.sec.gov/Archives/edgar/data/1136869/000095012311044906/0000950123-11-044906-index.htm",
    "finalLink": "https://www.sec.gov/Archives/edgar/data/1136869/000095012311044906/c63533e10vq.htm"
  },
  {
    "date": "2010-12-31",
    "symbol": "ZBH",
    "reportedCurrency": "USD",
    "cik": "0001136869",
    "fillingDate": "2011-02-25",
    "acceptedDate": "2011-02-25 15:03:02",
    "calendarYear": "2010",
    "period": "Q4",
    "revenue": 1134700000,
    "costOfRevenue": 274200000,
    "grossProfit": 860500000,
    "grossProfitRatio": 0.7583502247,
    "researchAndDevelopmentExpenses": 56900000,
    "generalAndAdministrativeExpenses": 461100000,
    "sellingAndMarketingExpenses": 0,
    "sellingGeneralAndAdministrativeExpenses": 461100000,
    "otherExpenses": 219600000,
    "operatingExpenses": 737600000,
    "costAndExpenses": 1011800000,
    "interestIncome": 0,
    "interestExpense": 0,
    "depreciationAndAmortization": 90700000,
    "ebitda": 433200000,
    "ebitdaratio": 0.3817749185,
    "operatingIncome": 122900000,
    "operatingIncomeRatio": 0.1083105667,
    "totalOtherIncomeExpensesNet": -13400000,
    "incomeBeforeTax": 109500000,
    "incomeBeforeTaxRatio": 0.0965012779,
    "incomeTaxExpense": 74600000,
    "netIncome": 34900000,
    "netIncomeRatio": 0.0307570283,
    "eps": 0.18,
    "epsdiluted": 0.18,
    "weightedAverageShsOut": 192600000,
    "weightedAverageShsOutDil": 193800000,
    "link": "https://www.sec.gov/Archives/edgar/data/1136869/000095012311018592/0000950123-11-018592-index.htm",
    "finalLink": "https://www.sec.gov/Archives/edgar/data/1136869/000095012311018592/c61394e10vk.htm"
  },
  {
    "date": "2010-09-30",
    "symbol": "ZBH",
    "reportedCurrency": "USD",
    "cik": "0001136869",
    "fillingDate": "2010-11-03",
    "acceptedDate": "2010-11-03 14:48:41",
    "calendarYear": "2010",
    "period": "Q3",
    "revenue": 965000000,
    "costOfRevenue": 219100000,
    "grossProfit": 745900000,
    "grossProfitRatio": 0.7729533679,
    "researchAndDevelopmentExpenses": 57300000,
    "generalAndAdministrativeExpenses": 412000000,
    "sellingAndMarketingExpenses": 0,
    "sellingGeneralAndAdministrativeExpenses": 412000000,
    "otherExpenses": 5000000,
    "operatingExpenses": 474300000,
    "costAndExpenses": 693400000,
    "interestIncome": 0,
    "interestExpense": 0,
    "depreciationAndAmortization": 83700000,
    "ebitda": 360300000,
    "ebitdaratio": 0.3733678756,
    "operatingIncome": 271600000,
    "operatingIncomeRatio": 0.2814507772,
    "totalOtherIncomeExpensesNet": -14200000,
    "incomeBeforeTax": 257400000,
    "incomeBeforeTaxRatio": 0.2667357513,
    "incomeTaxExpense": 66300000,
    "netIncome": 191100000,
    "netIncomeRatio": 0.1980310881,
    "eps": 0.96,
    "epsdiluted": 0.96,
    "weightedAverageShsOut": 198700000,
    "weightedAverageShsOutDil": 199700000,
    "link": "https://www.sec.gov/Archives/edgar/data/1136869/000095012310100041/0000950123-10-100041-index.htm",
    "finalLink": "https://www.sec.gov/Archives/edgar/data/1136869/000095012310100041/c60101e10vq.htm"
  },
  {
    "date": "2010-06-30",
    "symbol": "ZBH",
    "reportedCurrency": "USD",
    "cik": "0001136869",
    "fillingDate": "2010-08-05",
    "acceptedDate": "2010-08-05 16:35:18",
    "calendarYear": "2010",
    "period": "Q2",
    "revenue": 1057700000,
    "costOfRevenue": 250600000,
    "grossProfit": 807100000,
    "grossProfitRatio": 0.763070814,
    "researchAndDevelopmentExpenses": 54200000,
    "generalAndAdministrativeExpenses": 513300000,
    "sellingAndMarketingExpenses": 0,
    "sellingGeneralAndAdministrativeExpenses": 513300000,
    "otherExpenses": 11500000,
    "operatingExpenses": 579000000,
    "costAndExpenses": 829600000,
    "interestIncome": 0,
    "interestExpense": 0,
    "depreciationAndAmortization": 80900000,
    "ebitda": 320500000,
    "ebitdaratio": 0.3030159781,
    "operatingIncome": 228100000,
    "operatingIncomeRatio": 0.2156566134,
    "totalOtherIncomeExpensesNet": -14300000,
    "incomeBeforeTax": 213800000,
    "incomeBeforeTaxRatio": 0.2021367117,
    "incomeTaxExpense": 48300000,
    "netIncome": 165500000,
    "netIncomeRatio": 0.1564715893,
    "eps": 0.82,
    "epsdiluted": 0.82,
    "weightedAverageShsOut": 201900000,
    "weightedAverageShsOutDil": 203000000,
    "link": "https://www.sec.gov/Archives/edgar/data/1136869/000095012310073408/0000950123-10-073408-index.htm",
    "finalLink": "https://www.sec.gov/Archives/edgar/data/1136869/000095012310073408/c58470e10vq.htm"
  },
  {
    "date": "2010-03-31",
    "symbol": "ZBH",
    "reportedCurrency": "USD",
    "cik": "0001136869",
    "fillingDate": "2010-05-05",
    "acceptedDate": "2010-05-04 18:06:43",
    "calendarYear": "2010",
    "period": "Q1",
    "revenue": 1062800000,
    "costOfRevenue": 268400000,
    "grossProfit": 794400000,
    "grossProfitRatio": 0.7474595408,
    "researchAndDevelopmentExpenses": 50500000,
    "generalAndAdministrativeExpenses": 0,
    "sellingAndMarketingExpenses": 0,
    "sellingGeneralAndAdministrativeExpenses": 447200000,
    "otherExpenses": 2600000,
    "operatingExpenses": 500300000,
    "costAndExpenses": 768700000,
    "interestIncome": 0,
    "interestExpense": 0,
    "depreciationAndAmortization": 84900000,
    "ebitda": 381600000,
    "ebitdaratio": 0.3590515619,
    "operatingIncome": 294100000,
    "operatingIncomeRatio": 0.2767218668,
    "totalOtherIncomeExpensesNet": -14600000,
    "incomeBeforeTax": 279500000,
    "incomeBeforeTaxRatio": 0.2629845691,
    "incomeTaxExpense": 74100000,
    "netIncome": 205400000,
    "netIncomeRatio": 0.1932630787,
    "eps": 1.01,
    "epsdiluted": 1.01,
    "weightedAverageShsOut": 203000000,
    "weightedAverageShsOutDil": 204200000,
    "link": "https://www.sec.gov/Archives/edgar/data/1136869/000095012310043732/0000950123-10-043732-index.htm",
    "finalLink": "https://www.sec.gov/Archives/edgar/data/1136869/000095012310043732/c57443e10vq.htm"
  },
  {
    "date": "2009-12-31",
    "symbol": "ZBH",
    "reportedCurrency": "USD",
    "cik": "0001136869",
    "fillingDate": "2010-02-25",
    "acceptedDate": "2010-02-25 17:24:52",
    "calendarYear": "2009",
    "period": "Q4",
    "revenue": 1107300000,
    "costOfRevenue": 274400000,
    "grossProfit": 832900000,
    "grossProfitRatio": 0.7521900117,
    "researchAndDevelopmentExpenses": 51600000,
    "generalAndAdministrativeExpenses": 460200000,
    "sellingAndMarketingExpenses": 0,
    "sellingGeneralAndAdministrativeExpenses": 460200000,
    "otherExpenses": 82600000,
    "operatingExpenses": 594400000,
    "costAndExpenses": 868800000,
    "interestIncome": 2700000,
    "interestExpense": 0,
    "depreciationAndAmortization": 87800000,
    "ebitda": 408900000,
    "ebitdaratio": 0.3692766188,
    "operatingIncome": 238500000,
    "operatingIncomeRatio": 0.2153887835,
    "totalOtherIncomeExpensesNet": -8700000,
    "incomeBeforeTax": 229800000,
    "incomeBeforeTaxRatio": 0.2075318342,
    "incomeTaxExpense": 74600000,
    "netIncome": 155200000,
    "netIncomeRatio": 0.1401607514,
    "eps": 0.76,
    "epsdiluted": 0.76,
    "weightedAverageShsOut": 203000000,
    "weightedAverageShsOutDil": 204200000,
    "link": "https://www.sec.gov/Archives/edgar/data/1136869/000095012310017177/0000950123-10-017177-index.htm",
    "finalLink": "https://www.sec.gov/Archives/edgar/data/1136869/000095012310017177/c55340e10vk.htm"
  },
  {
    "date": "2009-09-30",
    "symbol": "ZBH",
    "reportedCurrency": "USD",
    "cik": "0001136869",
    "fillingDate": "2009-11-04",
    "acceptedDate": "2009-11-04 16:39:15",
    "calendarYear": "2009",
    "period": "Q3",
    "revenue": 975600000,
    "costOfRevenue": 249300000,
    "grossProfit": 726300000,
    "grossProfitRatio": 0.7444649446,
    "researchAndDevelopmentExpenses": 52200000,
    "generalAndAdministrativeExpenses": 447900000,
    "sellingAndMarketingExpenses": 0,
    "sellingGeneralAndAdministrativeExpenses": 447900000,
    "otherExpenses": 22200000,
    "operatingExpenses": 522300000,
    "costAndExpenses": 771600000,
    "interestIncome": 0,
    "interestExpense": 0,
    "depreciationAndAmortization": 88200000,
    "ebitda": 314400000,
    "ebitdaratio": 0.3222632226,
    "operatingIncome": 204000000,
    "operatingIncomeRatio": 0.209102091,
    "totalOtherIncomeExpensesNet": -4200000,
    "incomeBeforeTax": 199800000,
    "incomeBeforeTaxRatio": 0.204797048,
    "incomeTaxExpense": 49900000,
    "netIncome": 149900000,
    "netIncomeRatio": 0.1536490365,
    "eps": 0.7,
    "epsdiluted": 0.7,
    "weightedAverageShsOut": 213600000,
    "weightedAverageShsOutDil": 214500000,
    "link": "https://www.sec.gov/Archives/edgar/data/1136869/000095012309057628/0000950123-09-057628-index.htm",
    "finalLink": "https://www.sec.gov/Archives/edgar/data/1136869/000095012309057628/c53543e10vq.htm"
  },
  {
    "date": "2009-06-30",
    "symbol": "ZBH",
    "reportedCurrency": "USD",
    "cik": "0001136869",
    "fillingDate": "2009-08-07",
    "acceptedDate": "2009-08-07 16:07:37",
    "calendarYear": "2009",
    "period": "Q2",
    "revenue": 1019900000,
    "costOfRevenue": 236800000,
    "grossProfit": 783100000,
    "grossProfitRatio": 0.7678203745,
    "researchAndDevelopmentExpenses": 49900000,
    "generalAndAdministrativeExpenses": 0,
    "sellingAndMarketingExpenses": 0,
    "sellingGeneralAndAdministrativeExpenses": 432300000,
    "otherExpenses": 4400000,
    "operatingExpenses": 486600000,
    "costAndExpenses": 723400000,
    "interestIncome": 0,
    "interestExpense": 0,
    "depreciationAndAmortization": 81800000,
    "ebitda": 382700000,
    "ebitdaratio": 0.375232866,
    "operatingIncome": 296500000,
    "operatingIncomeRatio": 0.290714776,
    "totalOtherIncomeExpensesNet": -4000000,
    "incomeBeforeTax": 292500000,
    "incomeBeforeTaxRatio": 0.2867928228,
    "incomeTaxExpense": 82400000,
    "netIncome": 210100000,
    "netIncomeRatio": 0.2060005883,
    "eps": 0.98,
    "epsdiluted": 0.97,
    "weightedAverageShsOut": 214700000,
    "weightedAverageShsOutDil": 215500000,
    "link": "https://www.sec.gov/Archives/edgar/data/1136869/000095012309032090/0000950123-09-032090-index.htm",
    "finalLink": "https://www.sec.gov/Archives/edgar/data/1136869/000095012309032090/c52765e10vq.htm"
  },
  {
    "date": "2009-03-31",
    "symbol": "ZBH",
    "reportedCurrency": "USD",
    "cik": "0001136869",
    "fillingDate": "2009-05-07",
    "acceptedDate": "2009-05-07 13:50:19",
    "calendarYear": "2009",
    "period": "Q1",
    "revenue": 992600000,
    "costOfRevenue": 230200000,
    "grossProfit": 762400000,
    "grossProfitRatio": 0.7680838203,
    "researchAndDevelopmentExpenses": 51900000,
    "generalAndAdministrativeExpenses": 0,
    "sellingAndMarketingExpenses": 0,
    "sellingGeneralAndAdministrativeExpenses": 423700000,
    "otherExpenses": 7000000,
    "operatingExpenses": 482600000,
    "costAndExpenses": 712800000,
    "interestIncome": 0,
    "interestExpense": 0,
    "depreciationAndAmortization": 79600000,
    "ebitda": 366400000,
    "ebitdaratio": 0.3691315736,
    "operatingIncome": 279800000,
    "operatingIncomeRatio": 0.2818859561,
    "totalOtherIncomeExpensesNet": -3700000,
    "incomeBeforeTax": 276100000,
    "incomeBeforeTaxRatio": 0.278158372,
    "incomeTaxExpense": 73900000,
    "netIncome": 202200000,
    "netIncomeRatio": 0.203707435,
    "eps": 0.91,
    "epsdiluted": 0.91,
    "weightedAverageShsOut": 221500000,
    "weightedAverageShsOutDil": 222100000,
    "link": "https://www.sec.gov/Archives/edgar/data/1136869/000095013709003692/0000950137-09-003692-index.htm",
    "finalLink": "https://www.sec.gov/Archives/edgar/data/1136869/000095013709003692/c51028e10vq.htm"
  },
  {
    "date": "2008-12-31",
    "symbol": "ZBH",
    "reportedCurrency": "USD",
    "cik": "0001136869",
    "fillingDate": "2009-02-27",
    "acceptedDate": "2009-02-27 14:49:16",
    "calendarYear": "2008",
    "period": "Q4",
    "revenue": 1030200000,
    "costOfRevenue": 243100000,
    "grossProfit": 787100000,
    "grossProfitRatio": 0.7640264026,
    "researchAndDevelopmentExpenses": 47200000,
    "generalAndAdministrativeExpenses": 0,
    "sellingAndMarketingExpenses": 0,
    "sellingGeneralAndAdministrativeExpenses": 504600000,
    "otherExpenses": -4400000,
    "operatingExpenses": 547400000,
    "costAndExpenses": 790500000,
    "interestIncome": 0,
    "interestExpense": 0,
    "depreciationAndAmortization": 79100000,
    "ebitda": 361900000,
    "ebitdaratio": 0.3512910115,
    "operatingIncome": 239700000,
    "operatingIncomeRatio": 0.2326732673,
    "totalOtherIncomeExpensesNet": -4200000,
    "incomeBeforeTax": 235500000,
    "incomeBeforeTaxRatio": 0.2285963891,
    "incomeTaxExpense": 67900000,
    "netIncome": 167500000,
    "netIncomeRatio": 0.1625897884,
    "eps": 0.76,
    "epsdiluted": 0.75,
    "weightedAverageShsOut": 221500000,
    "weightedAverageShsOutDil": 222100000,
    "link": "https://www.sec.gov/Archives/edgar/data/1136869/000095015209001918/0000950152-09-001918-index.htm",
    "finalLink": "https://www.sec.gov/Archives/edgar/data/1136869/000095015209001918/c48761e10vk.htm"
  },
  {
    "date": "2008-09-30",
    "symbol": "ZBH",
    "reportedCurrency": "USD",
    "cik": "0001136869",
    "fillingDate": "2008-11-10",
    "acceptedDate": "2008-11-07 19:18:20",
    "calendarYear": "2008",
    "period": "Q3",
    "revenue": 952200000,
    "costOfRevenue": 237200000,
    "grossProfit": 715000000,
    "grossProfitRatio": 0.7508926696,
    "researchAndDevelopmentExpenses": 47900000,
    "generalAndAdministrativeExpenses": 451200000,
    "sellingAndMarketingExpenses": 0,
    "sellingGeneralAndAdministrativeExpenses": 451200000,
    "otherExpenses": 5600000,
    "operatingExpenses": 504700000,
    "costAndExpenses": 741900000,
    "interestIncome": 0,
    "interestExpense": 0,
    "depreciationAndAmortization": 66800000,
    "ebitda": 282700000,
    "ebitdaratio": 0.2968914094,
    "operatingIncome": 210300000,
    "operatingIncomeRatio": 0.2208569628,
    "totalOtherIncomeExpensesNet": 28200000,
    "incomeBeforeTax": 238500000,
    "incomeBeforeTaxRatio": 0.2504725898,
    "incomeTaxExpense": 23500000,
    "netIncome": 214700000,
    "netIncomeRatio": 0.2254778408,
    "eps": 0.96,
    "epsdiluted": 0.95,
    "weightedAverageShsOut": 224700000,
    "weightedAverageShsOutDil": 225600000,
    "link": "https://www.sec.gov/Archives/edgar/data/1136869/000095015208008981/0000950152-08-008981-index.htm",
    "finalLink": "https://www.sec.gov/Archives/edgar/data/1136869/000095015208008981/c47409e10vq.htm"
  },
  {
    "date": "2008-06-30",
    "symbol": "ZBH",
    "reportedCurrency": "USD",
    "cik": "0001136869",
    "fillingDate": "2008-08-05",
    "acceptedDate": "2008-08-04 19:05:15",
    "calendarYear": "2008",
    "period": "Q2",
    "revenue": 1079500000,
    "costOfRevenue": 262300000,
    "grossProfit": 817200000,
    "grossProfitRatio": 0.7570171376,
    "researchAndDevelopmentExpenses": 48300000,
    "generalAndAdministrativeExpenses": 0,
    "sellingAndMarketingExpenses": 0,
    "sellingGeneralAndAdministrativeExpenses": 448000000,
    "otherExpenses": 12500000,
    "operatingExpenses": 508800000,
    "costAndExpenses": 771100000,
    "interestIncome": 0,
    "interestExpense": 0,
    "depreciationAndAmortization": 67400000,
    "ebitda": 388300000,
    "ebitdaratio": 0.3597035665,
    "operatingIncome": 308400000,
    "operatingIncomeRatio": 0.2856878184,
    "totalOtherIncomeExpensesNet": 6800000,
    "incomeBeforeTax": 315200000,
    "incomeBeforeTaxRatio": 0.291987031,
    "incomeTaxExpense": 87800000,
    "netIncome": 227100000,
    "netIncomeRatio": 0.2103751737,
    "eps": 0.99,
    "epsdiluted": 0.99,
    "weightedAverageShsOut": 228400000,
    "weightedAverageShsOutDil": 229500000,
    "link": "https://www.sec.gov/Archives/edgar/data/1136869/000095013708010120/0000950137-08-010120-index.htm",
    "finalLink": "https://www.sec.gov/Archives/edgar/data/1136869/000095013708010120/c34146e10vq.htm"
  },
  {
    "date": "2008-03-31",
    "symbol": "ZBH",
    "reportedCurrency": "USD",
    "cik": "0001136869",
    "fillingDate": "2008-05-12",
    "acceptedDate": "2008-05-12 16:14:52",
    "calendarYear": "2008",
    "period": "Q1",
    "revenue": 1059200000,
    "costOfRevenue": 254700000,
    "grossProfit": 804500000,
    "grossProfitRatio": 0.7595354985,
    "researchAndDevelopmentExpenses": 47800000,
    "generalAndAdministrativeExpenses": 0,
    "sellingAndMarketingExpenses": 0,
    "sellingGeneralAndAdministrativeExpenses": 417800000,
    "otherExpenses": 7300000,
    "operatingExpenses": 472900000,
    "costAndExpenses": 727600000,
    "interestIncome": 0,
    "interestExpense": 0,
    "depreciationAndAmortization": 61800000,
    "ebitda": 400700000,
    "ebitdaratio": 0.3783043807,
    "operatingIncome": 331600000,
    "operatingIncomeRatio": 0.3130664653,
    "totalOtherIncomeExpensesNet": 1000000,
    "incomeBeforeTax": 332600000,
    "incomeBeforeTaxRatio": 0.314010574,
    "incomeTaxExpense": 93100000,
    "netIncome": 239300000,
    "netIncomeRatio": 0.2259252266,
    "eps": 1.03,
    "epsdiluted": 1.02,
    "weightedAverageShsOut": 232500000,
    "weightedAverageShsOutDil": 233900000,
    "link": "https://www.sec.gov/Archives/edgar/data/1136869/000095013708007246/0000950137-08-007246-index.htm",
    "finalLink": "https://www.sec.gov/Archives/edgar/data/1136869/000095013708007246/c26397e10vq.htm"
  },
  {
    "date": "2007-12-31",
    "symbol": "ZBH",
    "reportedCurrency": "USD",
    "cik": "0001136869",
    "fillingDate": "2008-02-29",
    "acceptedDate": "2008-02-29 16:09:25",
    "calendarYear": "2007",
    "period": "Q4",
    "revenue": 1073500000,
    "costOfRevenue": 253900000,
    "grossProfit": 819600000,
    "grossProfitRatio": 0.7634839311,
    "researchAndDevelopmentExpenses": 50800000,
    "generalAndAdministrativeExpenses": 0,
    "sellingAndMarketingExpenses": 0,
    "sellingGeneralAndAdministrativeExpenses": 401200000,
    "otherExpenses": 15700000,
    "operatingExpenses": 467700000,
    "costAndExpenses": 721600000,
    "interestIncome": 0,
    "interestExpense": 0,
    "depreciationAndAmortization": 62400000,
    "ebitda": 430000000,
    "ebitdaratio": 0.4005589194,
    "operatingIncome": 351900000,
    "operatingIncomeRatio": 0.3278062413,
    "totalOtherIncomeExpensesNet": 1100000,
    "incomeBeforeTax": 353000000,
    "incomeBeforeTaxRatio": 0.3288309269,
    "incomeTaxExpense": 89000000,
    "netIncome": 263800000,
    "netIncomeRatio": 0.2457382394,
    "eps": 1.13,
    "epsdiluted": 1.13,
    "weightedAverageShsOut": 232500000,
    "weightedAverageShsOutDil": 233900000,
    "link": "https://www.sec.gov/Archives/edgar/data/1136869/000095013708003099/0000950137-08-003099-index.htm",
    "finalLink": "https://www.sec.gov/Archives/edgar/data/1136869/000095013708003099/c23011e10vk.htm"
  },
  {
    "date": "2007-09-30",
    "symbol": "ZBH",
    "reportedCurrency": "USD",
    "cik": "0001136869",
    "fillingDate": "2007-11-09",
    "acceptedDate": "2007-11-09 14:58:13",
    "calendarYear": "2007",
    "period": "Q3",
    "revenue": 903200000,
    "costOfRevenue": 199200000,
    "grossProfit": 704000000,
    "grossProfitRatio": 0.7794508415,
    "researchAndDevelopmentExpenses": 53000000,
    "generalAndAdministrativeExpenses": 0,
    "sellingAndMarketingExpenses": 0,
    "sellingGeneralAndAdministrativeExpenses": 352600000,
    "otherExpenses": 172400000,
    "operatingExpenses": 578000000,
    "costAndExpenses": 777200000,
    "interestIncome": 0,
    "interestExpense": 0,
    "depreciationAndAmortization": 58200000,
    "ebitda": 187100000,
    "ebitdaratio": 0.2071523472,
    "operatingIncome": 126000000,
    "operatingIncomeRatio": 0.1395039858,
    "totalOtherIncomeExpensesNet": 1800000,
    "incomeBeforeTax": 127800000,
    "incomeBeforeTaxRatio": 0.1414968999,
    "incomeTaxExpense": 83400000,
    "netIncome": 44500000,
    "netIncomeRatio": 0.0492692648,
    "eps": 0.19,
    "epsdiluted": 0.19,
    "weightedAverageShsOut": 234900000,
    "weightedAverageShsOutDil": 236800000,
    "link": "https://www.sec.gov/Archives/edgar/data/1136869/000095013707016923/0000950137-07-016923-index.htm",
    "finalLink": "https://www.sec.gov/Archives/edgar/data/1136869/000095013707016923/c21204e10vq.htm"
  },
  {
    "date": "2007-06-30",
    "symbol": "ZBH",
    "reportedCurrency": "USD",
    "cik": "0001136869",
    "fillingDate": "2007-08-07",
    "acceptedDate": "2007-08-07 10:24:11",
    "calendarYear": "2007",
    "period": "Q2",
    "revenue": 970600000,
    "costOfRevenue": 216400000,
    "grossProfit": 754200000,
    "grossProfitRatio": 0.7770451267,
    "researchAndDevelopmentExpenses": 53500000,
    "generalAndAdministrativeExpenses": 0,
    "sellingAndMarketingExpenses": 0,
    "sellingGeneralAndAdministrativeExpenses": 374300000,
    "otherExpenses": 3900000,
    "operatingExpenses": 431700000,
    "costAndExpenses": 648100000,
    "interestIncome": 0,
    "interestExpense": 0,
    "depreciationAndAmortization": 56000000,
    "ebitda": 382400000,
    "ebitdaratio": 0.3939831032,
    "operatingIncome": 322500000,
    "operatingIncomeRatio": 0.3322686998,
    "totalOtherIncomeExpensesNet": 1300000,
    "incomeBeforeTax": 323800000,
    "incomeBeforeTaxRatio": 0.3336080775,
    "incomeTaxExpense": 92200000,
    "netIncome": 231500000,
    "netIncomeRatio": 0.2385122605,
    "eps": 0.98,
    "epsdiluted": 0.97,
    "weightedAverageShsOut": 236900000,
    "weightedAverageShsOutDil": 239200000,
    "link": "https://www.sec.gov/Archives/edgar/data/1136869/000095013707011494/0000950137-07-011494-index.htm",
    "finalLink": "https://www.sec.gov/Archives/edgar/data/1136869/000095013707011494/c17407e10vq.htm"
  },
  {
    "date": "2007-03-31",
    "symbol": "ZBH",
    "reportedCurrency": "USD",
    "cik": "0001136869",
    "fillingDate": "2007-05-08",
    "acceptedDate": "2007-05-08 16:53:38",
    "calendarYear": "2007",
    "period": "Q1",
    "revenue": 950200000,
    "costOfRevenue": 206400000,
    "grossProfit": 743800000,
    "grossProfitRatio": 0.7827825721,
    "researchAndDevelopmentExpenses": 52300000,
    "generalAndAdministrativeExpenses": 0,
    "sellingAndMarketingExpenses": 0,
    "sellingGeneralAndAdministrativeExpenses": 361600000,
    "otherExpenses": 2700000,
    "operatingExpenses": 416600000,
    "costAndExpenses": 623000000,
    "interestIncome": 0,
    "interestExpense": 0,
    "depreciationAndAmortization": 53400000,
    "ebitda": 383300000,
    "ebitdaratio": 0.4033887603,
    "operatingIncome": 327200000,
    "operatingIncomeRatio": 0.3443485582,
    "totalOtherIncomeExpensesNet": -200000,
    "incomeBeforeTax": 327000000,
    "incomeBeforeTaxRatio": 0.3441380762,
    "incomeTaxExpense": 93300000,
    "netIncome": 233400000,
    "netIncomeRatio": 0.2456324984,
    "eps": 0.99,
    "epsdiluted": 0.98,
    "weightedAverageShsOut": 236900000,
    "weightedAverageShsOutDil": 239200000,
    "link": "https://www.sec.gov/Archives/edgar/data/1136869/000095013707007003/0000950137-07-007003-index.htm",
    "finalLink": "https://www.sec.gov/Archives/edgar/data/1136869/000095013707007003/c14902e10vq.htm"
  },
  {
    "date": "2006-12-31",
    "symbol": "ZBH",
    "reportedCurrency": "USD",
    "cik": "0001136869",
    "fillingDate": "2007-02-28",
    "acceptedDate": "2007-02-27 21:21:28",
    "calendarYear": "2006",
    "period": "Q4",
    "revenue": 933600000,
    "costOfRevenue": 207500000,
    "grossProfit": 726100000,
    "grossProfitRatio": 0.7777420737,
    "researchAndDevelopmentExpenses": 45600000,
    "generalAndAdministrativeExpenses": 0,
    "sellingAndMarketingExpenses": 0,
    "sellingGeneralAndAdministrativeExpenses": 345600000,
    "otherExpenses": -3400000,
    "operatingExpenses": 387800000,
    "costAndExpenses": 595300000,
    "interestIncome": 0,
    "interestExpense": 0,
    "depreciationAndAmortization": 52600000,
    "ebitda": 387500000,
    "ebitdaratio": 0.4150599829,
    "operatingIncome": 338300000,
    "operatingIncomeRatio": 0.3623607541,
    "totalOtherIncomeExpensesNet": 1500000,
    "incomeBeforeTax": 339800000,
    "incomeBeforeTaxRatio": 0.3639674379,
    "incomeTaxExpense": 95000000,
    "netIncome": 244700000,
    "netIncomeRatio": 0.2621036847,
    "eps": 1.03,
    "epsdiluted": 1.02,
    "weightedAverageShsOut": 236900000,
    "weightedAverageShsOutDil": 239200000,
    "link": "https://www.sec.gov/Archives/edgar/data/1136869/000095013707002904/0000950137-07-002904-index.htm",
    "finalLink": "https://www.sec.gov/Archives/edgar/data/1136869/000095013707002904/c12593e10vk.htm"
  },
  {
    "date": "2006-09-30",
    "symbol": "ZBH",
    "reportedCurrency": "USD",
    "cik": "0001136869",
    "fillingDate": "2006-11-08",
    "acceptedDate": "2006-11-08 11:06:32",
    "calendarYear": "2006",
    "period": "Q3",
    "revenue": 819800000,
    "costOfRevenue": 183200000,
    "grossProfit": 636600000,
    "grossProfitRatio": 0.7765308612,
    "researchAndDevelopmentExpenses": 46700000,
    "generalAndAdministrativeExpenses": 0,
    "sellingAndMarketingExpenses": 0,
    "sellingGeneralAndAdministrativeExpenses": 330400000,
    "otherExpenses": 5000000,
    "operatingExpenses": 382100000,
    "costAndExpenses": 565300000,
    "interestIncome": 0,
    "interestExpense": 0,
    "depreciationAndAmortization": 51300000,
    "ebitda": 310800000,
    "ebitdaratio": 0.3791168578,
    "operatingIncome": 254500000,
    "operatingIncomeRatio": 0.3104415711,
    "totalOtherIncomeExpensesNet": 600000,
    "incomeBeforeTax": 255100000,
    "incomeBeforeTaxRatio": 0.3111734569,
    "incomeTaxExpense": 71900000,
    "netIncome": 183300000,
    "netIncomeRatio": 0.2235911198,
    "eps": 0.76,
    "epsdiluted": 0.76,
    "weightedAverageShsOut": 240400000,
    "weightedAverageShsOutDil": 242600000,
    "link": "https://www.sec.gov/Archives/edgar/data/1136869/000095013706012010/0000950137-06-012010-index.htm",
    "finalLink": "https://www.sec.gov/Archives/edgar/data/1136869/000095013706012010/c09720e10vq.htm"
  },
  {
    "date": "2006-06-30",
    "symbol": "ZBH",
    "reportedCurrency": "USD",
    "cik": "0001136869",
    "fillingDate": "2006-08-04",
    "acceptedDate": "2006-08-04 13:54:14",
    "calendarYear": "2006",
    "period": "Q2",
    "revenue": 881600000,
    "costOfRevenue": 200000000,
    "grossProfit": 681600000,
    "grossProfitRatio": 0.7731397459,
    "researchAndDevelopmentExpenses": 48600000,
    "generalAndAdministrativeExpenses": 0,
    "sellingAndMarketingExpenses": 0,
    "sellingGeneralAndAdministrativeExpenses": 344800000,
    "otherExpenses": 6300000,
    "operatingExpenses": 399700000,
    "costAndExpenses": 599700000,
    "interestIncome": 0,
    "interestExpense": 0,
    "depreciationAndAmortization": 47300000,
    "ebitda": 335500000,
    "ebitdaratio": 0.3805580762,
    "operatingIncome": 281900000,
    "operatingIncomeRatio": 0.3197595281,
    "totalOtherIncomeExpensesNet": 1200000,
    "incomeBeforeTax": 283100000,
    "incomeBeforeTaxRatio": 0.3211206897,
    "incomeTaxExpense": 82000000,
    "netIncome": 200900000,
    "netIncomeRatio": 0.2278811252,
    "eps": 0.82,
    "epsdiluted": 0.81,
    "weightedAverageShsOut": 245500000,
    "weightedAverageShsOutDil": 247700000,
    "link": "https://www.sec.gov/Archives/edgar/data/1136869/000095013706008667/0000950137-06-008667-index.htm",
    "finalLink": "https://www.sec.gov/Archives/edgar/data/1136869/000095013706008667/c07363e10vq.htm"
  },
  {
    "date": "2006-03-31",
    "symbol": "ZBH",
    "reportedCurrency": "USD",
    "cik": "0001136869",
    "fillingDate": "2006-05-05",
    "acceptedDate": "2006-05-05 17:11:47",
    "calendarYear": "2006",
    "period": "Q1",
    "revenue": 860400000,
    "costOfRevenue": 189400000,
    "grossProfit": 671000000,
    "grossProfitRatio": 0.779869828,
    "researchAndDevelopmentExpenses": 47400000,
    "generalAndAdministrativeExpenses": 0,
    "sellingAndMarketingExpenses": 0,
    "sellingGeneralAndAdministrativeExpenses": 334900000,
    "otherExpenses": -1800000,
    "operatingExpenses": 380500000,
    "costAndExpenses": 569900000,
    "interestIncome": 0,
    "interestExpense": 0,
    "depreciationAndAmortization": 46200000,
    "ebitda": 334900000,
    "ebitdaratio": 0.3892375639,
    "operatingIncome": 290500000,
    "operatingIncomeRatio": 0.3376336588,
    "totalOtherIncomeExpensesNet": 500000,
    "incomeBeforeTax": 291000000,
    "incomeBeforeTaxRatio": 0.3382147838,
    "incomeTaxExpense": 85100000,
    "netIncome": 205600000,
    "netIncomeRatio": 0.2389586239,
    "eps": 0.83,
    "epsdiluted": 0.82,
    "weightedAverageShsOut": 247800000,
    "weightedAverageShsOutDil": 250100000,
    "link": "https://www.sec.gov/Archives/edgar/data/1136869/000095013706005468/0000950137-06-005468-index.htm",
    "finalLink": "https://www.sec.gov/Archives/edgar/data/1136869/000095013706005468/c04927e10vq.htm"
  },
  {
    "date": "2005-12-31",
    "symbol": "ZBH",
    "reportedCurrency": "USD",
    "cik": "0001136869",
    "fillingDate": "2006-03-02",
    "acceptedDate": "2006-03-02 14:52:53",
    "calendarYear": "2005",
    "period": "Q4",
    "revenue": 848300000,
    "costOfRevenue": 185800000,
    "grossProfit": 662500000,
    "grossProfitRatio": 0.7809737121,
    "researchAndDevelopmentExpenses": 45900000,
    "generalAndAdministrativeExpenses": 0,
    "sellingAndMarketingExpenses": 0,
    "sellingGeneralAndAdministrativeExpenses": 313700000,
    "otherExpenses": 21900000,
    "operatingExpenses": 381500000,
    "costAndExpenses": 567300000,
    "interestIncome": 0,
    "interestExpense": 0,
    "depreciationAndAmortization": 49700000,
    "ebitda": 352600000,
    "ebitdaratio": 0.4156548391,
    "operatingIncome": 281000000,
    "operatingIncomeRatio": 0.3312507368,
    "totalOtherIncomeExpensesNet": -800000,
    "incomeBeforeTax": 280200000,
    "incomeBeforeTaxRatio": 0.3303076742,
    "incomeTaxExpense": 80300000,
    "netIncome": 199600000,
    "netIncomeRatio": 0.2352941176,
    "eps": 0.81,
    "epsdiluted": 0.8,
    "weightedAverageShsOut": 247800000,
    "weightedAverageShsOutDil": 250100000,
    "link": "https://www.sec.gov/Archives/edgar/data/1136869/000095013706002478/0000950137-06-002478-index.htm",
    "finalLink": "https://www.sec.gov/Archives/edgar/data/1136869/000095013706002478/c02799e10vk.htm"
  },
  {
    "date": "2005-09-30",
    "symbol": "ZBH",
    "reportedCurrency": "USD",
    "cik": "0001136869",
    "fillingDate": "2005-11-08",
    "acceptedDate": "2005-11-08 08:20:10",
    "calendarYear": "2005",
    "period": "Q3",
    "revenue": 762500000,
    "costOfRevenue": 174500000,
    "grossProfit": 588000000,
    "grossProfitRatio": 0.771147541,
    "researchAndDevelopmentExpenses": 43900000,
    "generalAndAdministrativeExpenses": 0,
    "sellingAndMarketingExpenses": 0,
    "sellingGeneralAndAdministrativeExpenses": 295800000,
    "otherExpenses": 7700000,
    "operatingExpenses": 347400000,
    "costAndExpenses": 521900000,
    "interestIncome": 0,
    "interestExpense": 0,
    "depreciationAndAmortization": 45600000,
    "ebitda": 293900000,
    "ebitdaratio": 0.385442623,
    "operatingIncome": 240600000,
    "operatingIncomeRatio": 0.3155409836,
    "totalOtherIncomeExpensesNet": -2100000,
    "incomeBeforeTax": 238500000,
    "incomeBeforeTaxRatio": 0.3127868852,
    "incomeTaxExpense": 69700000,
    "netIncome": 168600000,
    "netIncomeRatio": 0.2211147541,
    "eps": 0.68,
    "epsdiluted": 0.67,
    "weightedAverageShsOut": 247400000,
    "weightedAverageShsOutDil": 250200000,
    "link": "https://www.sec.gov/Archives/edgar/data/1136869/000095013705013451/0000950137-05-013451-index.htm",
    "finalLink": "https://www.sec.gov/Archives/edgar/data/1136869/000095013705013451/c99678e10vq.htm"
  },
  {
    "date": "2005-06-30",
    "symbol": "ZBH",
    "reportedCurrency": "USD",
    "cik": "0001136869",
    "fillingDate": "2005-08-09",
    "acceptedDate": "2005-08-09 15:12:55",
    "calendarYear": "2005",
    "period": "Q2",
    "revenue": 846800000,
    "costOfRevenue": 188800000,
    "grossProfit": 658000000,
    "grossProfitRatio": 0.7770429854,
    "researchAndDevelopmentExpenses": 43600000,
    "generalAndAdministrativeExpenses": 0,
    "sellingAndMarketingExpenses": 0,
    "sellingGeneralAndAdministrativeExpenses": 328500000,
    "otherExpenses": 10100000,
    "operatingExpenses": 382200000,
    "costAndExpenses": 571000000,
    "interestIncome": 0,
    "interestExpense": 0,
    "depreciationAndAmortization": 45300000,
    "ebitda": 331200000,
    "ebitdaratio": 0.3911195087,
    "operatingIncome": 275800000,
    "operatingIncomeRatio": 0.3256967407,
    "totalOtherIncomeExpensesNet": -4200000,
    "incomeBeforeTax": 271600000,
    "incomeBeforeTaxRatio": 0.3207368918,
    "incomeTaxExpense": 80700000,
    "netIncome": 190700000,
    "netIncomeRatio": 0.2252007558,
    "eps": 0.77,
    "epsdiluted": 0.76,
    "weightedAverageShsOut": 247000000,
    "weightedAverageShsOutDil": 249900000,
    "link": "https://www.sec.gov/Archives/edgar/data/1136869/000095013705009889/0000950137-05-009889-index.htm",
    "finalLink": "https://www.sec.gov/Archives/edgar/data/1136869/000095013705009889/c97297e10vq.htm"
  },
  {
    "date": "2005-03-31",
    "symbol": "ZBH",
    "reportedCurrency": "USD",
    "cik": "0001136869",
    "fillingDate": "2005-05-05",
    "acceptedDate": "2005-05-05 17:05:20",
    "calendarYear": "2005",
    "period": "Q1",
    "revenue": 828500000,
    "costOfRevenue": 190300000,
    "grossProfit": 638200000,
    "grossProfitRatio": 0.7703077852,
    "researchAndDevelopmentExpenses": 42100000,
    "generalAndAdministrativeExpenses": 0,
    "sellingAndMarketingExpenses": 0,
    "sellingGeneralAndAdministrativeExpenses": 321600000,
    "otherExpenses": 16900000,
    "operatingExpenses": 380600000,
    "costAndExpenses": 570900000,
    "interestIncome": 0,
    "interestExpense": 0,
    "depreciationAndAmortization": 45100000,
    "ebitda": 319600000,
    "ebitdaratio": 0.3857573929,
    "operatingIncome": 257600000,
    "operatingIncomeRatio": 0.3109233555,
    "totalOtherIncomeExpensesNet": -7200000,
    "incomeBeforeTax": 250400000,
    "incomeBeforeTaxRatio": 0.3022329511,
    "incomeTaxExpense": 76600000,
    "netIncome": 173600000,
    "netIncomeRatio": 0.2095353048,
    "eps": 0.71,
    "epsdiluted": 0.7,
    "weightedAverageShsOut": 246100000,
    "weightedAverageShsOutDil": 249200000,
    "link": "https://www.sec.gov/Archives/edgar/data/1136869/000095013705005453/0000950137-05-005453-index.htm",
    "finalLink": "https://www.sec.gov/Archives/edgar/data/1136869/000095013705005453/c94805e10vq.htm"
  },
  {
    "date": "2004-12-31",
    "symbol": "ZBH",
    "reportedCurrency": "USD",
    "cik": "0001136869",
    "fillingDate": "2005-03-14",
    "acceptedDate": "2005-03-11 17:58:11",
    "calendarYear": "2004",
    "period": "Q4",
    "revenue": 801100000,
    "costOfRevenue": 189400000,
    "grossProfit": 611700000,
    "grossProfitRatio": 0.7635750843,
    "researchAndDevelopmentExpenses": 47300000,
    "generalAndAdministrativeExpenses": 0,
    "sellingAndMarketingExpenses": 0,
    "sellingGeneralAndAdministrativeExpenses": 308700000,
    "otherExpenses": 14100000,
    "operatingExpenses": 370100000,
    "costAndExpenses": 559500000,
    "interestIncome": 0,
    "interestExpense": 0,
    "depreciationAndAmortization": 46700000,
    "ebitda": 302400000,
    "ebitdaratio": 0.3774809637,
    "operatingIncome": 241600000,
    "operatingIncomeRatio": 0.3015853202,
    "totalOtherIncomeExpensesNet": -5900000,
    "incomeBeforeTax": 235700000,
    "incomeBeforeTaxRatio": 0.2942204469,
    "incomeTaxExpense": 35400000,
    "netIncome": 200000000,
    "netIncomeRatio": 0.249656722,
    "eps": 0.81,
    "epsdiluted": 0.8,
    "weightedAverageShsOut": 246100000,
    "weightedAverageShsOutDil": 249200000,
    "link": "https://www.sec.gov/Archives/edgar/data/1136869/000095013705002914/0000950137-05-002914-index.htm",
    "finalLink": "https://www.sec.gov/Archives/edgar/data/1136869/000095013705002914/c92811e10vk.htm"
  },
  {
    "date": "2004-09-30",
    "symbol": "ZBH",
    "reportedCurrency": "USD",
    "cik": "0001136869",
    "fillingDate": "2004-11-08",
    "acceptedDate": "2004-11-08 16:52:58",
    "calendarYear": "2004",
    "period": "Q3",
    "revenue": 700200000,
    "costOfRevenue": 169100000,
    "grossProfit": 531100000,
    "grossProfitRatio": 0.7584975721,
    "researchAndDevelopmentExpenses": 41400000,
    "generalAndAdministrativeExpenses": 0,
    "sellingAndMarketingExpenses": 0,
    "sellingGeneralAndAdministrativeExpenses": 286200000,
    "otherExpenses": 11500000,
    "operatingExpenses": 339100000,
    "costAndExpenses": 508200000,
    "interestIncome": 0,
    "interestExpense": 0,
    "depreciationAndAmortization": 47300000,
    "ebitda": 250800000,
    "ebitdaratio": 0.3581833762,
    "operatingIncome": 192000000,
    "operatingIncomeRatio": 0.2742073693,
    "totalOtherIncomeExpensesNet": -7700000,
    "incomeBeforeTax": 184300000,
    "incomeBeforeTaxRatio": 0.2632105113,
    "incomeTaxExpense": 56400000,
    "netIncome": 127900000,
    "netIncomeRatio": 0.1826620965,
    "eps": 0.52,
    "epsdiluted": 0.52,
    "weightedAverageShsOut": 245000000,
    "weightedAverageShsOutDil": 248200000,
    "link": "https://www.sec.gov/Archives/edgar/data/1136869/000095013704009597/0000950137-04-009597-index.htm",
    "finalLink": "https://www.sec.gov/Archives/edgar/data/1136869/000095013704009597/c89379e10vq.htm"
  },
  {
    "date": "2004-06-30",
    "symbol": "ZBH",
    "reportedCurrency": "USD",
    "cik": "0001136869",
    "fillingDate": "2004-08-05",
    "acceptedDate": "2004-08-05 17:23:17",
    "calendarYear": "2004",
    "period": "Q2",
    "revenue": 737400000,
    "costOfRevenue": 201900000,
    "grossProfit": 535500000,
    "grossProfitRatio": 0.7262001627,
    "researchAndDevelopmentExpenses": 38200000,
    "generalAndAdministrativeExpenses": 0,
    "sellingAndMarketingExpenses": 0,
    "sellingGeneralAndAdministrativeExpenses": 297300000,
    "otherExpenses": 24200000,
    "operatingExpenses": 359700000,
    "costAndExpenses": 561600000,
    "interestIncome": 0,
    "interestExpense": 0,
    "depreciationAndAmortization": 45600000,
    "ebitda": 245600000,
    "ebitdaratio": 0.3330621101,
    "operatingIncome": 175800000,
    "operatingIncomeRatio": 0.2384052075,
    "totalOtherIncomeExpensesNet": -8300000,
    "incomeBeforeTax": 167500000,
    "incomeBeforeTaxRatio": 0.227149444,
    "incomeTaxExpense": 51400000,
    "netIncome": 116300000,
    "netIncomeRatio": 0.1577163005,
    "eps": 0.48,
    "epsdiluted": 0.47,
    "weightedAverageShsOut": 244300000,
    "weightedAverageShsOutDil": 247900000,
    "link": "https://www.sec.gov/Archives/edgar/data/1136869/000095013704006282/0000950137-04-006282-index.htm",
    "finalLink": "https://www.sec.gov/Archives/edgar/data/1136869/000095013704006282/c87084e10vq.htm"
  },
  {
    "date": "2004-03-31",
    "symbol": "ZBH",
    "reportedCurrency": "USD",
    "cik": "0001136869",
    "fillingDate": "2004-05-06",
    "acceptedDate": "2004-05-06 16:30:17",
    "calendarYear": "2004",
    "period": "Q1",
    "revenue": 742200000,
    "costOfRevenue": 219500000,
    "grossProfit": 522700000,
    "grossProfitRatio": 0.7042576125,
    "researchAndDevelopmentExpenses": 39800000,
    "generalAndAdministrativeExpenses": 0,
    "sellingAndMarketingExpenses": 0,
    "sellingGeneralAndAdministrativeExpenses": 297800000,
    "otherExpenses": 31300000,
    "operatingExpenses": 368900000,
    "costAndExpenses": 588400000,
    "interestIncome": 0,
    "interestExpense": 0,
    "depreciationAndAmortization": 41700000,
    "ebitda": 226800000,
    "ebitdaratio": 0.3055780113,
    "operatingIncome": 153800000,
    "operatingIncomeRatio": 0.2072217731,
    "totalOtherIncomeExpensesNet": -9800000,
    "incomeBeforeTax": 144000000,
    "incomeBeforeTaxRatio": 0.194017785,
    "incomeTaxExpense": 46400000,
    "netIncome": 97600000,
    "netIncomeRatio": 0.1315009431,
    "eps": 0.4,
    "epsdiluted": 0.4,
    "weightedAverageShsOut": 242900000,
    "weightedAverageShsOutDil": 246400000,
    "link": "https://www.sec.gov/Archives/edgar/data/1136869/000095013704003657/0000950137-04-003657-index.htm",
    "finalLink": "https://www.sec.gov/Archives/edgar/data/1136869/000095013704003657/c85155e10vq.htm"
  },
  {
    "date": "2003-12-31",
    "symbol": "ZBH",
    "reportedCurrency": "USD",
    "cik": "0001136869",
    "fillingDate": "2004-03-15",
    "acceptedDate": "2004-03-15 17:04:49",
    "calendarYear": "2003",
    "period": "Q4",
    "revenue": 701600000,
    "costOfRevenue": 224100000,
    "grossProfit": 477500000,
    "grossProfitRatio": 0.6805872292,
    "researchAndDevelopmentExpenses": 37300000,
    "generalAndAdministrativeExpenses": 0,
    "sellingAndMarketingExpenses": 0,
    "sellingGeneralAndAdministrativeExpenses": 287100000,
    "otherExpenses": 87600000,
    "operatingExpenses": 412000000,
    "costAndExpenses": 636100000,
    "interestIncome": 0,
    "interestExpense": 0,
    "depreciationAndAmortization": 40600000,
    "ebitda": 193700000,
    "ebitdaratio": 0.2760832383,
    "operatingIncome": 65500000,
    "operatingIncomeRatio": 0.0933580388,
    "totalOtherIncomeExpensesNet": -10200000,
    "incomeBeforeTax": 55300000,
    "incomeBeforeTaxRatio": 0.0788198404,
    "incomeTaxExpense": 18800000,
    "netIncome": 37000000,
    "netIncomeRatio": 0.0527366021,
    "eps": 0.15,
    "epsdiluted": 0.15,
    "weightedAverageShsOut": 242900000,
    "weightedAverageShsOutDil": 246400000,
    "link": "https://www.sec.gov/Archives/edgar/data/1136869/000095013704001881/0000950137-04-001881-index.htm",
    "finalLink": "https://www.sec.gov/Archives/edgar/data/1136869/000095013704001881/c83286e10vk.htm"
  },
  {
    "date": "2003-09-30",
    "symbol": "ZBH",
    "reportedCurrency": "USD",
    "cik": "0001136869",
    "fillingDate": "2003-11-14",
    "acceptedDate": "2003-11-14 15:45:09",
    "calendarYear": "2003",
    "period": "Q3",
    "revenue": 398200000,
    "costOfRevenue": 96800000,
    "grossProfit": 301400000,
    "grossProfitRatio": 0.7569060773,
    "researchAndDevelopmentExpenses": 24400000,
    "generalAndAdministrativeExpenses": 0,
    "sellingAndMarketingExpenses": 0,
    "sellingGeneralAndAdministrativeExpenses": 146800000,
    "otherExpenses": 1700000,
    "operatingExpenses": 172900000,
    "costAndExpenses": 269700000,
    "interestIncome": 0,
    "interestExpense": 0,
    "depreciationAndAmortization": 21300000,
    "ebitda": 422760000,
    "ebitdaratio": 1.061677549,
    "operatingIncome": 128500000,
    "operatingIncomeRatio": 0.3227021597,
    "totalOtherIncomeExpensesNet": -700000,
    "incomeBeforeTax": 127800000,
    "incomeBeforeTaxRatio": 0.3209442491,
    "incomeTaxExpense": 42800000,
    "netIncome": 85000000,
    "netIncomeRatio": 0.2134605726,
    "eps": 0.43,
    "epsdiluted": 0.43,
    "weightedAverageShsOut": 196800000,
    "weightedAverageShsOutDil": 199600000,
    "link": "https://www.sec.gov/Archives/edgar/data/1136869/000095013703005978/0000950137-03-005978-index.htm",
    "finalLink": "https://www.sec.gov/Archives/edgar/data/1136869/000095013703005978/c80942e10vq.htm"
  },
  {
    "date": "2003-06-30",
    "symbol": "ZBH",
    "reportedCurrency": "USD",
    "cik": "0001136869",
    "fillingDate": "2003-08-08",
    "acceptedDate": "2003-08-08 12:56:54",
    "calendarYear": "2003",
    "period": "Q2",
    "revenue": 411100000,
    "costOfRevenue": 98400000,
    "grossProfit": 312700000,
    "grossProfitRatio": 0.7606421795,
    "researchAndDevelopmentExpenses": 22700000,
    "generalAndAdministrativeExpenses": 0,
    "sellingAndMarketingExpenses": 0,
    "sellingGeneralAndAdministrativeExpenses": 155300000,
    "otherExpenses": 0,
    "operatingExpenses": 178000000,
    "costAndExpenses": 276400000,
    "interestIncome": 0,
    "interestExpense": 0,
    "depreciationAndAmortization": 21800000,
    "ebitda": 156500000,
    "ebitdaratio": 0.3806859645,
    "operatingIncome": 134700000,
    "operatingIncomeRatio": 0.3276575043,
    "totalOtherIncomeExpensesNet": -900000,
    "incomeBeforeTax": 133800000,
    "incomeBeforeTaxRatio": 0.3254682559,
    "incomeTaxExpense": 44800000,
    "netIncome": 89000000,
    "netIncomeRatio": 0.2164923376,
    "eps": 0.45,
    "epsdiluted": 0.45,
    "weightedAverageShsOut": 196500000,
    "weightedAverageShsOutDil": 199100000,
    "link": "https://www.sec.gov/Archives/edgar/data/1136869/000095013703004167/0000950137-03-004167-index.htm",
    "finalLink": "https://www.sec.gov/Archives/edgar/data/1136869/000095013703004167/c78778e10vq.htm"
  },
  {
    "date": "2003-03-31",
    "symbol": "ZBH",
    "reportedCurrency": "USD",
    "cik": "0001136869",
    "fillingDate": "2003-05-13",
    "acceptedDate": "2003-05-13 16:30:07",
    "calendarYear": "2003",
    "period": "Q1",
    "revenue": 390100000,
    "costOfRevenue": 96900000,
    "grossProfit": 293200000,
    "grossProfitRatio": 0.7516021533,
    "researchAndDevelopmentExpenses": 21400000,
    "generalAndAdministrativeExpenses": 0,
    "sellingAndMarketingExpenses": 0,
    "sellingGeneralAndAdministrativeExpenses": 149800000,
    "otherExpenses": 0,
    "operatingExpenses": 171200000,
    "costAndExpenses": 268100000,
    "interestIncome": 0,
    "interestExpense": 0,
    "depreciationAndAmortization": 19600000,
    "ebitda": 141600000,
    "ebitdaratio": 0.3629838503,
    "operatingIncome": 122000000,
    "operatingIncomeRatio": 0.312740323,
    "totalOtherIncomeExpensesNet": -1400000,
    "incomeBeforeTax": 120600000,
    "incomeBeforeTaxRatio": 0.3091514996,
    "incomeTaxExpense": 40400000,
    "netIncome": 135300000,
    "netIncomeRatio": 0.3468341451,
    "eps": 0.69,
    "epsdiluted": 0.68,
    "weightedAverageShsOut": 195700000,
    "weightedAverageShsOutDil": 198000000,
    "link": "https://www.sec.gov/Archives/edgar/data/1136869/000095013703002883/0000950137-03-002883-index.htm",
    "finalLink": "https://www.sec.gov/Archives/edgar/data/1136869/000095013703002883/c77048e10vq.htm"
  },
  {
    "date": "2002-12-31",
    "symbol": "ZBH",
    "reportedCurrency": "USD",
    "cik": "0001136869",
    "fillingDate": "2003-03-12",
    "acceptedDate": "2003-03-12 16:41:32",
    "calendarYear": "2002",
    "period": "Q4",
    "revenue": 370200000,
    "costOfRevenue": 93700000,
    "grossProfit": 276500000,
    "grossProfitRatio": 0.746893571,
    "researchAndDevelopmentExpenses": 21800000,
    "generalAndAdministrativeExpenses": 0,
    "sellingAndMarketingExpenses": 0,
    "sellingGeneralAndAdministrativeExpenses": 143600000,
    "otherExpenses": 0,
    "operatingExpenses": 165400000,
    "costAndExpenses": 259100000,
    "interestIncome": 0,
    "interestExpense": 0,
    "depreciationAndAmortization": 6600000,
    "ebitda": 117700000,
    "ebitdaratio": 0.3179362507,
    "operatingIncome": 111100000,
    "operatingIncomeRatio": 0.3001080497,
    "totalOtherIncomeExpensesNet": -2100000,
    "incomeBeforeTax": 109000000,
    "incomeBeforeTaxRatio": 0.2944354403,
    "incomeTaxExpense": 36800000,
    "netIncome": 72200000,
    "netIncomeRatio": 0.1950297137,
    "eps": 0.37,
    "epsdiluted": 0.36,
    "weightedAverageShsOut": 195700000,
    "weightedAverageShsOutDil": 198000000,
    "link": "https://www.sec.gov/Archives/edgar/data/1136869/000095013703001382/0000950137-03-001382-index.htm",
    "finalLink": "https://www.sec.gov/Archives/edgar/data/1136869/000095013703001382/c75212e10vk.htm"
  },
  {
    "date": "2002-09-30",
    "symbol": "ZBH",
    "reportedCurrency": "USD",
    "cik": "0001136869",
    "fillingDate": "2002-11-12",
    "acceptedDate": "2002-11-12 16:49:24",
    "calendarYear": "2002",
    "period": "Q3",
    "revenue": 337500000,
    "costOfRevenue": 85100000,
    "grossProfit": 252400000,
    "grossProfitRatio": 0.7478518519,
    "researchAndDevelopmentExpenses": 20600000,
    "generalAndAdministrativeExpenses": 0,
    "sellingAndMarketingExpenses": 0,
    "sellingGeneralAndAdministrativeExpenses": 133700000,
    "otherExpenses": 0,
    "operatingExpenses": 154300000,
    "costAndExpenses": 239400000,
    "interestIncome": 0,
    "interestExpense": 0,
    "depreciationAndAmortization": 6400000,
    "ebitda": 104500000,
    "ebitdaratio": 0.3096296296,
    "operatingIncome": 98100000,
    "operatingIncomeRatio": 0.2906666667,
    "totalOtherIncomeExpensesNet": -3000000,
    "incomeBeforeTax": 95100000,
    "incomeBeforeTaxRatio": 0.2817777778,
    "incomeTaxExpense": 30000000,
    "netIncome": 65100000,
    "netIncomeRatio": 0.1928888889,
    "eps": 0.33,
    "epsdiluted": 0.33,
    "weightedAverageShsOut": 194700000,
    "weightedAverageShsOutDil": 196500000,
    "link": "https://www.sec.gov/Archives/edgar/data/1136869/000095013702006144/0000950137-02-006144-index.htm",
    "finalLink": "https://www.sec.gov/Archives/edgar/data/1136869/000095013702006144/c72854e10vq.htm"
  },
  {
    "date": "2002-06-30",
    "symbol": "ZBH",
    "reportedCurrency": "USD",
    "cik": "0001136869",
    "fillingDate": "2002-08-09",
    "acceptedDate": "2002-08-09 16:01:06",
    "calendarYear": "2002",
    "period": "Q2",
    "revenue": 345600000,
    "costOfRevenue": 85200000,
    "grossProfit": 260400000,
    "grossProfitRatio": 0.7534722222,
    "researchAndDevelopmentExpenses": 19200000,
    "generalAndAdministrativeExpenses": 0,
    "sellingAndMarketingExpenses": 0,
    "sellingGeneralAndAdministrativeExpenses": 137800000,
    "otherExpenses": 0,
    "operatingExpenses": 157000000,
    "costAndExpenses": 242200000,
    "interestIncome": 0,
    "interestExpense": 0,
    "depreciationAndAmortization": 6800000,
    "ebitda": 110200000,
    "ebitdaratio": 0.3188657407,
    "operatingIncome": 103400000,
    "operatingIncomeRatio": 0.2991898148,
    "totalOtherIncomeExpensesNet": -3300000,
    "incomeBeforeTax": 100100000,
    "incomeBeforeTaxRatio": 0.2896412037,
    "incomeTaxExpense": 34200000,
    "netIncome": 65900000,
    "netIncomeRatio": 0.1906828704,
    "eps": 0.34,
    "epsdiluted": 0.34,
    "weightedAverageShsOut": 194300000,
    "weightedAverageShsOutDil": 196000000,
    "link": "https://www.sec.gov/Archives/edgar/data/1136869/000095013702004263/0000950137-02-004263-index.htm",
    "finalLink": "https://www.sec.gov/Archives/edgar/data/1136869/000095013702004263/c71109e10vq.htm"
  },
  {
    "date": "2002-03-31",
    "symbol": "ZBH",
    "reportedCurrency": "USD",
    "cik": "0001136869",
    "fillingDate": "2002-05-08",
    "acceptedDate": "2002-05-08 16:48:12",
    "calendarYear": "2002",
    "period": "Q1",
    "revenue": 319100000,
    "costOfRevenue": 80800000,
    "grossProfit": 238300000,
    "grossProfitRatio": 0.7467878408,
    "researchAndDevelopmentExpenses": 19100000,
    "generalAndAdministrativeExpenses": 0,
    "sellingAndMarketingExpenses": 0,
    "sellingGeneralAndAdministrativeExpenses": 130900000,
    "otherExpenses": 0,
    "operatingExpenses": 150000000,
    "costAndExpenses": 230800000,
    "interestIncome": 0,
    "interestExpense": 0,
    "depreciationAndAmortization": 5500000,
    "ebitda": 93800000,
    "ebitdaratio": 0.2939517393,
    "operatingIncome": 88300000,
    "operatingIncomeRatio": 0.2767157631,
    "totalOtherIncomeExpensesNet": -3600000,
    "incomeBeforeTax": 84700000,
    "incomeBeforeTaxRatio": 0.2654340332,
    "incomeTaxExpense": 30100000,
    "netIncome": 54600000,
    "netIncomeRatio": 0.1711062363,
    "eps": 0.28,
    "epsdiluted": 0.28,
    "weightedAverageShsOut": 194000000,
    "weightedAverageShsOutDil": 195700000,
    "link": "https://www.sec.gov/Archives/edgar/data/1136869/000095013702002802/0000950137-02-002802-index.htm",
    "finalLink": "https://www.sec.gov/Archives/edgar/data/1136869/000095013702002802/c69400e10-q.htm"
  },
  {
    "date": "2001-12-31",
    "symbol": "ZBH",
    "reportedCurrency": "USD",
    "cik": "0001136869",
    "fillingDate": "2002-03-13",
    "acceptedDate": "2002-03-13 00:00:00",
    "calendarYear": "2001",
    "period": "Q4",
    "revenue": 311600000,
    "costOfRevenue": 82500000,
    "grossProfit": 229100000,
    "grossProfitRatio": 0.735237484,
    "researchAndDevelopmentExpenses": 17900000,
    "generalAndAdministrativeExpenses": 0,
    "sellingAndMarketingExpenses": 0,
    "sellingGeneralAndAdministrativeExpenses": 139200000,
    "otherExpenses": 0,
    "operatingExpenses": 157100000,
    "costAndExpenses": 239600000,
    "interestIncome": 0,
    "interestExpense": 0,
    "depreciationAndAmortization": 5200000,
    "ebitda": 77200000,
    "ebitdaratio": 0.2477535302,
    "operatingIncome": 72000000,
    "operatingIncomeRatio": 0.2310654685,
    "totalOtherIncomeExpensesNet": -4400000,
    "incomeBeforeTax": 67600000,
    "incomeBeforeTaxRatio": 0.216944801,
    "incomeTaxExpense": 24400000,
    "netIncome": 43200000,
    "netIncomeRatio": 0.1386392811,
    "eps": 0.22,
    "epsdiluted": 0.22,
    "weightedAverageShsOut": 194000000,
    "weightedAverageShsOutDil": 195700000,
    "link": "https://www.sec.gov/Archives/edgar/data/1136869/000095013702001247/0000950137-02-001247-index.htm",
    "finalLink": "https://www.sec.gov/Archives/edgar/data/1136869/000095013702001247/c67231e10-k405.htm"
  },
  {
    "date": "2001-09-30",
    "symbol": "ZBH",
    "reportedCurrency": "USD",
    "cik": "0001136869",
    "fillingDate": "2001-11-13",
    "acceptedDate": "2001-11-13 00:00:00",
    "calendarYear": "2001",
    "period": "Q3",
    "revenue": 286700000,
    "costOfRevenue": 75000000,
    "grossProfit": 211700000,
    "grossProfitRatio": 0.7384025113,
    "researchAndDevelopmentExpenses": 18300000,
    "generalAndAdministrativeExpenses": 0,
    "sellingAndMarketingExpenses": 0,
    "sellingGeneralAndAdministrativeExpenses": 142600000,
    "otherExpenses": 0,
    "operatingExpenses": 160900000,
    "costAndExpenses": 235900000,
    "interestIncome": 0,
    "interestExpense": 0,
    "depreciationAndAmortization": 5700000,
    "ebitda": 56500000,
    "ebitdaratio": 0.1970701081,
    "operatingIncome": 50800000,
    "operatingIncomeRatio": 0.177188699,
    "totalOtherIncomeExpensesNet": -3000000,
    "incomeBeforeTax": 47800000,
    "incomeBeforeTaxRatio": 0.1667247994,
    "incomeTaxExpense": 20400000,
    "netIncome": 27400000,
    "netIncomeRatio": 0.0955702825,
    "eps": 0.14,
    "epsdiluted": 0.14,
    "weightedAverageShsOut": 193700000,
    "weightedAverageShsOutDil": 195000000,
    "link": "https://www.sec.gov/Archives/edgar/data/1136869/000091205701539263/0000912057-01-539263-index.htm",
    "finalLink": "https://www.sec.gov/Archives/edgar/data/1136869/000091205701539263/a2063239z10-q.htm"
  },
  {
    "date": "2001-06-30",
    "symbol": "ZBH",
    "reportedCurrency": "USD",
    "cik": "0001136869",
    "fillingDate": "2001-08-21",
    "acceptedDate": "2001-08-21 00:00:00",
    "calendarYear": "2001",
    "period": "Q2",
    "revenue": 294300000,
    "costOfRevenue": 82300000,
    "grossProfit": 212000000,
    "grossProfitRatio": 0.7203533809,
    "researchAndDevelopmentExpenses": 17400000,
    "generalAndAdministrativeExpenses": 64200000,
    "sellingAndMarketingExpenses": 61500000,
    "sellingGeneralAndAdministrativeExpenses": 125700000,
    "otherExpenses": 0,
    "operatingExpenses": 143100000,
    "costAndExpenses": 225400000,
    "interestIncome": 0,
    "interestExpense": 0,
    "depreciationAndAmortization": 0,
    "ebitda": 68900000,
    "ebitdaratio": 0.2341148488,
    "operatingIncome": 68900000,
    "operatingIncomeRatio": 0.2341148488,
    "totalOtherIncomeExpensesNet": 0,
    "incomeBeforeTax": 68900000,
    "incomeBeforeTaxRatio": 0.2341148488,
    "incomeTaxExpense": 25700000,
    "netIncome": 43200000,
    "netIncomeRatio": 0.1467889908,
    "eps": 0.22,
    "epsdiluted": 0.22,
    "weightedAverageShsOut": 193600000,
    "weightedAverageShsOutDil": 193600000,
    "link": "https://www.sec.gov/Archives/edgar/data/1136869/000091205701529764/0000912057-01-529764-index.htm",
    "finalLink": "https://www.sec.gov/Archives/edgar/data/1136869/000091205701529764/a2057640z10-q.htm"
  },
  {
    "date": "2001-03-31",
    "symbol": "ZBH",
    "reportedCurrency": "USD",
    "cik": "0001136869",
    "fillingDate": "2001-03-31",
    "acceptedDate": "2001-03-30 19:00:00",
    "calendarYear": "2001",
    "period": "Q1",
    "revenue": 286000000,
    "costOfRevenue": 81100000,
    "grossProfit": 204900000,
    "grossProfitRatio": 0.7164335664,
    "researchAndDevelopmentExpenses": 18000000,
    "generalAndAdministrativeExpenses": 130300000,
    "sellingAndMarketingExpenses": 0,
    "sellingGeneralAndAdministrativeExpenses": 130300000,
    "otherExpenses": 0,
    "operatingExpenses": 148300000,
    "costAndExpenses": 229400000,
    "interestIncome": 0,
    "interestExpense": 0,
    "depreciationAndAmortization": 6100000,
    "ebitda": 62700000,
    "ebitdaratio": 0.2192307692,
    "operatingIncome": 56600000,
    "operatingIncomeRatio": 0.1979020979,
    "totalOtherIncomeExpensesNet": 0,
    "incomeBeforeTax": 56600000,
    "incomeBeforeTaxRatio": 0.1979020979,
    "incomeTaxExpense": 20600000,
    "netIncome": 36000000,
    "netIncomeRatio": 0.1258741259,
    "eps": 0.19,
    "epsdiluted": 0.19,
    "weightedAverageShsOut": 193600000,
    "weightedAverageShsOutDil": 193600000,
    "link": "",
    "finalLink": ""
  },
  {
    "date": "2000-12-31",
    "symbol": "ZBH",
    "reportedCurrency": "USD",
    "cik": "0001136869",
    "fillingDate": "2000-12-31",
    "acceptedDate": "2000-12-30 19:00:00",
    "calendarYear": "2000",
    "period": "Q4",
    "revenue": 274800000,
    "costOfRevenue": 80300000,
    "grossProfit": 194500000,
    "grossProfitRatio": 0.7077874818,
    "researchAndDevelopmentExpenses": 15700000,
    "generalAndAdministrativeExpenses": 106400000,
    "sellingAndMarketingExpenses": 0,
    "sellingGeneralAndAdministrativeExpenses": 106400000,
    "otherExpenses": 0,
    "operatingExpenses": 122100000,
    "costAndExpenses": 202400000,
    "interestIncome": 0,
    "interestExpense": 0,
    "depreciationAndAmortization": 6300000,
    "ebitda": 78700000,
    "ebitdaratio": 0.2863901019,
    "operatingIncome": 72400000,
    "operatingIncomeRatio": 0.2634643377,
    "totalOtherIncomeExpensesNet": 0,
    "incomeBeforeTax": 72400000,
    "incomeBeforeTaxRatio": 0.2634643377,
    "incomeTaxExpense": 24700000,
    "netIncome": 47700000,
    "netIncomeRatio": 0.173580786,
    "eps": 0.25,
    "epsdiluted": 0.25,
    "weightedAverageShsOut": 194100000,
    "weightedAverageShsOutDil": 194100000,
    "link": "",
    "finalLink": ""
  },
  {
    "date": "2000-09-30",
    "symbol": "ZBH",
    "reportedCurrency": "USD",
    "cik": "0001136869",
    "fillingDate": "2000-09-30",
    "acceptedDate": "2000-09-29 20:00:00",
    "calendarYear": "2000",
    "period": "Q3",
    "revenue": 251800000,
    "costOfRevenue": 72300000,
    "grossProfit": 179500000,
    "grossProfitRatio": 0.712867355,
    "researchAndDevelopmentExpenses": 12800000,
    "generalAndAdministrativeExpenses": 101800000,
    "sellingAndMarketingExpenses": 0,
    "sellingGeneralAndAdministrativeExpenses": 101800000,
    "otherExpenses": 0,
    "operatingExpenses": 114600000,
    "costAndExpenses": 186900000,
    "interestIncome": 0,
    "interestExpense": 0,
    "depreciationAndAmortization": 5500000,
    "ebitda": 70400000,
    "ebitdaratio": 0.2795869738,
    "operatingIncome": 64900000,
    "operatingIncomeRatio": 0.2577442415,
    "totalOtherIncomeExpensesNet": 0,
    "incomeBeforeTax": 64900000,
    "incomeBeforeTaxRatio": 0.2577442415,
    "incomeTaxExpense": 22300000,
    "netIncome": 42600000,
    "netIncomeRatio": 0.1691818904,
    "eps": 0.22,
    "epsdiluted": 0.22,
    "weightedAverageShsOut": 193600000,
    "weightedAverageShsOutDil": 193600000,
    "link": "",
    "finalLink": ""
  },
  {
    "date": "2000-06-30",
    "symbol": "ZBH",
    "reportedCurrency": "USD",
    "cik": "0001136869",
    "fillingDate": "2000-06-30",
    "acceptedDate": "2000-06-30 00:00:00",
    "calendarYear": "2000",
    "period": "Q2",
    "revenue": 260900000,
    "costOfRevenue": 68500000,
    "grossProfit": 192400000,
    "grossProfitRatio": 0.7374472978,
    "researchAndDevelopmentExpenses": 11500000,
    "generalAndAdministrativeExpenses": 56500000,
    "sellingAndMarketingExpenses": 52500000,
    "sellingGeneralAndAdministrativeExpenses": 109000000,
    "otherExpenses": 0,
    "operatingExpenses": 120500000,
    "costAndExpenses": 189000000,
    "interestIncome": 0,
    "interestExpense": 0,
    "depreciationAndAmortization": 0,
    "ebitda": 71900000,
    "ebitdaratio": 0.2755845151,
    "operatingIncome": 71900000,
    "operatingIncomeRatio": 0.2755845151,
    "totalOtherIncomeExpensesNet": 0,
    "incomeBeforeTax": 71900000,
    "incomeBeforeTaxRatio": 0.2755845151,
    "incomeTaxExpense": 25000000,
    "netIncome": 46900000,
    "netIncomeRatio": 0.1797623611,
    "eps": 0.24,
    "epsdiluted": 0.24,
    "weightedAverageShsOut": 193600000,
    "weightedAverageShsOutDil": 193600000,
    "link": null,
    "finalLink": null
  },
  {
    "date": "2000-03-31",
    "symbol": "ZBH",
    "reportedCurrency": "USD",
    "cik": "0001136869",
    "fillingDate": "2000-03-31",
    "acceptedDate": "2000-03-30 19:00:00",
    "calendarYear": "2000",
    "period": "Q1",
    "revenue": 253500000,
    "costOfRevenue": 69900000,
    "grossProfit": 183600000,
    "grossProfitRatio": 0.724260355,
    "researchAndDevelopmentExpenses": 12000000,
    "generalAndAdministrativeExpenses": 112800000,
    "sellingAndMarketingExpenses": 0,
    "sellingGeneralAndAdministrativeExpenses": 112800000,
    "otherExpenses": 0,
    "operatingExpenses": 124800000,
    "costAndExpenses": 194700000,
    "interestIncome": 0,
    "interestExpense": 0,
    "depreciationAndAmortization": 6000000,
    "ebitda": 64800000,
    "ebitdaratio": 0.2556213018,
    "operatingIncome": 58800000,
    "operatingIncomeRatio": 0.2319526627,
    "totalOtherIncomeExpensesNet": 0,
    "incomeBeforeTax": 58800000,
    "incomeBeforeTaxRatio": 0.2319526627,
    "incomeTaxExpense": 20000000,
    "netIncome": 38800000,
    "netIncomeRatio": 0.1530571992,
    "eps": 0.2,
    "epsdiluted": 0.2,
    "weightedAverageShsOut": 193800000,
    "weightedAverageShsOutDil": 193800000,
    "link": "",
    "finalLink": ""
  }
]