[
  {
    "date": "2024-12-31",
    "symbol": "ZBH",
    "reportedCurrency": "USD",
    "cik": "0001136869",
    "fillingDate": "2025-02-25",
    "acceptedDate": "2025-02-25 16:01:39",
    "calendarYear": "2024",
    "period": "FY",
    "revenue": 7678600000,
    "costOfRevenue": 2191200000,
    "grossProfit": 5487400000,
    "grossProfitRatio": 0.7146354804,
    "researchAndDevelopmentExpenses": 437400000,
    "generalAndAdministrativeExpenses": 0,
    "sellingAndMarketingExpenses": 0,
    "sellingGeneralAndAdministrativeExpenses": 2929800000,
    "otherExpenses": 834500000,
    "operatingExpenses": 4201700000,
    "costAndExpenses": 6392900000,
    "interestIncome": 0,
    "interestExpense": 218000000,
    "depreciationAndAmortization": 996300000,
    "ebitda": 2250900000,
    "ebitdaratio": 0.2931393744,
    "operatingIncome": 1285700000,
    "operatingIncomeRatio": 0.167439377,
    "totalOtherIncomeExpensesNet": -249100000,
    "incomeBeforeTax": 1036600000,
    "incomeBeforeTaxRatio": 0.1349985674,
    "incomeTaxExpense": 131400000,
    "netIncome": 903800000,
    "netIncomeRatio": 0.1177037481,
    "eps": 4.45,
    "epsdiluted": 4.43,
    "weightedAverageShsOut": 203100000,
    "weightedAverageShsOutDil": 203900000,
    "link": "https://www.sec.gov/Archives/edgar/data/1136869/000095017025026604/0000950170-25-026604-index.htm",
    "finalLink": "https://www.sec.gov/Archives/edgar/data/1136869/000095017025026604/zbh-20241231.htm"
  },
  {
    "date": "2023-12-31",
    "symbol": "ZBH",
    "reportedCurrency": "USD",
    "cik": "0001136869",
    "fillingDate": "2024-02-23",
    "acceptedDate": "2024-02-23 16:06:31",
    "calendarYear": "2023",
    "period": "FY",
    "revenue": 7394200000,
    "costOfRevenue": 2083800000,
    "grossProfit": 5310400000,
    "grossProfitRatio": 0.718184523,
    "researchAndDevelopmentExpenses": 458700000,
    "generalAndAdministrativeExpenses": 0,
    "sellingAndMarketingExpenses": 0,
    "sellingGeneralAndAdministrativeExpenses": 2838900000,
    "otherExpenses": 735100000,
    "operatingExpenses": 4032700000,
    "costAndExpenses": 6116500000,
    "interestIncome": 0,
    "interestExpense": 201200000,
    "depreciationAndAmortization": 951700000,
    "ebitda": 2220200000,
    "ebitdaratio": 0.3002623678,
    "operatingIncome": 1277700000,
    "operatingIncomeRatio": 0.1727975981,
    "totalOtherIncomeExpensesNet": -210400000,
    "incomeBeforeTax": 1067300000,
    "incomeBeforeTaxRatio": 0.1443428633,
    "incomeTaxExpense": 42200000,
    "netIncome": 1024000000,
    "netIncomeRatio": 0.1384869222,
    "eps": 4.91,
    "epsdiluted": 4.88,
    "weightedAverageShsOut": 208700000,
    "weightedAverageShsOutDil": 209700000,
    "link": "https://www.sec.gov/Archives/edgar/data/1136869/000095017024019353/0000950170-24-019353-index.htm",
    "finalLink": "https://www.sec.gov/Archives/edgar/data/1136869/000095017024019353/zbh-20231231.htm"
  },
  {
    "date": "2022-12-31",
    "symbol": "ZBH",
    "reportedCurrency": "USD",
    "cik": "0001136869",
    "fillingDate": "2023-02-24",
    "acceptedDate": "2023-02-24 09:46:33",
    "calendarYear": "2022",
    "period": "FY",
    "revenue": 6939900000,
    "costOfRevenue": 2019500000,
    "grossProfit": 4920400000,
    "grossProfitRatio": 0.7090015706,
    "researchAndDevelopmentExpenses": 406000000,
    "generalAndAdministrativeExpenses": 0,
    "sellingAndMarketingExpenses": 0,
    "sellingGeneralAndAdministrativeExpenses": 2761700000,
    "otherExpenses": 1056400000,
    "operatingExpenses": 4224100000,
    "costAndExpenses": 6243600000,
    "interestIncome": 0,
    "interestExpense": 164800000,
    "depreciationAndAmortization": 926400000,
    "ebitda": 1494700000,
    "ebitdaratio": 0.2153777432,
    "operatingIncome": 696300000,
    "operatingIncomeRatio": 0.1003328578,
    "totalOtherIncomeExpensesNet": -292800000,
    "incomeBeforeTax": 403500000,
    "incomeBeforeTaxRatio": 0.0581420482,
    "incomeTaxExpense": 112300000,
    "netIncome": 231400000,
    "netIncomeRatio": 0.0333434199,
    "eps": 1.39,
    "epsdiluted": 1.38,
    "weightedAverageShsOut": 209600000,
    "weightedAverageShsOutDil": 210300000,
    "link": "https://www.sec.gov/Archives/edgar/data/1136869/000095017023004264/0000950170-23-004264-index.htm",
    "finalLink": "https://www.sec.gov/Archives/edgar/data/1136869/000095017023004264/zbh-20221231.htm"
  },
  {
    "date": "2021-12-31",
    "symbol": "ZBH",
    "reportedCurrency": "USD",
    "cik": "0001136869",
    "fillingDate": "2022-02-25",
    "acceptedDate": "2022-02-25 16:07:32",
    "calendarYear": "2021",
    "period": "FY",
    "revenue": 6827300000,
    "costOfRevenue": 1960400000,
    "grossProfit": 4866900000,
    "grossProfitRatio": 0.7128586703,
    "researchAndDevelopmentExpenses": 435800000,
    "generalAndAdministrativeExpenses": 0,
    "sellingAndMarketingExpenses": 0,
    "sellingGeneralAndAdministrativeExpenses": 2843400000,
    "otherExpenses": 727400000,
    "operatingExpenses": 4006600000,
    "costAndExpenses": 5967000000,
    "interestIncome": 0,
    "interestExpense": 208400000,
    "depreciationAndAmortization": 937700000,
    "ebitda": 1645100000,
    "ebitdaratio": 0.2409590907,
    "operatingIncome": 860300000,
    "operatingIncomeRatio": 0.1260088175,
    "totalOtherIncomeExpensesNet": -361300000,
    "incomeBeforeTax": 499000000,
    "incomeBeforeTaxRatio": 0.0730889224,
    "incomeTaxExpense": 53500000,
    "netIncome": 401600000,
    "netIncomeRatio": 0.0588226678,
    "eps": 1.93,
    "epsdiluted": 1.91,
    "weightedAverageShsOut": 208600000,
    "weightedAverageShsOutDil": 210400000,
    "link": "https://www.sec.gov/Archives/edgar/data/1136869/000156459022007160/0001564590-22-007160-index.htm",
    "finalLink": "https://www.sec.gov/Archives/edgar/data/1136869/000156459022007160/zbh-10k_20211231.htm"
  },
  {
    "date": "2020-12-31",
    "symbol": "ZBH",
    "reportedCurrency": "USD",
    "cik": "0001136869",
    "fillingDate": "2021-02-22",
    "acceptedDate": "2021-02-22 16:17:08",
    "calendarYear": "2020",
    "period": "FY",
    "revenue": 6127500000,
    "costOfRevenue": 1824300000,
    "grossProfit": 4303200000,
    "grossProfitRatio": 0.7022766218,
    "researchAndDevelopmentExpenses": 322800000,
    "generalAndAdministrativeExpenses": 0,
    "sellingAndMarketingExpenses": 0,
    "sellingGeneralAndAdministrativeExpenses": 2712700000,
    "otherExpenses": 1184600000,
    "operatingExpenses": 4220100000,
    "costAndExpenses": 6044400000,
    "interestIncome": 0,
    "interestExpense": 212100000,
    "depreciationAndAmortization": 898400000,
    "ebitda": 1005300000,
    "ebitdaratio": 0.1640636475,
    "operatingIncome": 83100000,
    "operatingIncomeRatio": 0.0135618115,
    "totalOtherIncomeExpensesNet": -188300000,
    "incomeBeforeTax": -105200000,
    "incomeBeforeTaxRatio": -0.0171685027,
    "incomeTaxExpense": -96000000,
    "netIncome": -138900000,
    "netIncomeRatio": -0.0226682987,
    "eps": -0.66,
    "epsdiluted": -0.66,
    "weightedAverageShsOut": 207000000,
    "weightedAverageShsOutDil": 207000000,
    "link": "https://www.sec.gov/Archives/edgar/data/1136869/000156459021007163/0001564590-21-007163-index.htm",
    "finalLink": "https://www.sec.gov/Archives/edgar/data/1136869/000156459021007163/zbh-10k_20201231.htm"
  },
  {
    "date": "2019-12-31",
    "symbol": "ZBH",
    "reportedCurrency": "USD",
    "cik": "0001136869",
    "fillingDate": "2020-02-21",
    "acceptedDate": "2020-02-21 09:44:47",
    "calendarYear": "2019",
    "period": "FY",
    "revenue": 7982200000,
    "costOfRevenue": 2252600000,
    "grossProfit": 5729600000,
    "grossProfitRatio": 0.7177970985,
    "researchAndDevelopmentExpenses": 449300000,
    "generalAndAdministrativeExpenses": 0,
    "sellingAndMarketingExpenses": 0,
    "sellingGeneralAndAdministrativeExpenses": 3343800000,
    "otherExpenses": 799000000,
    "operatingExpenses": 4592100000,
    "costAndExpenses": 6844700000,
    "interestIncome": 0,
    "interestExpense": 226900000,
    "depreciationAndAmortization": 1006100000,
    "ebitda": 2138800000,
    "ebitdaratio": 0.2679461803,
    "operatingIncome": 1137500000,
    "operatingIncomeRatio": 0.1425045727,
    "totalOtherIncomeExpensesNet": -231700000,
    "incomeBeforeTax": 905800000,
    "incomeBeforeTaxRatio": 0.1134774874,
    "incomeTaxExpense": -225700000,
    "netIncome": 1131600000,
    "netIncomeRatio": 0.1417654281,
    "eps": 5.52,
    "epsdiluted": 5.47,
    "weightedAverageShsOut": 205100000,
    "weightedAverageShsOutDil": 206700000,
    "link": "https://www.sec.gov/Archives/edgar/data/1136869/000156459020005657/0001564590-20-005657-index.htm",
    "finalLink": "https://www.sec.gov/Archives/edgar/data/1136869/000156459020005657/zbh-10k_20191231.htm"
  },
  {
    "date": "2018-12-31",
    "symbol": "ZBH",
    "reportedCurrency": "USD",
    "cik": "0001136869",
    "fillingDate": "2019-02-26",
    "acceptedDate": "2019-02-26 09:17:03",
    "calendarYear": "2018",
    "period": "FY",
    "revenue": 7932900000,
    "costOfRevenue": 2271900000,
    "grossProfit": 5661000000,
    "grossProfitRatio": 0.7136104073,
    "researchAndDevelopmentExpenses": 391700000,
    "generalAndAdministrativeExpenses": 3379300000,
    "sellingAndMarketingExpenses": 0,
    "sellingGeneralAndAdministrativeExpenses": 3379300000,
    "otherExpenses": 1856200000,
    "operatingExpenses": 5627200000,
    "costAndExpenses": 7899100000,
    "interestIncome": 3300000,
    "interestExpense": 289300000,
    "depreciationAndAmortization": 1040500000,
    "ebitda": 1058700000,
    "ebitdaratio": 0.1334568695,
    "operatingIncome": 33800000,
    "operatingIncomeRatio": 0.0042607369,
    "totalOtherIncomeExpensesNet": -304900000,
    "incomeBeforeTax": -271100000,
    "incomeBeforeTaxRatio": -0.0341741356,
    "incomeTaxExpense": 108200000,
    "netIncome": -379200000,
    "netIncomeRatio": -0.0478009303,
    "eps": -1.86,
    "epsdiluted": -1.86,
    "weightedAverageShsOut": 203500000,
    "weightedAverageShsOutDil": 203500000,
    "link": "https://www.sec.gov/Archives/edgar/data/1136869/000156459019004283/0001564590-19-004283-index.htm",
    "finalLink": "https://www.sec.gov/Archives/edgar/data/1136869/000156459019004283/zbh-10k_20181231.htm"
  },
  {
    "date": "2017-12-31",
    "symbol": "ZBH",
    "reportedCurrency": "USD",
    "cik": "0001136869",
    "fillingDate": "2018-02-27",
    "acceptedDate": "2018-02-27 17:18:20",
    "calendarYear": "2017",
    "period": "FY",
    "revenue": 7803300000,
    "costOfRevenue": 2132900000,
    "grossProfit": 5670400000,
    "grossProfitRatio": 0.726666923,
    "researchAndDevelopmentExpenses": 369900000,
    "generalAndAdministrativeExpenses": 3369700000,
    "sellingAndMarketingExpenses": -265000000,
    "sellingGeneralAndAdministrativeExpenses": 3104700000,
    "otherExpenses": 1396500000,
    "operatingExpenses": 4871100000,
    "costAndExpenses": 7004000000,
    "interestIncome": 2200000,
    "interestExpense": 325300000,
    "depreciationAndAmortization": 1062700000,
    "ebitda": 1852600000,
    "ebitdaratio": 0.2374123768,
    "operatingIncome": 799300000,
    "operatingIncomeRatio": 0.1024310228,
    "totalOtherIncomeExpensesNet": -334700000,
    "incomeBeforeTax": 464600000,
    "incomeBeforeTaxRatio": 0.059538913,
    "incomeTaxExpense": -1348800000,
    "netIncome": 1813800000,
    "netIncomeRatio": 0.2324401215,
    "eps": 9.11,
    "epsdiluted": 9.03,
    "weightedAverageShsOut": 201900000,
    "weightedAverageShsOutDil": 203700000,
    "link": "https://www.sec.gov/Archives/edgar/data/1136869/000156459018003549/0001564590-18-003549-index.htm",
    "finalLink": "https://www.sec.gov/Archives/edgar/data/1136869/000156459018003549/zbh-10k_20171231.htm"
  },
  {
    "date": "2016-12-31",
    "symbol": "ZBH",
    "reportedCurrency": "USD",
    "cik": "0001136869",
    "fillingDate": "2017-03-01",
    "acceptedDate": "2017-03-01 15:58:49",
    "calendarYear": "2016",
    "period": "FY",
    "revenue": 7668400000,
    "costOfRevenue": 2381800000,
    "grossProfit": 5286600000,
    "grossProfitRatio": 0.6894006572,
    "researchAndDevelopmentExpenses": 365600000,
    "generalAndAdministrativeExpenses": 2944600000,
    "sellingAndMarketingExpenses": 0,
    "sellingGeneralAndAdministrativeExpenses": 2944600000,
    "otherExpenses": 1155300000,
    "operatingExpenses": 4465500000,
    "costAndExpenses": 6847300000,
    "interestIncome": 2900000,
    "interestExpense": 355000000,
    "depreciationAndAmortization": 1039300000,
    "ebitda": 1793900000,
    "ebitdaratio": 0.2339340671,
    "operatingIncome": 821100000,
    "operatingIncomeRatio": 0.1070757916,
    "totalOtherIncomeExpensesNet": -421500000,
    "incomeBeforeTax": 399600000,
    "incomeBeforeTaxRatio": 0.0521099577,
    "incomeTaxExpense": 95000000,
    "netIncome": 305900000,
    "netIncomeRatio": 0.0398909812,
    "eps": 1.51,
    "epsdiluted": 1.5,
    "weightedAverageShsOut": 200000000,
    "weightedAverageShsOutDil": 202400000,
    "link": "https://www.sec.gov/Archives/edgar/data/1136869/000119312517065632/0001193125-17-065632-index.htm",
    "finalLink": "https://www.sec.gov/Archives/edgar/data/1136869/000119312517065632/d285470d10k.htm"
  },
  {
    "date": "2015-12-31",
    "symbol": "ZBH",
    "reportedCurrency": "USD",
    "cik": "0001136869",
    "fillingDate": "2016-02-29",
    "acceptedDate": "2016-02-29 15:19:23",
    "calendarYear": "2015",
    "period": "FY",
    "revenue": 5997800000,
    "costOfRevenue": 1800600000,
    "grossProfit": 4197200000,
    "grossProfitRatio": 0.699789923,
    "researchAndDevelopmentExpenses": 268800000,
    "generalAndAdministrativeExpenses": 2660500000,
    "sellingAndMarketingExpenses": 0,
    "sellingGeneralAndAdministrativeExpenses": 2660500000,
    "otherExpenses": 800600000,
    "operatingExpenses": 3729900000,
    "costAndExpenses": 5530500000,
    "interestIncome": 9400000,
    "interestExpense": 286600000,
    "depreciationAndAmortization": 712400000,
    "ebitda": 1152200000,
    "ebitdaratio": 0.1921037714,
    "operatingIncome": 467300000,
    "operatingIncomeRatio": 0.077911901,
    "totalOtherIncomeExpensesNet": -314100000,
    "incomeBeforeTax": 153200000,
    "incomeBeforeTaxRatio": 0.025542699,
    "incomeTaxExpense": 7000000,
    "netIncome": 147000000,
    "netIncomeRatio": 0.0245089866,
    "eps": 0.27,
    "epsdiluted": 0.26,
    "weightedAverageShsOut": 187400000,
    "weightedAverageShsOutDil": 189800000,
    "link": "https://www.sec.gov/Archives/edgar/data/1136869/000119312516485039/0001193125-16-485039-index.htm",
    "finalLink": "https://www.sec.gov/Archives/edgar/data/1136869/000119312516485039/d112646d10k.htm"
  },
  {
    "date": "2014-12-31",
    "symbol": "ZBH",
    "reportedCurrency": "USD",
    "cik": "0001136869",
    "fillingDate": "2015-02-23",
    "acceptedDate": "2015-02-23 17:19:22",
    "calendarYear": "2014",
    "period": "FY",
    "revenue": 4673300000,
    "costOfRevenue": 1242800000,
    "grossProfit": 3430500000,
    "grossProfitRatio": 0.7340637237,
    "researchAndDevelopmentExpenses": 191900000,
    "generalAndAdministrativeExpenses": 1978200000,
    "sellingAndMarketingExpenses": 0,
    "sellingGeneralAndAdministrativeExpenses": 1978200000,
    "otherExpenses": 223100000,
    "operatingExpenses": 2393200000,
    "costAndExpenses": 3636000000,
    "interestIncome": 11900000,
    "interestExpense": 63100000,
    "depreciationAndAmortization": 375800000,
    "ebitda": 1378300000,
    "ebitdaratio": 0.294930777,
    "operatingIncome": 1037300000,
    "operatingIncomeRatio": 0.2219630668,
    "totalOtherIncomeExpensesNet": -97900000,
    "incomeBeforeTax": 939400000,
    "incomeBeforeTaxRatio": 0.2010142726,
    "incomeTaxExpense": 220200000,
    "netIncome": 720300000,
    "netIncomeRatio": 0.1541309139,
    "eps": 4.26,
    "epsdiluted": 4.19,
    "weightedAverageShsOut": 169000000,
    "weightedAverageShsOutDil": 171700000,
    "link": "https://www.sec.gov/Archives/edgar/data/1136869/000119312515058361/0001193125-15-058361-index.htm",
    "finalLink": "https://www.sec.gov/Archives/edgar/data/1136869/000119312515058361/d842425d10k.htm"
  },
  {
    "date": "2013-12-31",
    "symbol": "ZBH",
    "reportedCurrency": "USD",
    "cik": "0001136869",
    "fillingDate": "2014-02-28",
    "acceptedDate": "2014-02-28 14:37:43",
    "calendarYear": "2013",
    "period": "FY",
    "revenue": 4623400000,
    "costOfRevenue": 1286100000,
    "grossProfit": 3337300000,
    "grossProfitRatio": 0.7218280919,
    "researchAndDevelopmentExpenses": 204200000,
    "generalAndAdministrativeExpenses": 1833800000,
    "sellingAndMarketingExpenses": 0,
    "sellingGeneralAndAdministrativeExpenses": 1833800000,
    "otherExpenses": 6000000,
    "operatingExpenses": 2038000000,
    "costAndExpenses": 3324100000,
    "interestIncome": 15600000,
    "interestExpense": 70100000,
    "depreciationAndAmortization": 358500000,
    "ebitda": 1409700000,
    "ebitdaratio": 0.3049054808,
    "operatingIncome": 1035600000,
    "operatingIncomeRatio": 0.2239910023,
    "totalOtherIncomeExpensesNet": -87500000,
    "incomeBeforeTax": 981100000,
    "incomeBeforeTaxRatio": 0.2122031405,
    "incomeTaxExpense": 221900000,
    "netIncome": 761000000,
    "netIncomeRatio": 0.1645974824,
    "eps": 4.49,
    "epsdiluted": 4.43,
    "weightedAverageShsOut": 169600000,
    "weightedAverageShsOutDil": 171800000,
    "link": "https://www.sec.gov/Archives/edgar/data/1136869/000119312514076641/0001193125-14-076641-index.htm",
    "finalLink": "https://www.sec.gov/Archives/edgar/data/1136869/000119312514076641/d649455d10k.htm"
  },
  {
    "date": "2012-12-31",
    "symbol": "ZBH",
    "reportedCurrency": "USD",
    "cik": "0001136869",
    "fillingDate": "2013-02-27",
    "acceptedDate": "2013-02-27 15:54:50",
    "calendarYear": "2012",
    "period": "FY",
    "revenue": 4471700000,
    "costOfRevenue": 1125200000,
    "grossProfit": 3346500000,
    "grossProfitRatio": 0.748373102,
    "researchAndDevelopmentExpenses": 225600000,
    "generalAndAdministrativeExpenses": 1912300000,
    "sellingAndMarketingExpenses": 0,
    "sellingGeneralAndAdministrativeExpenses": 1912300000,
    "otherExpenses": 161200000,
    "operatingExpenses": 2299100000,
    "costAndExpenses": 3424300000,
    "interestIncome": 15600000,
    "interestExpense": 72900000,
    "depreciationAndAmortization": 363100000,
    "ebitda": 1426100000,
    "ebitdaratio": 0.3189167431,
    "operatingIncome": 1047400000,
    "operatingIncomeRatio": 0.2342285932,
    "totalOtherIncomeExpensesNet": -57300000,
    "incomeBeforeTax": 990100000,
    "incomeBeforeTaxRatio": 0.2214146745,
    "incomeTaxExpense": 237200000,
    "netIncome": 755000000,
    "netIncomeRatio": 0.1688395912,
    "eps": 4.32,
    "epsdiluted": 4.29,
    "weightedAverageShsOut": 174900000,
    "weightedAverageShsOutDil": 176000000,
    "link": "https://www.sec.gov/Archives/edgar/data/1136869/000119312513079914/0001193125-13-079914-index.htm",
    "finalLink": "https://www.sec.gov/Archives/edgar/data/1136869/000119312513079914/d458588d10k.htm"
  },
  {
    "date": "2011-12-31",
    "symbol": "ZBH",
    "reportedCurrency": "USD",
    "cik": "0001136869",
    "fillingDate": "2012-02-27",
    "acceptedDate": "2012-02-24 18:16:31",
    "calendarYear": "2011",
    "period": "FY",
    "revenue": 4451800000,
    "costOfRevenue": 1122000000,
    "grossProfit": 3329800000,
    "grossProfitRatio": 0.7479671144,
    "researchAndDevelopmentExpenses": 238400000,
    "generalAndAdministrativeExpenses": 1863500000,
    "sellingAndMarketingExpenses": 0,
    "sellingGeneralAndAdministrativeExpenses": 1863500000,
    "otherExpenses": 203800000,
    "operatingExpenses": 2305700000,
    "costAndExpenses": 3427700000,
    "interestIncome": 10100000,
    "interestExpense": 55300000,
    "depreciationAndAmortization": 359900000,
    "ebitda": 1394100000,
    "ebitdaratio": 0.3131542297,
    "operatingIncome": 1024100000,
    "operatingIncomeRatio": 0.2300417809,
    "totalOtherIncomeExpensesNet": -45200000,
    "incomeBeforeTax": 978900000,
    "incomeBeforeTaxRatio": 0.2198885844,
    "incomeTaxExpense": 218900000,
    "netIncome": 760800000,
    "netIncomeRatio": 0.1708971652,
    "eps": 4.06,
    "epsdiluted": 4.03,
    "weightedAverageShsOut": 187600000,
    "weightedAverageShsOutDil": 188700000,
    "link": "https://www.sec.gov/Archives/edgar/data/1136869/000119312512078626/0001193125-12-078626-index.htm",
    "finalLink": "https://www.sec.gov/Archives/edgar/data/1136869/000119312512078626/d263321d10k.htm"
  },
  {
    "date": "2010-12-31",
    "symbol": "ZBH",
    "reportedCurrency": "USD",
    "cik": "0001136869",
    "fillingDate": "2011-02-25",
    "acceptedDate": "2011-02-25 15:03:02",
    "calendarYear": "2010",
    "period": "FY",
    "revenue": 4220200000,
    "costOfRevenue": 1012200000,
    "grossProfit": 3208000000,
    "grossProfitRatio": 0.7601535472,
    "researchAndDevelopmentExpenses": 218500000,
    "generalAndAdministrativeExpenses": 1766000000,
    "sellingAndMarketingExpenses": 0,
    "sellingGeneralAndAdministrativeExpenses": 1766000000,
    "otherExpenses": 306800000,
    "operatingExpenses": 2291300000,
    "costAndExpenses": 3303500000,
    "interestIncome": 3700000,
    "interestExpense": 60200000,
    "depreciationAndAmortization": 340200000,
    "ebitda": 1260600000,
    "ebitdaratio": 0.2987062225,
    "operatingIncome": 916700000,
    "operatingIncomeRatio": 0.2172171935,
    "totalOtherIncomeExpensesNet": -56500000,
    "incomeBeforeTax": 860200000,
    "incomeBeforeTaxRatio": 0.2038292024,
    "incomeTaxExpense": 263300000,
    "netIncome": 596900000,
    "netIncomeRatio": 0.1414387944,
    "eps": 2.98,
    "epsdiluted": 2.97,
    "weightedAverageShsOut": 200000000,
    "weightedAverageShsOutDil": 201100000,
    "link": "https://www.sec.gov/Archives/edgar/data/1136869/000095012311018592/0000950123-11-018592-index.htm",
    "finalLink": "https://www.sec.gov/Archives/edgar/data/1136869/000095012311018592/c61394e10vk.htm"
  },
  {
    "date": "2009-12-31",
    "symbol": "ZBH",
    "reportedCurrency": "USD",
    "cik": "0001136869",
    "fillingDate": "2010-02-25",
    "acceptedDate": "2010-02-25 17:24:52",
    "calendarYear": "2009",
    "period": "FY",
    "revenue": 4095400000,
    "costOfRevenue": 990700000,
    "grossProfit": 3104700000,
    "grossProfitRatio": 0.7580944474,
    "researchAndDevelopmentExpenses": 205700000,
    "generalAndAdministrativeExpenses": 1764000000,
    "sellingAndMarketingExpenses": 0,
    "sellingGeneralAndAdministrativeExpenses": 1764000000,
    "otherExpenses": 116200000,
    "operatingExpenses": 2085900000,
    "costAndExpenses": 3076600000,
    "interestIncome": 0,
    "interestExpense": 0,
    "depreciationAndAmortization": 337400000,
    "ebitda": 1472400000,
    "ebitdaratio": 0.3595253211,
    "operatingIncome": 1018800000,
    "operatingIncomeRatio": 0.2487669092,
    "totalOtherIncomeExpensesNet": -20600000,
    "incomeBeforeTax": 998200000,
    "incomeBeforeTaxRatio": 0.2437368755,
    "incomeTaxExpense": 280800000,
    "netIncome": 717400000,
    "netIncomeRatio": 0.1751721444,
    "eps": 3.34,
    "epsdiluted": 3.32,
    "weightedAverageShsOut": 215000000,
    "weightedAverageShsOutDil": 215800000,
    "link": "https://www.sec.gov/Archives/edgar/data/1136869/000095012310017177/0000950123-10-017177-index.htm",
    "finalLink": "https://www.sec.gov/Archives/edgar/data/1136869/000095012310017177/c55340e10vk.htm"
  },
  {
    "date": "2008-12-31",
    "symbol": "ZBH",
    "reportedCurrency": "USD",
    "cik": "0001136869",
    "fillingDate": "2009-02-27",
    "acceptedDate": "2009-02-27 14:49:16",
    "calendarYear": "2008",
    "period": "FY",
    "revenue": 4121100000,
    "costOfRevenue": 997300000,
    "grossProfit": 3123800000,
    "grossProfitRatio": 0.7580015045,
    "researchAndDevelopmentExpenses": 192300000,
    "generalAndAdministrativeExpenses": 1773000000,
    "sellingAndMarketingExpenses": 0,
    "sellingGeneralAndAdministrativeExpenses": 1773000000,
    "otherExpenses": 68500000,
    "operatingExpenses": 2033800000,
    "costAndExpenses": 3031100000,
    "interestIncome": 0,
    "interestExpense": 0,
    "depreciationAndAmortization": 275100000,
    "ebitda": 1433600000,
    "ebitdaratio": 0.3478682876,
    "operatingIncome": 1090000000,
    "operatingIncomeRatio": 0.2644924899,
    "totalOtherIncomeExpensesNet": 31800000,
    "incomeBeforeTax": 1121800000,
    "incomeBeforeTaxRatio": 0.2722088763,
    "incomeTaxExpense": 272300000,
    "netIncome": 848600000,
    "netIncomeRatio": 0.2059158962,
    "eps": 3.73,
    "epsdiluted": 3.72,
    "weightedAverageShsOut": 227300000,
    "weightedAverageShsOutDil": 228300000,
    "link": "https://www.sec.gov/Archives/edgar/data/1136869/000095015209001918/0000950152-09-001918-index.htm",
    "finalLink": "https://www.sec.gov/Archives/edgar/data/1136869/000095015209001918/c48761e10vk.htm"
  },
  {
    "date": "2007-12-31",
    "symbol": "ZBH",
    "reportedCurrency": "USD",
    "cik": "0001136869",
    "fillingDate": "2008-02-29",
    "acceptedDate": "2008-02-29 16:09:25",
    "calendarYear": "2007",
    "period": "FY",
    "revenue": 3897500000,
    "costOfRevenue": 875900000,
    "grossProfit": 3021600000,
    "grossProfitRatio": 0.7752661963,
    "researchAndDevelopmentExpenses": 209600000,
    "generalAndAdministrativeExpenses": 0,
    "sellingAndMarketingExpenses": 0,
    "sellingGeneralAndAdministrativeExpenses": 1489700000,
    "otherExpenses": 194700000,
    "operatingExpenses": 1894000000,
    "costAndExpenses": 2769900000,
    "interestIncome": 0,
    "interestExpense": 0,
    "depreciationAndAmortization": 230000000,
    "ebitda": 1382800000,
    "ebitdaratio": 0.354791533,
    "operatingIncome": 1127600000,
    "operatingIncomeRatio": 0.2893136626,
    "totalOtherIncomeExpensesNet": 4000000,
    "incomeBeforeTax": 1131600000,
    "incomeBeforeTaxRatio": 0.2903399615,
    "incomeTaxExpense": 357900000,
    "netIncome": 773200000,
    "netIncomeRatio": 0.1983835792,
    "eps": 3.28,
    "epsdiluted": 3.26,
    "weightedAverageShsOut": 235500000,
    "weightedAverageShsOutDil": 237500000,
    "link": "https://www.sec.gov/Archives/edgar/data/1136869/000095013708003099/0000950137-08-003099-index.htm",
    "finalLink": "https://www.sec.gov/Archives/edgar/data/1136869/000095013708003099/c23011e10vk.htm"
  },
  {
    "date": "2006-12-31",
    "symbol": "ZBH",
    "reportedCurrency": "USD",
    "cik": "0001136869",
    "fillingDate": "2007-02-28",
    "acceptedDate": "2007-02-27 21:21:28",
    "calendarYear": "2006",
    "period": "FY",
    "revenue": 3495400000,
    "costOfRevenue": 780100000,
    "grossProfit": 2715300000,
    "grossProfitRatio": 0.7768209647,
    "researchAndDevelopmentExpenses": 188300000,
    "generalAndAdministrativeExpenses": 0,
    "sellingAndMarketingExpenses": 0,
    "sellingGeneralAndAdministrativeExpenses": 1355700000,
    "otherExpenses": 6100000,
    "operatingExpenses": 1550100000,
    "costAndExpenses": 2330200000,
    "interestIncome": 0,
    "interestExpense": 0,
    "depreciationAndAmortization": 197400000,
    "ebitda": 1368700000,
    "ebitdaratio": 0.3915717801,
    "operatingIncome": 1165200000,
    "operatingIncomeRatio": 0.333352406,
    "totalOtherIncomeExpensesNet": 3800000,
    "incomeBeforeTax": 1169000000,
    "incomeBeforeTaxRatio": 0.3344395491,
    "incomeTaxExpense": 334000000,
    "netIncome": 834500000,
    "netIncomeRatio": 0.2387423471,
    "eps": 3.43,
    "epsdiluted": 3.4,
    "weightedAverageShsOut": 243000000,
    "weightedAverageShsOutDil": 245400000,
    "link": "https://www.sec.gov/Archives/edgar/data/1136869/000095013707002904/0000950137-07-002904-index.htm",
    "finalLink": "https://www.sec.gov/Archives/edgar/data/1136869/000095013707002904/c12593e10vk.htm"
  },
  {
    "date": "2005-12-31",
    "symbol": "ZBH",
    "reportedCurrency": "USD",
    "cik": "0001136869",
    "fillingDate": "2006-03-02",
    "acceptedDate": "2006-03-02 14:52:53",
    "calendarYear": "2005",
    "period": "FY",
    "revenue": 3286100000,
    "costOfRevenue": 739400000,
    "grossProfit": 2546700000,
    "grossProfitRatio": 0.7749916314,
    "researchAndDevelopmentExpenses": 175500000,
    "generalAndAdministrativeExpenses": 0,
    "sellingAndMarketingExpenses": 0,
    "sellingGeneralAndAdministrativeExpenses": 1259600000,
    "otherExpenses": 56600000,
    "operatingExpenses": 1491700000,
    "costAndExpenses": 2231100000,
    "interestIncome": 0,
    "interestExpense": 0,
    "depreciationAndAmortization": 185700000,
    "ebitda": 1297300000,
    "ebitdaratio": 0.3947840906,
    "operatingIncome": 1055000000,
    "operatingIncomeRatio": 0.3210492681,
    "totalOtherIncomeExpensesNet": -14300000,
    "incomeBeforeTax": 1040700000,
    "incomeBeforeTaxRatio": 0.3166976051,
    "incomeTaxExpense": 307300000,
    "netIncome": 732500000,
    "netIncomeRatio": 0.2229086151,
    "eps": 2.96,
    "epsdiluted": 2.93,
    "weightedAverageShsOut": 247100000,
    "weightedAverageShsOutDil": 249800000,
    "link": "https://www.sec.gov/Archives/edgar/data/1136869/000095013706002478/0000950137-06-002478-index.htm",
    "finalLink": "https://www.sec.gov/Archives/edgar/data/1136869/000095013706002478/c02799e10vk.htm"
  },
  {
    "date": "2004-12-31",
    "symbol": "ZBH",
    "reportedCurrency": "USD",
    "cik": "0001136869",
    "fillingDate": "2005-03-14",
    "acceptedDate": "2005-03-11 17:58:11",
    "calendarYear": "2004",
    "period": "FY",
    "revenue": 2980900000,
    "costOfRevenue": 779900000,
    "grossProfit": 2201000000,
    "grossProfitRatio": 0.7383676071,
    "researchAndDevelopmentExpenses": 166700000,
    "generalAndAdministrativeExpenses": 0,
    "sellingAndMarketingExpenses": 0,
    "sellingGeneralAndAdministrativeExpenses": 1190000000,
    "otherExpenses": 81100000,
    "operatingExpenses": 1437800000,
    "costAndExpenses": 2217700000,
    "interestIncome": 0,
    "interestExpense": 0,
    "depreciationAndAmortization": 181300000,
    "ebitda": 1025600000,
    "ebitdaratio": 0.3440571639,
    "operatingIncome": 763200000,
    "operatingIncomeRatio": 0.256030058,
    "totalOtherIncomeExpensesNet": -31700000,
    "incomeBeforeTax": 731500000,
    "incomeBeforeTaxRatio": 0.2453956859,
    "incomeTaxExpense": 189600000,
    "netIncome": 541800000,
    "netIncomeRatio": 0.1817571874,
    "eps": 2.22,
    "epsdiluted": 2.19,
    "weightedAverageShsOut": 244400000,
    "weightedAverageShsOutDil": 247800000,
    "link": "https://www.sec.gov/Archives/edgar/data/1136869/000095013705002914/0000950137-05-002914-index.htm",
    "finalLink": "https://www.sec.gov/Archives/edgar/data/1136869/000095013705002914/c92811e10vk.htm"
  },
  {
    "date": "2003-12-31",
    "symbol": "ZBH",
    "reportedCurrency": "USD",
    "cik": "0001136869",
    "fillingDate": "2004-03-15",
    "acceptedDate": "2004-03-15 17:04:49",
    "calendarYear": "2003",
    "period": "FY",
    "revenue": 1901000000,
    "costOfRevenue": 516200000,
    "grossProfit": 1384800000,
    "grossProfitRatio": 0.7284587059,
    "researchAndDevelopmentExpenses": 105800000,
    "generalAndAdministrativeExpenses": 0,
    "sellingAndMarketingExpenses": 0,
    "sellingGeneralAndAdministrativeExpenses": 737500000,
    "otherExpenses": 90800000,
    "operatingExpenses": 934100000,
    "costAndExpenses": 1450300000,
    "interestIncome": 0,
    "interestExpense": 0,
    "depreciationAndAmortization": 103300000,
    "ebitda": 644800000,
    "ebitdaratio": 0.3391899001,
    "operatingIncome": 450700000,
    "operatingIncomeRatio": 0.2370857443,
    "totalOtherIncomeExpensesNet": -13200000,
    "incomeBeforeTax": 437500000,
    "incomeBeforeTaxRatio": 0.2301420305,
    "incomeTaxExpense": 146800000,
    "netIncome": 346300000,
    "netIncomeRatio": 0.1821672804,
    "eps": 1.67,
    "epsdiluted": 1.64,
    "weightedAverageShsOut": 207700000,
    "weightedAverageShsOutDil": 211200000,
    "link": "https://www.sec.gov/Archives/edgar/data/1136869/000095013704001881/0000950137-04-001881-index.htm",
    "finalLink": "https://www.sec.gov/Archives/edgar/data/1136869/000095013704001881/c83286e10vk.htm"
  },
  {
    "date": "2002-12-31",
    "symbol": "ZBH",
    "reportedCurrency": "USD",
    "cik": "0001136869",
    "fillingDate": "2003-03-12",
    "acceptedDate": "2003-03-12 16:41:32",
    "calendarYear": "2002",
    "period": "FY",
    "revenue": 1372400000,
    "costOfRevenue": 344800000,
    "grossProfit": 1027600000,
    "grossProfitRatio": 0.7487612941,
    "researchAndDevelopmentExpenses": 80700000,
    "generalAndAdministrativeExpenses": 0,
    "sellingAndMarketingExpenses": 0,
    "sellingGeneralAndAdministrativeExpenses": 546000000,
    "otherExpenses": 0,
    "operatingExpenses": 626700000,
    "costAndExpenses": 971500000,
    "interestIncome": 0,
    "interestExpense": 0,
    "depreciationAndAmortization": 25300000,
    "ebitda": 426200000,
    "ebitdaratio": 0.3105508598,
    "operatingIncome": 400900000,
    "operatingIncomeRatio": 0.2921160012,
    "totalOtherIncomeExpensesNet": -12000000,
    "incomeBeforeTax": 388900000,
    "incomeBeforeTaxRatio": 0.2833721947,
    "incomeTaxExpense": 131100000,
    "netIncome": 257800000,
    "netIncomeRatio": 0.187846109,
    "eps": 1.33,
    "epsdiluted": 1.31,
    "weightedAverageShsOut": 194500000,
    "weightedAverageShsOutDil": 196800000,
    "link": "https://www.sec.gov/Archives/edgar/data/1136869/000095013703001382/0000950137-03-001382-index.htm",
    "finalLink": "https://www.sec.gov/Archives/edgar/data/1136869/000095013703001382/c75212e10vk.htm"
  },
  {
    "date": "2001-12-31",
    "symbol": "ZBH",
    "reportedCurrency": "USD",
    "cik": "0001136869",
    "fillingDate": "2002-03-13",
    "acceptedDate": "2002-03-13 00:00:00",
    "calendarYear": "2001",
    "period": "FY",
    "revenue": 1178600000,
    "costOfRevenue": 325900000,
    "grossProfit": 852700000,
    "grossProfitRatio": 0.7234854913,
    "researchAndDevelopmentExpenses": 71600000,
    "generalAndAdministrativeExpenses": 0,
    "sellingAndMarketingExpenses": 0,
    "sellingGeneralAndAdministrativeExpenses": 532800000,
    "otherExpenses": 0,
    "operatingExpenses": 604400000,
    "costAndExpenses": 930300000,
    "interestIncome": 0,
    "interestExpense": 0,
    "depreciationAndAmortization": 23400000,
    "ebitda": 271700000,
    "ebitdaratio": 0.2305277448,
    "operatingIncome": 248300000,
    "operatingIncomeRatio": 0.2106736806,
    "totalOtherIncomeExpensesNet": -7400000,
    "incomeBeforeTax": 240900000,
    "incomeBeforeTaxRatio": 0.204395045,
    "incomeTaxExpense": 91100000,
    "netIncome": 149800000,
    "netIncomeRatio": 0.1270999491,
    "eps": 0.77,
    "epsdiluted": 0.77,
    "weightedAverageShsOut": 193700000,
    "weightedAverageShsOutDil": 194300000,
    "link": "https://www.sec.gov/Archives/edgar/data/1136869/000095013702001247/0000950137-02-001247-index.htm",
    "finalLink": "https://www.sec.gov/Archives/edgar/data/1136869/000095013702001247/c67231e10-k405.htm"
  },
  {
    "date": "2000-12-31",
    "symbol": "ZBH",
    "reportedCurrency": "USD",
    "cik": "0001136869",
    "fillingDate": "2000-12-31",
    "acceptedDate": "2000-12-31 00:00:00",
    "calendarYear": "2000",
    "period": "FY",
    "revenue": 1040600000,
    "costOfRevenue": 290900000,
    "grossProfit": 749700000,
    "grossProfitRatio": 0.7204497405,
    "researchAndDevelopmentExpenses": 52000000,
    "generalAndAdministrativeExpenses": 0,
    "sellingAndMarketingExpenses": 0,
    "sellingGeneralAndAdministrativeExpenses": 429700000,
    "otherExpenses": 0,
    "operatingExpenses": 481700000,
    "costAndExpenses": 772600000,
    "interestIncome": 0,
    "interestExpense": 0,
    "depreciationAndAmortization": 23100000,
    "ebitda": 291100000,
    "ebitdaratio": 0.2797424563,
    "operatingIncome": 268000000,
    "operatingIncomeRatio": 0.2575437248,
    "totalOtherIncomeExpensesNet": 0,
    "incomeBeforeTax": 268000000,
    "incomeBeforeTaxRatio": 0.2575437248,
    "incomeTaxExpense": 92000000,
    "netIncome": 176000000,
    "netIncomeRatio": 0.1691331924,
    "eps": 0.91,
    "epsdiluted": 0.91,
    "weightedAverageShsOut": 193600000,
    "weightedAverageShsOutDil": 193600000,
    "link": null,
    "finalLink": null
  },
  {
    "date": "1999-12-31",
    "symbol": "ZBH",
    "reportedCurrency": "USD",
    "cik": "0001136869",
    "fillingDate": "1999-12-31",
    "acceptedDate": "1999-12-30 19:00:00",
    "calendarYear": "1999",
    "period": "FY",
    "revenue": 939000000,
    "costOfRevenue": 269000000,
    "grossProfit": 670000000,
    "grossProfitRatio": 0.7135250266,
    "researchAndDevelopmentExpenses": 45000000,
    "generalAndAdministrativeExpenses": 394000000,
    "sellingAndMarketingExpenses": 0,
    "sellingGeneralAndAdministrativeExpenses": 394000000,
    "otherExpenses": 0,
    "operatingExpenses": 439000000,
    "costAndExpenses": 708000000,
    "interestIncome": 0,
    "interestExpense": 0,
    "depreciationAndAmortization": 22000000,
    "ebitda": 253000000,
    "ebitdaratio": 0.2694355698,
    "operatingIncome": 231000000,
    "operatingIncomeRatio": 0.2460063898,
    "totalOtherIncomeExpensesNet": 0,
    "incomeBeforeTax": 231000000,
    "incomeBeforeTaxRatio": 0.2460063898,
    "incomeTaxExpense": 81000000,
    "netIncome": 150000000,
    "netIncomeRatio": 0.1597444089,
    "eps": 0.77,
    "epsdiluted": 0.77,
    "weightedAverageShsOut": 193600000,
    "weightedAverageShsOutDil": 193600000,
    "link": "",
    "finalLink": ""
  },
  {
    "date": "1998-12-31",
    "symbol": "ZBH",
    "reportedCurrency": "USD",
    "cik": "0001136869",
    "fillingDate": "1998-12-31",
    "acceptedDate": "1998-12-30 19:00:00",
    "calendarYear": "1998",
    "period": "FY",
    "revenue": 861000000,
    "costOfRevenue": 265000000,
    "grossProfit": 596000000,
    "grossProfitRatio": 0.6922183508,
    "researchAndDevelopmentExpenses": 36000000,
    "generalAndAdministrativeExpenses": 349000000,
    "sellingAndMarketingExpenses": 0,
    "sellingGeneralAndAdministrativeExpenses": 349000000,
    "otherExpenses": 0,
    "operatingExpenses": 385000000,
    "costAndExpenses": 650000000,
    "interestIncome": 0,
    "interestExpense": 0,
    "depreciationAndAmortization": 26000000,
    "ebitda": 237000000,
    "ebitdaratio": 0.275261324,
    "operatingIncome": 211000000,
    "operatingIncomeRatio": 0.2450638792,
    "totalOtherIncomeExpensesNet": 0,
    "incomeBeforeTax": 211000000,
    "incomeBeforeTaxRatio": 0.2450638792,
    "incomeTaxExpense": 66000000,
    "netIncome": 145000000,
    "netIncomeRatio": 0.1684088269,
    "eps": 0.75,
    "epsdiluted": 0.75,
    "weightedAverageShsOut": 193800000,
    "weightedAverageShsOutDil": 193800000,
    "link": "",
    "finalLink": ""
  }
]