[
  {
    "date": "2025-06-28",
    "symbol": "ZBRA",
    "reportedCurrency": "USD",
    "cik": "0000877212",
    "fillingDate": "2025-08-05",
    "acceptedDate": "2025-08-05 16:07:09",
    "calendarYear": "2025",
    "period": "Q2",
    "revenue": 1293000000,
    "costOfRevenue": 677000000,
    "grossProfit": 616000000,
    "grossProfitRatio": 0.4764114462,
    "researchAndDevelopmentExpenses": 144000000,
    "generalAndAdministrativeExpenses": 102000000,
    "sellingAndMarketingExpenses": 158000000,
    "sellingGeneralAndAdministrativeExpenses": 260000000,
    "otherExpenses": 29000000,
    "operatingExpenses": 433000000,
    "costAndExpenses": 1110000000,
    "interestIncome": 0,
    "interestExpense": 25000000,
    "depreciationAndAmortization": 43000000,
    "ebitda": 206000000,
    "ebitdaratio": 0.1593194122,
    "operatingIncome": 183000000,
    "operatingIncomeRatio": 0.1415313225,
    "totalOtherIncomeExpensesNet": -45000000,
    "incomeBeforeTax": 138000000,
    "incomeBeforeTaxRatio": 0.1067285383,
    "incomeTaxExpense": 26000000,
    "netIncome": 112000000,
    "netIncomeRatio": 0.086620263,
    "eps": 2.2,
    "epsdiluted": 2.19,
    "weightedAverageShsOut": 51365000,
    "weightedAverageShsOutDil": 51807000,
    "link": "https://www.sec.gov/Archives/edgar/data/877212/000087721225000131/0000877212-25-000131-index.htm",
    "finalLink": "https://www.sec.gov/Archives/edgar/data/877212/000087721225000131/zbra-20250628.htm"
  },
  {
    "date": "2025-03-29",
    "symbol": "ZBRA",
    "reportedCurrency": "USD",
    "cik": "0000877212",
    "fillingDate": "2025-04-29",
    "acceptedDate": "2025-04-29 16:06:57",
    "calendarYear": "2025",
    "period": "Q1",
    "revenue": 1308000000,
    "costOfRevenue": 663000000,
    "grossProfit": 645000000,
    "grossProfitRatio": 0.4931192661,
    "researchAndDevelopmentExpenses": 151000000,
    "generalAndAdministrativeExpenses": 111000000,
    "sellingAndMarketingExpenses": 161000000,
    "sellingGeneralAndAdministrativeExpenses": 272000000,
    "otherExpenses": 27000000,
    "operatingExpenses": 450000000,
    "costAndExpenses": 1113000000,
    "interestIncome": 0,
    "interestExpense": 23000000,
    "depreciationAndAmortization": 41000000,
    "ebitda": 229000000,
    "ebitdaratio": 0.1750764526,
    "operatingIncome": 195000000,
    "operatingIncomeRatio": 0.1490825688,
    "totalOtherIncomeExpensesNet": -30000000,
    "incomeBeforeTax": 165000000,
    "incomeBeforeTaxRatio": 0.126146789,
    "incomeTaxExpense": 29000000,
    "netIncome": 136000000,
    "netIncomeRatio": 0.1039755352,
    "eps": 2.64,
    "epsdiluted": 2.62,
    "weightedAverageShsOut": 51365000,
    "weightedAverageShsOutDil": 51807000,
    "link": "https://www.sec.gov/Archives/edgar/data/877212/000087721225000065/0000877212-25-000065-index.htm",
    "finalLink": "https://www.sec.gov/Archives/edgar/data/877212/000087721225000065/zbra-20250329.htm"
  },
  {
    "date": "2024-12-31",
    "symbol": "ZBRA",
    "reportedCurrency": "USD",
    "cik": "0000877212",
    "fillingDate": "2025-02-13",
    "acceptedDate": "2025-02-13 16:52:36",
    "calendarYear": "2024",
    "period": "Q4",
    "revenue": 1334000000,
    "costOfRevenue": 686000000,
    "grossProfit": 648000000,
    "grossProfitRatio": 0.4857571214,
    "researchAndDevelopmentExpenses": 138000000,
    "generalAndAdministrativeExpenses": 107000000,
    "sellingAndMarketingExpenses": 151000000,
    "sellingGeneralAndAdministrativeExpenses": 258000000,
    "otherExpenses": 27000000,
    "operatingExpenses": 423000000,
    "costAndExpenses": 1109000000,
    "interestIncome": 0,
    "interestExpense": 27000000,
    "depreciationAndAmortization": 42000000,
    "ebitda": 309000000,
    "ebitdaratio": 0.2316341829,
    "operatingIncome": 225000000,
    "operatingIncomeRatio": 0.1686656672,
    "totalOtherIncomeExpensesNet": -17000000,
    "incomeBeforeTax": 208000000,
    "incomeBeforeTaxRatio": 0.155922039,
    "incomeTaxExpense": 45000000,
    "netIncome": 163000000,
    "netIncomeRatio": 0.1221889055,
    "eps": 3.16,
    "epsdiluted": 3.14,
    "weightedAverageShsOut": 51567000,
    "weightedAverageShsOutDil": 51918000,
    "link": "https://www.sec.gov/Archives/edgar/data/877212/000087721225000027/0000877212-25-000027-index.htm",
    "finalLink": "https://www.sec.gov/Archives/edgar/data/877212/000087721225000027/zbra-20241231.htm"
  },
  {
    "date": "2024-09-28",
    "symbol": "ZBRA",
    "reportedCurrency": "USD",
    "cik": "0000877212",
    "fillingDate": "2024-10-29",
    "acceptedDate": "2024-10-29 16:05:03",
    "calendarYear": "2024",
    "period": "Q3",
    "revenue": 1255000000,
    "costOfRevenue": 642000000,
    "grossProfit": 613000000,
    "grossProfitRatio": 0.4884462151,
    "researchAndDevelopmentExpenses": 141000000,
    "generalAndAdministrativeExpenses": 96000000,
    "sellingAndMarketingExpenses": 151000000,
    "sellingGeneralAndAdministrativeExpenses": 247000000,
    "otherExpenses": 34000000,
    "operatingExpenses": 422000000,
    "costAndExpenses": 1064000000,
    "interestIncome": 0,
    "interestExpense": 31000000,
    "depreciationAndAmortization": 45000000,
    "ebitda": 225000000,
    "ebitdaratio": 0.1792828685,
    "operatingIncome": 191000000,
    "operatingIncomeRatio": 0.1521912351,
    "totalOtherIncomeExpensesNet": -42000000,
    "incomeBeforeTax": 149000000,
    "incomeBeforeTaxRatio": 0.1187250996,
    "incomeTaxExpense": 12000000,
    "netIncome": 137000000,
    "netIncomeRatio": 0.1091633466,
    "eps": 2.66,
    "epsdiluted": 2.64,
    "weightedAverageShsOut": 51567000,
    "weightedAverageShsOutDil": 51918000,
    "link": "https://www.sec.gov/Archives/edgar/data/877212/000087721224000164/0000877212-24-000164-index.htm",
    "finalLink": "https://www.sec.gov/Archives/edgar/data/877212/000087721224000164/zbra-20240928.htm"
  },
  {
    "date": "2024-06-29",
    "symbol": "ZBRA",
    "reportedCurrency": "USD",
    "cik": "0000877212",
    "fillingDate": "2024-07-30",
    "acceptedDate": "2024-07-30 16:05:52",
    "calendarYear": "2024",
    "period": "Q2",
    "revenue": 1212000000,
    "costOfRevenue": 653000000,
    "grossProfit": 559000000,
    "grossProfitRatio": 0.4612211221,
    "researchAndDevelopmentExpenses": 146000000,
    "generalAndAdministrativeExpenses": 97000000,
    "sellingAndMarketingExpenses": 150000000,
    "sellingGeneralAndAdministrativeExpenses": 247000000,
    "otherExpenses": 0,
    "operatingExpenses": 393000000,
    "costAndExpenses": 1046000000,
    "interestIncome": 0,
    "interestExpense": 23000000,
    "depreciationAndAmortization": 42000000,
    "ebitda": 213000000,
    "ebitdaratio": 0.1757425743,
    "operatingIncome": 167000000,
    "operatingIncomeRatio": 0.1377887789,
    "totalOtherIncomeExpensesNet": -31000000,
    "incomeBeforeTax": 136000000,
    "incomeBeforeTaxRatio": 0.1122112211,
    "incomeTaxExpense": 23000000,
    "netIncome": 113000000,
    "netIncomeRatio": 0.0932343234,
    "eps": 2.19,
    "epsdiluted": 2.18,
    "weightedAverageShsOut": 51489735,
    "weightedAverageShsOutDil": 51830245,
    "link": "https://www.sec.gov/Archives/edgar/data/877212/000087721224000151/0000877212-24-000151-index.htm",
    "finalLink": "https://www.sec.gov/Archives/edgar/data/877212/000087721224000151/zbra-20240629.htm"
  },
  {
    "date": "2024-03-30",
    "symbol": "ZBRA",
    "reportedCurrency": "USD",
    "cik": "0000877212",
    "fillingDate": "2024-04-30",
    "acceptedDate": "2024-04-30 16:02:23",
    "calendarYear": "2024",
    "period": "Q1",
    "revenue": 1174000000,
    "costOfRevenue": 638000000,
    "grossProfit": 536000000,
    "grossProfitRatio": 0.4565587734,
    "researchAndDevelopmentExpenses": 138000000,
    "generalAndAdministrativeExpenses": 81000000,
    "sellingAndMarketingExpenses": 148000000,
    "sellingGeneralAndAdministrativeExpenses": 229000000,
    "otherExpenses": 37000000,
    "operatingExpenses": 404000000,
    "costAndExpenses": 1016000000,
    "interestIncome": 0,
    "interestExpense": 17000000,
    "depreciationAndAmortization": 43000000,
    "ebitda": 222000000,
    "ebitdaratio": 0.1890971039,
    "operatingIncome": 159000000,
    "operatingIncomeRatio": 0.1354344123,
    "totalOtherIncomeExpensesNet": -17000000,
    "incomeBeforeTax": 142000000,
    "incomeBeforeTaxRatio": 0.1209540034,
    "incomeTaxExpense": 27000000,
    "netIncome": 115000000,
    "netIncomeRatio": 0.097955707,
    "eps": 2.24,
    "epsdiluted": 2.22,
    "weightedAverageShsOut": 51387570,
    "weightedAverageShsOutDil": 51790501,
    "link": "https://www.sec.gov/Archives/edgar/data/877212/000087721224000063/0000877212-24-000063-index.htm",
    "finalLink": "https://www.sec.gov/Archives/edgar/data/877212/000087721224000063/zbra-20240330.htm"
  },
  {
    "date": "2023-12-31",
    "symbol": "ZBRA",
    "reportedCurrency": "USD",
    "cik": "0000877212",
    "fillingDate": "2024-02-15",
    "acceptedDate": "2024-02-15 17:06:02",
    "calendarYear": "2023",
    "period": "Q4",
    "revenue": 1008000000,
    "costOfRevenue": 587000000,
    "grossProfit": 421000000,
    "grossProfitRatio": 0.4176587302,
    "researchAndDevelopmentExpenses": 116000000,
    "generalAndAdministrativeExpenses": 78000000,
    "sellingAndMarketingExpenses": 136000000,
    "sellingGeneralAndAdministrativeExpenses": 214000000,
    "otherExpenses": 0,
    "operatingExpenses": 330000000,
    "costAndExpenses": 935000000,
    "interestIncome": 64000000,
    "interestExpense": 0,
    "depreciationAndAmortization": 44000000,
    "ebitda": 85000000,
    "ebitdaratio": 0.0843253968,
    "operatingIncome": 74000000,
    "operatingIncomeRatio": 0.0734126984,
    "totalOtherIncomeExpensesNet": -72000000,
    "incomeBeforeTax": 2000000,
    "incomeBeforeTaxRatio": 0.001984127,
    "incomeTaxExpense": -15000000,
    "netIncome": 17000000,
    "netIncomeRatio": 0.0168650794,
    "eps": 0.33,
    "epsdiluted": 0.33,
    "weightedAverageShsOut": 51366299,
    "weightedAverageShsOutDil": 51687374,
    "link": "https://www.sec.gov/Archives/edgar/data/877212/000087721224000029/0000877212-24-000029-index.htm",
    "finalLink": "https://www.sec.gov/Archives/edgar/data/877212/000087721224000029/zbra-20231231.htm"
  },
  {
    "date": "2023-09-30",
    "symbol": "ZBRA",
    "reportedCurrency": "USD",
    "cik": "0000877212",
    "fillingDate": "2023-10-31",
    "acceptedDate": "2023-10-31 16:07:09",
    "calendarYear": "2023",
    "period": "Q3",
    "revenue": 956000000,
    "costOfRevenue": 529000000,
    "grossProfit": 427000000,
    "grossProfitRatio": 0.4466527197,
    "researchAndDevelopmentExpenses": 127000000,
    "generalAndAdministrativeExpenses": 88000000,
    "sellingAndMarketingExpenses": 138000000,
    "sellingGeneralAndAdministrativeExpenses": 226000000,
    "otherExpenses": 86000000,
    "operatingExpenses": 439000000,
    "costAndExpenses": 908000000,
    "interestIncome": 0,
    "interestExpense": 16000000,
    "depreciationAndAmortization": 44000000,
    "ebitda": 59000000,
    "ebitdaratio": 0.0617154812,
    "operatingIncome": -12000000,
    "operatingIncomeRatio": -0.0125523013,
    "totalOtherIncomeExpensesNet": -12000000,
    "incomeBeforeTax": -24000000,
    "incomeBeforeTaxRatio": -0.0251046025,
    "incomeTaxExpense": -9000000,
    "netIncome": -15000000,
    "netIncomeRatio": -0.0156903766,
    "eps": -0.29,
    "epsdiluted": -0.29,
    "weightedAverageShsOut": 51336645,
    "weightedAverageShsOutDil": 51336645,
    "link": "https://www.sec.gov/Archives/edgar/data/877212/000087721223000143/0000877212-23-000143-index.htm",
    "finalLink": "https://www.sec.gov/Archives/edgar/data/877212/000087721223000143/zbra-20230930.htm"
  },
  {
    "date": "2023-07-01",
    "symbol": "ZBRA",
    "reportedCurrency": "USD",
    "cik": "0000877212",
    "fillingDate": "2023-08-01",
    "acceptedDate": "2023-08-01 16:04:34",
    "calendarYear": "2023",
    "period": "Q2",
    "revenue": 1214000000,
    "costOfRevenue": 633000000,
    "grossProfit": 581000000,
    "grossProfitRatio": 0.478583196,
    "researchAndDevelopmentExpenses": 130000000,
    "generalAndAdministrativeExpenses": 69000000,
    "sellingAndMarketingExpenses": 146000000,
    "sellingGeneralAndAdministrativeExpenses": 215000000,
    "otherExpenses": -2000000,
    "operatingExpenses": 371000000,
    "costAndExpenses": 1004000000,
    "interestIncome": 0,
    "interestExpense": 16000000,
    "depreciationAndAmortization": 44000000,
    "ebitda": 249000000,
    "ebitdaratio": 0.205107084,
    "operatingIncome": 194000000,
    "operatingIncomeRatio": 0.1598023064,
    "totalOtherIncomeExpensesNet": -23000000,
    "incomeBeforeTax": 171000000,
    "incomeBeforeTaxRatio": 0.1408566722,
    "incomeTaxExpense": 27000000,
    "netIncome": 144000000,
    "netIncomeRatio": 0.118616145,
    "eps": 2.8,
    "epsdiluted": 2.78,
    "weightedAverageShsOut": 51377064,
    "weightedAverageShsOutDil": 51707460,
    "link": "https://www.sec.gov/Archives/edgar/data/877212/000087721223000125/0000877212-23-000125-index.htm",
    "finalLink": "https://www.sec.gov/Archives/edgar/data/877212/000087721223000125/zbra-20230701.htm"
  },
  {
    "date": "2023-04-01",
    "symbol": "ZBRA",
    "reportedCurrency": "USD",
    "cik": "0000877212",
    "fillingDate": "2023-05-02",
    "acceptedDate": "2023-05-02 16:02:47",
    "calendarYear": "2023",
    "period": "Q1",
    "revenue": 1405000000,
    "costOfRevenue": 738000000,
    "grossProfit": 667000000,
    "grossProfitRatio": 0.4747330961,
    "researchAndDevelopmentExpenses": 146000000,
    "generalAndAdministrativeExpenses": 99000000,
    "sellingAndMarketingExpenses": 161000000,
    "sellingGeneralAndAdministrativeExpenses": 260000000,
    "otherExpenses": 26000000,
    "operatingExpenses": 432000000,
    "costAndExpenses": 1170000000,
    "interestIncome": 0,
    "interestExpense": 37000000,
    "depreciationAndAmortization": 44000000,
    "ebitda": 259000000,
    "ebitdaratio": 0.184341637,
    "operatingIncome": 225000000,
    "operatingIncomeRatio": 0.1601423488,
    "totalOtherIncomeExpensesNet": -40000000,
    "incomeBeforeTax": 185000000,
    "incomeBeforeTaxRatio": 0.1316725979,
    "incomeTaxExpense": 35000000,
    "netIncome": 150000000,
    "netIncomeRatio": 0.1067615658,
    "eps": 2.92,
    "epsdiluted": 2.9,
    "weightedAverageShsOut": 51420536,
    "weightedAverageShsOutDil": 51748069,
    "link": "https://www.sec.gov/Archives/edgar/data/877212/000087721223000055/0000877212-23-000055-index.htm",
    "finalLink": "https://www.sec.gov/Archives/edgar/data/877212/000087721223000055/zbra-20230401.htm"
  },
  {
    "date": "2022-12-31",
    "symbol": "ZBRA",
    "reportedCurrency": "USD",
    "cik": "0000877212",
    "fillingDate": "2023-02-16",
    "acceptedDate": "2023-02-16 16:52:44",
    "calendarYear": "2022",
    "period": "Q4",
    "revenue": 1503000000,
    "costOfRevenue": 818000000,
    "grossProfit": 685000000,
    "grossProfitRatio": 0.4557551564,
    "researchAndDevelopmentExpenses": 142000000,
    "generalAndAdministrativeExpenses": 87000000,
    "sellingAndMarketingExpenses": 155000000,
    "sellingGeneralAndAdministrativeExpenses": 242000000,
    "otherExpenses": 29000000,
    "operatingExpenses": 413000000,
    "costAndExpenses": 1231000000,
    "interestIncome": 25000000,
    "interestExpense": 0,
    "depreciationAndAmortization": 45000000,
    "ebitda": 294000000,
    "ebitdaratio": 0.1956087824,
    "operatingIncome": 260000000,
    "operatingIncomeRatio": 0.1729873586,
    "totalOtherIncomeExpensesNet": -47000000,
    "incomeBeforeTax": 225000000,
    "incomeBeforeTaxRatio": 0.1497005988,
    "incomeTaxExpense": 39000000,
    "netIncome": 186000000,
    "netIncomeRatio": 0.123752495,
    "eps": 3.6,
    "epsdiluted": 3.58,
    "weightedAverageShsOut": 51645205,
    "weightedAverageShsOutDil": 51942060,
    "link": "https://www.sec.gov/Archives/edgar/data/877212/000087721223000025/0000877212-23-000025-index.htm",
    "finalLink": "https://www.sec.gov/Archives/edgar/data/877212/000087721223000025/zbra-20221231.htm"
  },
  {
    "date": "2022-10-01",
    "symbol": "ZBRA",
    "reportedCurrency": "USD",
    "cik": "0000877212",
    "fillingDate": "2022-11-01",
    "acceptedDate": "2022-11-01 16:06:07",
    "calendarYear": "2022",
    "period": "Q3",
    "revenue": 1378000000,
    "costOfRevenue": 750000000,
    "grossProfit": 628000000,
    "grossProfitRatio": 0.4557329463,
    "researchAndDevelopmentExpenses": 143000000,
    "generalAndAdministrativeExpenses": 92000000,
    "sellingAndMarketingExpenses": 149000000,
    "sellingGeneralAndAdministrativeExpenses": 241000000,
    "otherExpenses": 39000000,
    "operatingExpenses": 423000000,
    "costAndExpenses": 1173000000,
    "interestIncome": 21000000,
    "interestExpense": 21000000,
    "depreciationAndAmortization": 55000000,
    "ebitda": 260000000,
    "ebitdaratio": 0.1886792453,
    "operatingIncome": 202000000,
    "operatingIncomeRatio": 0.1465892598,
    "totalOtherIncomeExpensesNet": 20000000,
    "incomeBeforeTax": 222000000,
    "incomeBeforeTaxRatio": 0.1611030479,
    "incomeTaxExpense": 52000000,
    "netIncome": 170000000,
    "netIncomeRatio": 0.1233671988,
    "eps": 3.28,
    "epsdiluted": 3.26,
    "weightedAverageShsOut": 51834236,
    "weightedAverageShsOutDil": 52157852,
    "link": "https://www.sec.gov/Archives/edgar/data/877212/000087721222000117/0000877212-22-000117-index.htm",
    "finalLink": "https://www.sec.gov/Archives/edgar/data/877212/000087721222000117/zbra-20221001.htm"
  },
  {
    "date": "2022-07-02",
    "symbol": "ZBRA",
    "reportedCurrency": "USD",
    "cik": "0000877212",
    "fillingDate": "2022-08-02",
    "acceptedDate": "2022-08-02 16:11:50",
    "calendarYear": "2022",
    "period": "Q2",
    "revenue": 1468000000,
    "costOfRevenue": 794000000,
    "grossProfit": 674000000,
    "grossProfitRatio": 0.4591280654,
    "researchAndDevelopmentExpenses": 148000000,
    "generalAndAdministrativeExpenses": 97000000,
    "sellingAndMarketingExpenses": 151000000,
    "sellingGeneralAndAdministrativeExpenses": 248000000,
    "otherExpenses": 35000000,
    "operatingExpenses": 431000000,
    "costAndExpenses": 1225000000,
    "interestIncome": 0,
    "interestExpense": 0,
    "depreciationAndAmortization": 51000000,
    "ebitda": 294000000,
    "ebitdaratio": 0.2002724796,
    "operatingIncome": 634000000,
    "operatingIncomeRatio": 0.431880109,
    "totalOtherIncomeExpensesNet": -396000000,
    "incomeBeforeTax": -153000000,
    "incomeBeforeTaxRatio": -0.1042234332,
    "incomeTaxExpense": -55000000,
    "netIncome": -98000000,
    "netIncomeRatio": -0.0667574932,
    "eps": -1.88,
    "epsdiluted": -1.88,
    "weightedAverageShsOut": 52138470,
    "weightedAverageShsOutDil": 52138470,
    "link": "https://www.sec.gov/Archives/edgar/data/877212/000087721222000108/0000877212-22-000108-index.htm",
    "finalLink": "https://www.sec.gov/Archives/edgar/data/877212/000087721222000108/zbra-20220702.htm"
  },
  {
    "date": "2022-04-02",
    "symbol": "ZBRA",
    "reportedCurrency": "USD",
    "cik": "0000877212",
    "fillingDate": "2022-05-03",
    "acceptedDate": "2022-05-03 16:08:01",
    "calendarYear": "2022",
    "period": "Q1",
    "revenue": 1432000000,
    "costOfRevenue": 795000000,
    "grossProfit": 637000000,
    "grossProfitRatio": 0.4448324022,
    "researchAndDevelopmentExpenses": 137000000,
    "generalAndAdministrativeExpenses": 99000000,
    "sellingAndMarketingExpenses": 152000000,
    "sellingGeneralAndAdministrativeExpenses": 251000000,
    "otherExpenses": 33000000,
    "operatingExpenses": 421000000,
    "costAndExpenses": 1216000000,
    "interestIncome": 30000000,
    "interestExpense": 0,
    "depreciationAndAmortization": 52000000,
    "ebitda": 268000000,
    "ebitdaratio": 0.187150838,
    "operatingIncome": 212000000,
    "operatingIncomeRatio": 0.1480446927,
    "totalOtherIncomeExpensesNet": 38000000,
    "incomeBeforeTax": 250000000,
    "incomeBeforeTaxRatio": 0.1745810056,
    "incomeTaxExpense": 45000000,
    "netIncome": 205000000,
    "netIncomeRatio": 0.1431564246,
    "eps": 3.87,
    "epsdiluted": 3.84,
    "weightedAverageShsOut": 53021423,
    "weightedAverageShsOutDil": 53446740,
    "link": "https://www.sec.gov/Archives/edgar/data/877212/000087721222000059/0000877212-22-000059-index.htm",
    "finalLink": "https://www.sec.gov/Archives/edgar/data/877212/000087721222000059/zbra-20220402.htm"
  },
  {
    "date": "2021-12-31",
    "symbol": "ZBRA",
    "reportedCurrency": "USD",
    "cik": "0000877212",
    "fillingDate": "2022-02-10",
    "acceptedDate": "2022-02-10 16:06:15",
    "calendarYear": "2021",
    "period": "Q4",
    "revenue": 1467000000,
    "costOfRevenue": 798000000,
    "grossProfit": 669000000,
    "grossProfitRatio": 0.4560327198,
    "researchAndDevelopmentExpenses": 145000000,
    "generalAndAdministrativeExpenses": 89000000,
    "sellingAndMarketingExpenses": 157000000,
    "sellingGeneralAndAdministrativeExpenses": 246000000,
    "otherExpenses": 34000000,
    "operatingExpenses": 425000000,
    "costAndExpenses": 1223000000,
    "interestIncome": 0,
    "interestExpense": 0,
    "depreciationAndAmortization": 52000000,
    "ebitda": 283000000,
    "ebitdaratio": 0.1929107021,
    "operatingIncome": 223000000,
    "operatingIncomeRatio": 0.1520109066,
    "totalOtherIncomeExpensesNet": 3000000,
    "incomeBeforeTax": 226000000,
    "incomeBeforeTaxRatio": 0.1540558964,
    "incomeTaxExpense": 35000000,
    "netIncome": 191000000,
    "netIncomeRatio": 0.1301976823,
    "eps": 3.58,
    "epsdiluted": 3.55,
    "weightedAverageShsOut": 53441215,
    "weightedAverageShsOutDil": 53877621,
    "link": "https://www.sec.gov/Archives/edgar/data/877212/000087721222000026/0000877212-22-000026-index.htm",
    "finalLink": "https://www.sec.gov/Archives/edgar/data/877212/000087721222000026/zbra-20211231.htm"
  },
  {
    "date": "2021-10-02",
    "symbol": "ZBRA",
    "reportedCurrency": "USD",
    "cik": "0000877212",
    "fillingDate": "2021-11-02",
    "acceptedDate": "2021-11-02 16:06:31",
    "calendarYear": "2021",
    "period": "Q3",
    "revenue": 1436000000,
    "costOfRevenue": 790000000,
    "grossProfit": 646000000,
    "grossProfitRatio": 0.4498607242,
    "researchAndDevelopmentExpenses": 141000000,
    "generalAndAdministrativeExpenses": 85000000,
    "sellingAndMarketingExpenses": 148000000,
    "sellingGeneralAndAdministrativeExpenses": 233000000,
    "otherExpenses": 29000000,
    "operatingExpenses": 403000000,
    "costAndExpenses": 1193000000,
    "interestIncome": 0,
    "interestExpense": 5000000,
    "depreciationAndAmortization": 48000000,
    "ebitda": 291000000,
    "ebitdaratio": 0.2026462396,
    "operatingIncome": 237000000,
    "operatingIncomeRatio": 0.1650417827,
    "totalOtherIncomeExpensesNet": -9000000,
    "incomeBeforeTax": 228000000,
    "incomeBeforeTaxRatio": 0.1587743733,
    "incomeTaxExpense": 29000000,
    "netIncome": 199000000,
    "netIncomeRatio": 0.1385793872,
    "eps": 3.72,
    "epsdiluted": 3.69,
    "weightedAverageShsOut": 53418055,
    "weightedAverageShsOutDil": 53866559,
    "link": "https://www.sec.gov/Archives/edgar/data/877212/000087721221000191/0000877212-21-000191-index.htm",
    "finalLink": "https://www.sec.gov/Archives/edgar/data/877212/000087721221000191/zbra-20211002.htm"
  },
  {
    "date": "2021-07-03",
    "symbol": "ZBRA",
    "reportedCurrency": "USD",
    "cik": "0000877212",
    "fillingDate": "2021-08-03",
    "acceptedDate": "2021-08-03 16:02:51",
    "calendarYear": "2021",
    "period": "Q2",
    "revenue": 1377000000,
    "costOfRevenue": 719000000,
    "grossProfit": 658000000,
    "grossProfitRatio": 0.4778503994,
    "researchAndDevelopmentExpenses": 141000000,
    "generalAndAdministrativeExpenses": 92000000,
    "sellingAndMarketingExpenses": 148000000,
    "sellingGeneralAndAdministrativeExpenses": 240000000,
    "otherExpenses": -1000000,
    "operatingExpenses": 407000000,
    "costAndExpenses": 1126000000,
    "interestIncome": 0,
    "interestExpense": 7000000,
    "depreciationAndAmortization": 44000000,
    "ebitda": 295000000,
    "ebitdaratio": 0.2142338417,
    "operatingIncome": 247000000,
    "operatingIncomeRatio": 0.1793754539,
    "totalOtherIncomeExpensesNet": -9000000,
    "incomeBeforeTax": 238000000,
    "incomeBeforeTaxRatio": 0.1728395062,
    "incomeTaxExpense": 19000000,
    "netIncome": 219000000,
    "netIncomeRatio": 0.1590413943,
    "eps": 4.1,
    "epsdiluted": 4.07,
    "weightedAverageShsOut": 53449143,
    "weightedAverageShsOutDil": 53908295,
    "link": "https://www.sec.gov/Archives/edgar/data/877212/000087721221000156/0000877212-21-000156-index.htm",
    "finalLink": "https://www.sec.gov/Archives/edgar/data/877212/000087721221000156/zbra-20210703.htm"
  },
  {
    "date": "2021-04-03",
    "symbol": "ZBRA",
    "reportedCurrency": "USD",
    "cik": "0000877212",
    "fillingDate": "2021-05-04",
    "acceptedDate": "2021-05-04 16:04:11",
    "calendarYear": "2021",
    "period": "Q1",
    "revenue": 1347000000,
    "costOfRevenue": 692000000,
    "grossProfit": 655000000,
    "grossProfitRatio": 0.4862657758,
    "researchAndDevelopmentExpenses": 140000000,
    "generalAndAdministrativeExpenses": 82000000,
    "sellingAndMarketingExpenses": 134000000,
    "sellingGeneralAndAdministrativeExpenses": 216000000,
    "otherExpenses": 26000000,
    "operatingExpenses": 382000000,
    "costAndExpenses": 1074000000,
    "interestIncome": 2000000,
    "interestExpense": 0,
    "depreciationAndAmortization": 44000000,
    "ebitda": 317000000,
    "ebitdaratio": 0.2353377877,
    "operatingIncome": 272000000,
    "operatingIncomeRatio": 0.2019302153,
    "totalOtherIncomeExpensesNet": 4000000,
    "incomeBeforeTax": 276000000,
    "incomeBeforeTaxRatio": 0.2048997773,
    "incomeTaxExpense": 48000000,
    "netIncome": 228000000,
    "netIncomeRatio": 0.1692650334,
    "eps": 4.26,
    "epsdiluted": 4.22,
    "weightedAverageShsOut": 53484265,
    "weightedAverageShsOutDil": 53964330,
    "link": "https://www.sec.gov/Archives/edgar/data/877212/000087721221000066/0000877212-21-000066-index.htm",
    "finalLink": "https://www.sec.gov/Archives/edgar/data/877212/000087721221000066/zbra-20210403.htm"
  },
  {
    "date": "2020-12-31",
    "symbol": "ZBRA",
    "reportedCurrency": "USD",
    "cik": "0000877212",
    "fillingDate": "2021-02-11",
    "acceptedDate": "2021-02-11 16:04:00",
    "calendarYear": "2020",
    "period": "Q4",
    "revenue": 1308000000,
    "costOfRevenue": 690000000,
    "grossProfit": 618000000,
    "grossProfitRatio": 0.4724770642,
    "researchAndDevelopmentExpenses": 137000000,
    "generalAndAdministrativeExpenses": 85000000,
    "sellingAndMarketingExpenses": 133000000,
    "sellingGeneralAndAdministrativeExpenses": 218000000,
    "otherExpenses": -5000000,
    "operatingExpenses": 381000000,
    "costAndExpenses": 1071000000,
    "interestIncome": 0,
    "interestExpense": 7000000,
    "depreciationAndAmortization": 43000000,
    "ebitda": 266000000,
    "ebitdaratio": 0.2033639144,
    "operatingIncome": 231000000,
    "operatingIncomeRatio": 0.1766055046,
    "totalOtherIncomeExpensesNet": -15000000,
    "incomeBeforeTax": 216000000,
    "incomeBeforeTaxRatio": 0.1651376147,
    "incomeTaxExpense": 17000000,
    "netIncome": 199000000,
    "netIncomeRatio": 0.1521406728,
    "eps": 3.73,
    "epsdiluted": 3.7,
    "weightedAverageShsOut": 53356857,
    "weightedAverageShsOutDil": 53783654,
    "link": "https://www.sec.gov/Archives/edgar/data/877212/000087721221000008/0000877212-21-000008-index.htm",
    "finalLink": "https://www.sec.gov/Archives/edgar/data/877212/000087721221000008/zbra-20201231.htm"
  },
  {
    "date": "2020-09-26",
    "symbol": "ZBRA",
    "reportedCurrency": "USD",
    "cik": "0000877212",
    "fillingDate": "2020-11-03",
    "acceptedDate": "2020-11-03 16:08:01",
    "calendarYear": "2020",
    "period": "Q3",
    "revenue": 1132000000,
    "costOfRevenue": 639000000,
    "grossProfit": 493000000,
    "grossProfitRatio": 0.4355123675,
    "researchAndDevelopmentExpenses": 113000000,
    "generalAndAdministrativeExpenses": 71000000,
    "sellingAndMarketingExpenses": 119000000,
    "sellingGeneralAndAdministrativeExpenses": 190000000,
    "otherExpenses": 1000000,
    "operatingExpenses": 323000000,
    "costAndExpenses": 962000000,
    "interestIncome": 0,
    "interestExpense": 10000000,
    "depreciationAndAmortization": 35000000,
    "ebitda": 179000000,
    "ebitdaratio": 0.1581272085,
    "operatingIncome": 150000000,
    "operatingIncomeRatio": 0.1325088339,
    "totalOtherIncomeExpensesNet": -12000000,
    "incomeBeforeTax": 138000000,
    "incomeBeforeTaxRatio": 0.1219081272,
    "incomeTaxExpense": 22000000,
    "netIncome": 116000000,
    "netIncomeRatio": 0.1024734982,
    "eps": 2.18,
    "epsdiluted": 2.16,
    "weightedAverageShsOut": 53300036,
    "weightedAverageShsOutDil": 53716306,
    "link": "https://www.sec.gov/Archives/edgar/data/877212/000087721220000169/0000877212-20-000169-index.htm",
    "finalLink": "https://www.sec.gov/Archives/edgar/data/877212/000087721220000169/zbra-20200926.htm"
  },
  {
    "date": "2020-06-27",
    "symbol": "ZBRA",
    "reportedCurrency": "USD",
    "cik": "0000877212",
    "fillingDate": "2020-07-28",
    "acceptedDate": "2020-07-28 16:03:27",
    "calendarYear": "2020",
    "period": "Q2",
    "revenue": 956000000,
    "costOfRevenue": 537000000,
    "grossProfit": 419000000,
    "grossProfitRatio": 0.4382845188,
    "researchAndDevelopmentExpenses": 98000000,
    "generalAndAdministrativeExpenses": 74000000,
    "sellingAndMarketingExpenses": 109000000,
    "sellingGeneralAndAdministrativeExpenses": 183000000,
    "otherExpenses": 7000000,
    "operatingExpenses": 297000000,
    "costAndExpenses": 834000000,
    "interestIncome": 0,
    "interestExpense": 14000000,
    "depreciationAndAmortization": 34000000,
    "ebitda": 144000000,
    "ebitdaratio": 0.1506276151,
    "operatingIncome": 119000000,
    "operatingIncomeRatio": 0.1244769874,
    "totalOtherIncomeExpensesNet": -16000000,
    "incomeBeforeTax": 103000000,
    "incomeBeforeTaxRatio": 0.1077405858,
    "incomeTaxExpense": 3000000,
    "netIncome": 100000000,
    "netIncomeRatio": 0.1046025105,
    "eps": 1.87,
    "epsdiluted": 1.85,
    "weightedAverageShsOut": 53188486,
    "weightedAverageShsOutDil": 53675730,
    "link": "https://www.sec.gov/Archives/edgar/data/877212/000087721220000146/0000877212-20-000146-index.htm",
    "finalLink": "https://www.sec.gov/Archives/edgar/data/877212/000087721220000146/zbra-20200627.htm"
  },
  {
    "date": "2020-03-28",
    "symbol": "ZBRA",
    "reportedCurrency": "USD",
    "cik": "0000877212",
    "fillingDate": "2020-04-28",
    "acceptedDate": "2020-04-28 16:02:32",
    "calendarYear": "2020",
    "period": "Q1",
    "revenue": 1052000000,
    "costOfRevenue": 579000000,
    "grossProfit": 473000000,
    "grossProfitRatio": 0.4496197719,
    "researchAndDevelopmentExpenses": 105000000,
    "generalAndAdministrativeExpenses": 74000000,
    "sellingAndMarketingExpenses": 122000000,
    "sellingGeneralAndAdministrativeExpenses": 196000000,
    "otherExpenses": 16000000,
    "operatingExpenses": 317000000,
    "costAndExpenses": 896000000,
    "interestIncome": 0,
    "interestExpense": 45000000,
    "depreciationAndAmortization": 34000000,
    "ebitda": 190000000,
    "ebitdaratio": 0.180608365,
    "operatingIncome": 151000000,
    "operatingIncomeRatio": 0.1435361217,
    "totalOtherIncomeExpensesNet": -48000000,
    "incomeBeforeTax": 103000000,
    "incomeBeforeTaxRatio": 0.0979087452,
    "incomeTaxExpense": 14000000,
    "netIncome": 89000000,
    "netIncomeRatio": 0.0846007605,
    "eps": 1.66,
    "epsdiluted": 1.65,
    "weightedAverageShsOut": 53760873,
    "weightedAverageShsOutDil": 54318044,
    "link": "https://www.sec.gov/Archives/edgar/data/877212/000087721220000022/0000877212-20-000022-index.htm",
    "finalLink": "https://www.sec.gov/Archives/edgar/data/877212/000087721220000022/zbra-20200328x10q.htm"
  },
  {
    "date": "2019-12-31",
    "symbol": "ZBRA",
    "reportedCurrency": "USD",
    "cik": "0000877212",
    "fillingDate": "2020-02-13",
    "acceptedDate": "2020-02-13 16:03:58",
    "calendarYear": "2019",
    "period": "Q4",
    "revenue": 1192000000,
    "costOfRevenue": 648000000,
    "grossProfit": 544000000,
    "grossProfitRatio": 0.4563758389,
    "researchAndDevelopmentExpenses": 118000000,
    "generalAndAdministrativeExpenses": 79000000,
    "sellingAndMarketingExpenses": 130000000,
    "sellingGeneralAndAdministrativeExpenses": 209000000,
    "otherExpenses": -1000000,
    "operatingExpenses": 346000000,
    "costAndExpenses": 994000000,
    "interestIncome": 0,
    "interestExpense": 4000000,
    "depreciationAndAmortization": 36000000,
    "ebitda": 227000000,
    "ebitdaratio": 0.1904362416,
    "operatingIncome": 188000000,
    "operatingIncomeRatio": 0.1577181208,
    "totalOtherIncomeExpensesNet": -9000000,
    "incomeBeforeTax": 179000000,
    "incomeBeforeTaxRatio": 0.1501677852,
    "incomeTaxExpense": 10000000,
    "netIncome": 169000000,
    "netIncomeRatio": 0.1417785235,
    "eps": 3.13,
    "epsdiluted": 3.1,
    "weightedAverageShsOut": 53985729,
    "weightedAverageShsOutDil": 54541638,
    "link": "https://www.sec.gov/Archives/edgar/data/877212/000087721220000006/0000877212-20-000006-index.htm",
    "finalLink": "https://www.sec.gov/Archives/edgar/data/877212/000087721220000006/a10k12312019zebra.htm"
  },
  {
    "date": "2019-09-28",
    "symbol": "ZBRA",
    "reportedCurrency": "USD",
    "cik": "0000877212",
    "fillingDate": "2019-10-30",
    "acceptedDate": "2019-10-29 21:11:39",
    "calendarYear": "2019",
    "period": "Q3",
    "revenue": 1130000000,
    "costOfRevenue": 595000000,
    "grossProfit": 535000000,
    "grossProfitRatio": 0.4734513274,
    "researchAndDevelopmentExpenses": 110000000,
    "generalAndAdministrativeExpenses": 78000000,
    "sellingAndMarketingExpenses": 124000000,
    "sellingGeneralAndAdministrativeExpenses": 202000000,
    "otherExpenses": 26000000,
    "operatingExpenses": 338000000,
    "costAndExpenses": 933000000,
    "interestIncome": 0,
    "interestExpense": 28000000,
    "depreciationAndAmortization": 44000000,
    "ebitda": 227000000,
    "ebitdaratio": 0.2008849558,
    "operatingIncome": 185000000,
    "operatingIncomeRatio": 0.1637168142,
    "totalOtherIncomeExpensesNet": -26000000,
    "incomeBeforeTax": 159000000,
    "incomeBeforeTaxRatio": 0.1407079646,
    "incomeTaxExpense": 23000000,
    "netIncome": 136000000,
    "netIncomeRatio": 0.1203539823,
    "eps": 2.52,
    "epsdiluted": 2.5,
    "weightedAverageShsOut": 54085500,
    "weightedAverageShsOutDil": 54637823,
    "link": "https://www.sec.gov/Archives/edgar/data/877212/000087721219000034/0000877212-19-000034-index.htm",
    "finalLink": "https://www.sec.gov/Archives/edgar/data/877212/000087721219000034/zbra-20190928x10q.htm"
  },
  {
    "date": "2019-06-29",
    "symbol": "ZBRA",
    "reportedCurrency": "USD",
    "cik": "0000877212",
    "fillingDate": "2019-07-30",
    "acceptedDate": "2019-07-30 16:17:21",
    "calendarYear": "2019",
    "period": "Q2",
    "revenue": 1097000000,
    "costOfRevenue": 577000000,
    "grossProfit": 520000000,
    "grossProfitRatio": 0.4740200547,
    "researchAndDevelopmentExpenses": 108000000,
    "generalAndAdministrativeExpenses": 90000000,
    "sellingAndMarketingExpenses": 127000000,
    "sellingGeneralAndAdministrativeExpenses": 217000000,
    "otherExpenses": 3000000,
    "operatingExpenses": 355000000,
    "costAndExpenses": 932000000,
    "interestIncome": 0,
    "interestExpense": 33000000,
    "depreciationAndAmortization": 48000000,
    "ebitda": 195000000,
    "ebitdaratio": 0.1777575205,
    "operatingIncome": 160000000,
    "operatingIncomeRatio": 0.1458523245,
    "totalOtherIncomeExpensesNet": -31000000,
    "incomeBeforeTax": 129000000,
    "incomeBeforeTaxRatio": 0.1175934366,
    "incomeTaxExpense": 5000000,
    "netIncome": 124000000,
    "netIncomeRatio": 0.1130355515,
    "eps": 2.28,
    "epsdiluted": 2.26,
    "weightedAverageShsOut": 54027576,
    "weightedAverageShsOutDil": 54648699,
    "link": "https://www.sec.gov/Archives/edgar/data/877212/000087721219000031/0000877212-19-000031-index.htm",
    "finalLink": "https://www.sec.gov/Archives/edgar/data/877212/000087721219000031/zbra-20190629x10q.htm"
  },
  {
    "date": "2019-03-30",
    "symbol": "ZBRA",
    "reportedCurrency": "USD",
    "cik": "0000877212",
    "fillingDate": "2019-04-30",
    "acceptedDate": "2019-04-30 16:22:48",
    "calendarYear": "2019",
    "period": "Q1",
    "revenue": 1066000000,
    "costOfRevenue": 565000000,
    "grossProfit": 501000000,
    "grossProfitRatio": 0.4699812383,
    "researchAndDevelopmentExpenses": 111000000,
    "generalAndAdministrativeExpenses": 76000000,
    "sellingAndMarketingExpenses": 122000000,
    "sellingGeneralAndAdministrativeExpenses": 198000000,
    "otherExpenses": -1000000,
    "operatingExpenses": 337000000,
    "costAndExpenses": 902000000,
    "interestIncome": 0,
    "interestExpense": 24000000,
    "depreciationAndAmortization": 47000000,
    "ebitda": 210000000,
    "ebitdaratio": 0.1969981238,
    "operatingIncome": 159000000,
    "operatingIncomeRatio": 0.1491557223,
    "totalOtherIncomeExpensesNet": -28000000,
    "incomeBeforeTax": 131000000,
    "incomeBeforeTaxRatio": 0.1228893058,
    "incomeTaxExpense": 16000000,
    "netIncome": 115000000,
    "netIncomeRatio": 0.107879925,
    "eps": 2.14,
    "epsdiluted": 2.12,
    "weightedAverageShsOut": 53738318,
    "weightedAverageShsOutDil": 54245283,
    "link": "https://www.sec.gov/Archives/edgar/data/877212/000087721219000017/0000877212-19-000017-index.htm",
    "finalLink": "https://www.sec.gov/Archives/edgar/data/877212/000087721219000017/zbra-20190330x10q.htm"
  },
  {
    "date": "2018-12-31",
    "symbol": "ZBRA",
    "reportedCurrency": "USD",
    "cik": "0000877212",
    "fillingDate": "2019-02-14",
    "acceptedDate": "2019-02-14 16:46:52",
    "calendarYear": "2018",
    "period": "Q4",
    "revenue": 1137000000,
    "costOfRevenue": 598000000,
    "grossProfit": 539000000,
    "grossProfitRatio": 0.4740545295,
    "researchAndDevelopmentExpenses": 121000000,
    "generalAndAdministrativeExpenses": 89000000,
    "sellingAndMarketingExpenses": 122000000,
    "sellingGeneralAndAdministrativeExpenses": 211000000,
    "otherExpenses": 8000000,
    "operatingExpenses": 358000000,
    "costAndExpenses": 956000000,
    "interestIncome": 0,
    "interestExpense": 39000000,
    "depreciationAndAmortization": 26000000,
    "ebitda": 225000000,
    "ebitdaratio": 0.1978891821,
    "operatingIncome": 179000000,
    "operatingIncomeRatio": 0.1574318382,
    "totalOtherIncomeExpensesNet": -31000000,
    "incomeBeforeTax": 148000000,
    "incomeBeforeTaxRatio": 0.1301671064,
    "incomeTaxExpense": 33000000,
    "netIncome": 115000000,
    "netIncomeRatio": 0.1011433597,
    "eps": 2.14,
    "epsdiluted": 2.11,
    "weightedAverageShsOut": 53738318,
    "weightedAverageShsOutDil": 54502370,
    "link": "https://www.sec.gov/Archives/edgar/data/877212/000087721219000011/0000877212-19-000011-index.htm",
    "finalLink": "https://www.sec.gov/Archives/edgar/data/877212/000087721219000011/a10k12312018zebra.htm"
  },
  {
    "date": "2018-09-29",
    "symbol": "ZBRA",
    "reportedCurrency": "USD",
    "cik": "0000877212",
    "fillingDate": "2018-11-06",
    "acceptedDate": "2018-11-06 16:11:58",
    "calendarYear": "2018",
    "period": "Q3",
    "revenue": 1092000000,
    "costOfRevenue": 587000000,
    "grossProfit": 505000000,
    "grossProfitRatio": 0.4624542125,
    "researchAndDevelopmentExpenses": 113000000,
    "generalAndAdministrativeExpenses": 75000000,
    "sellingAndMarketingExpenses": 120000000,
    "sellingGeneralAndAdministrativeExpenses": 195000000,
    "otherExpenses": 25000000,
    "operatingExpenses": 333000000,
    "costAndExpenses": 920000000,
    "interestIncome": 0,
    "interestExpense": 18000000,
    "depreciationAndAmortization": 45000000,
    "ebitda": 212000000,
    "ebitdaratio": 0.1941391941,
    "operatingIncome": 162000000,
    "operatingIncomeRatio": 0.1483516484,
    "totalOtherIncomeExpensesNet": -19000000,
    "incomeBeforeTax": 143000000,
    "incomeBeforeTaxRatio": 0.130952381,
    "incomeTaxExpense": 16000000,
    "netIncome": 127000000,
    "netIncomeRatio": 0.1163003663,
    "eps": 2.37,
    "epsdiluted": 2.34,
    "weightedAverageShsOut": 53740174,
    "weightedAverageShsOutDil": 54424880,
    "link": "https://www.sec.gov/Archives/edgar/data/877212/000087721218000044/0000877212-18-000044-index.htm",
    "finalLink": "https://www.sec.gov/Archives/edgar/data/877212/000087721218000044/zbra-20180929x10q.htm"
  },
  {
    "date": "2018-06-30",
    "symbol": "ZBRA",
    "reportedCurrency": "USD",
    "cik": "0000877212",
    "fillingDate": "2018-08-07",
    "acceptedDate": "2018-08-07 16:14:30",
    "calendarYear": "2018",
    "period": "Q2",
    "revenue": 1012000000,
    "costOfRevenue": 540000000,
    "grossProfit": 472000000,
    "grossProfitRatio": 0.4664031621,
    "researchAndDevelopmentExpenses": 109000000,
    "generalAndAdministrativeExpenses": 93000000,
    "sellingAndMarketingExpenses": 121000000,
    "sellingGeneralAndAdministrativeExpenses": 214000000,
    "otherExpenses": 2000000,
    "operatingExpenses": 346000000,
    "costAndExpenses": 886000000,
    "interestIncome": 0,
    "interestExpense": 23000000,
    "depreciationAndAmortization": 43000000,
    "ebitda": 171000000,
    "ebitdaratio": 0.168972332,
    "operatingIncome": 125000000,
    "operatingIncomeRatio": 0.1235177866,
    "totalOtherIncomeExpensesNet": -25000000,
    "incomeBeforeTax": 100000000,
    "incomeBeforeTaxRatio": 0.0988142292,
    "incomeTaxExpense": 30000000,
    "netIncome": 70000000,
    "netIncomeRatio": 0.0691699605,
    "eps": 1.31,
    "epsdiluted": 1.29,
    "weightedAverageShsOut": 53537876,
    "weightedAverageShsOutDil": 54255707,
    "link": "https://www.sec.gov/Archives/edgar/data/877212/000087721218000032/0000877212-18-000032-index.htm",
    "finalLink": "https://www.sec.gov/Archives/edgar/data/877212/000087721218000032/zbra-20180630x10q.htm"
  },
  {
    "date": "2018-03-31",
    "symbol": "ZBRA",
    "reportedCurrency": "USD",
    "cik": "0000877212",
    "fillingDate": "2018-05-08",
    "acceptedDate": "2018-05-08 16:13:19",
    "calendarYear": "2018",
    "period": "Q1",
    "revenue": 977000000,
    "costOfRevenue": 512000000,
    "grossProfit": 465000000,
    "grossProfitRatio": 0.4759467758,
    "researchAndDevelopmentExpenses": 101000000,
    "generalAndAdministrativeExpenses": 71000000,
    "sellingAndMarketingExpenses": 120000000,
    "sellingGeneralAndAdministrativeExpenses": 191000000,
    "otherExpenses": 23000000,
    "operatingExpenses": 315000000,
    "costAndExpenses": 827000000,
    "interestIncome": 0,
    "interestExpense": 11000000,
    "depreciationAndAmortization": 43000000,
    "ebitda": 187000000,
    "ebitdaratio": 0.1914022518,
    "operatingIncome": 144000000,
    "operatingIncomeRatio": 0.1473899693,
    "totalOtherIncomeExpensesNet": -11000000,
    "incomeBeforeTax": 133000000,
    "incomeBeforeTaxRatio": 0.1361310133,
    "incomeTaxExpense": 24000000,
    "netIncome": 109000000,
    "netIncomeRatio": 0.1115660184,
    "eps": 2.04,
    "epsdiluted": 2.01,
    "weightedAverageShsOut": 53286249,
    "weightedAverageShsOutDil": 53985755,
    "link": "https://www.sec.gov/Archives/edgar/data/877212/000087721218000023/0000877212-18-000023-index.htm",
    "finalLink": "https://www.sec.gov/Archives/edgar/data/877212/000087721218000023/zbra-20180331x10q.htm"
  },
  {
    "date": "2017-12-31",
    "symbol": "ZBRA",
    "reportedCurrency": "USD",
    "cik": "0000877212",
    "fillingDate": "2018-02-22",
    "acceptedDate": "2018-02-22 16:30:50",
    "calendarYear": "2017",
    "period": "Q4",
    "revenue": 1026000000,
    "costOfRevenue": 557000000,
    "grossProfit": 469000000,
    "grossProfitRatio": 0.4571150097,
    "researchAndDevelopmentExpenses": 98000000,
    "generalAndAdministrativeExpenses": 87000000,
    "sellingAndMarketingExpenses": 112000000,
    "sellingGeneralAndAdministrativeExpenses": 199000000,
    "otherExpenses": -1000000,
    "operatingExpenses": 330000000,
    "costAndExpenses": 887000000,
    "interestIncome": 0,
    "interestExpense": 51000000,
    "depreciationAndAmortization": 33000000,
    "ebitda": 183000000,
    "ebitdaratio": 0.1783625731,
    "operatingIncome": 133000000,
    "operatingIncomeRatio": 0.1296296296,
    "totalOtherIncomeExpensesNet": -55000000,
    "incomeBeforeTax": 78000000,
    "incomeBeforeTaxRatio": 0.0760233918,
    "incomeTaxExpense": 74000000,
    "netIncome": 4000000,
    "netIncomeRatio": 0.0038986355,
    "eps": 0.07,
    "epsdiluted": 0.07,
    "weightedAverageShsOut": 53208248,
    "weightedAverageShsOutDil": 53851248,
    "link": "https://www.sec.gov/Archives/edgar/data/877212/000087721218000011/0000877212-18-000011-index.htm",
    "finalLink": "https://www.sec.gov/Archives/edgar/data/877212/000087721218000011/a10k12312017zebra.htm"
  },
  {
    "date": "2017-09-30",
    "symbol": "ZBRA",
    "reportedCurrency": "USD",
    "cik": "0000877212",
    "fillingDate": "2017-11-07",
    "acceptedDate": "2017-11-07 16:06:25",
    "calendarYear": "2017",
    "period": "Q3",
    "revenue": 935000000,
    "costOfRevenue": 506000000,
    "grossProfit": 429000000,
    "grossProfitRatio": 0.4588235294,
    "researchAndDevelopmentExpenses": 96000000,
    "generalAndAdministrativeExpenses": 71000000,
    "sellingAndMarketingExpenses": 113000000,
    "sellingGeneralAndAdministrativeExpenses": 184000000,
    "otherExpenses": -4000000,
    "operatingExpenses": 329000000,
    "costAndExpenses": 835000000,
    "interestIncome": 0,
    "interestExpense": 95000000,
    "depreciationAndAmortization": 68000000,
    "ebitda": 157000000,
    "ebitdaratio": 0.1679144385,
    "operatingIncome": 91000000,
    "operatingIncomeRatio": 0.0973262032,
    "totalOtherIncomeExpensesNet": -98000000,
    "incomeBeforeTax": -7000000,
    "incomeBeforeTaxRatio": -0.007486631,
    "incomeTaxExpense": 5000000,
    "netIncome": -12000000,
    "netIncomeRatio": -0.0128342246,
    "eps": -0.23,
    "epsdiluted": -0.23,
    "weightedAverageShsOut": 52173913,
    "weightedAverageShsOutDil": 52220868,
    "link": "https://www.sec.gov/Archives/edgar/data/877212/000087721217000036/0000877212-17-000036-index.htm",
    "finalLink": "https://www.sec.gov/Archives/edgar/data/877212/000087721217000036/zbra-20170930x10q.htm"
  },
  {
    "date": "2017-07-01",
    "symbol": "ZBRA",
    "reportedCurrency": "USD",
    "cik": "0000877212",
    "fillingDate": "2017-08-08",
    "acceptedDate": "2017-08-08 16:13:54",
    "calendarYear": "2017",
    "period": "Q2",
    "revenue": 896000000,
    "costOfRevenue": 485000000,
    "grossProfit": 411000000,
    "grossProfitRatio": 0.4587053571,
    "researchAndDevelopmentExpenses": 99000000,
    "generalAndAdministrativeExpenses": 68000000,
    "sellingAndMarketingExpenses": 114000000,
    "sellingGeneralAndAdministrativeExpenses": 182000000,
    "otherExpenses": -1000000,
    "operatingExpenses": 333000000,
    "costAndExpenses": 818000000,
    "interestIncome": 0,
    "interestExpense": 40000000,
    "depreciationAndAmortization": 72000000,
    "ebitda": 149000000,
    "ebitdaratio": 0.1662946429,
    "operatingIncome": 58000000,
    "operatingIncomeRatio": 0.0647321429,
    "totalOtherIncomeExpensesNet": -39000000,
    "incomeBeforeTax": 19000000,
    "incomeBeforeTaxRatio": 0.0212053571,
    "incomeTaxExpense": 2000000,
    "netIncome": 17000000,
    "netIncomeRatio": 0.0189732143,
    "eps": 0.33,
    "epsdiluted": 0.32,
    "weightedAverageShsOut": 51996353,
    "weightedAverageShsOutDil": 53128657,
    "link": "https://www.sec.gov/Archives/edgar/data/877212/000087721217000026/0000877212-17-000026-index.htm",
    "finalLink": "https://www.sec.gov/Archives/edgar/data/877212/000087721217000026/zbra-20170701x10q.htm"
  },
  {
    "date": "2017-04-01",
    "symbol": "ZBRA",
    "reportedCurrency": "USD",
    "cik": "0000877212",
    "fillingDate": "2017-05-09",
    "acceptedDate": "2017-05-09 16:09:54",
    "calendarYear": "2017",
    "period": "Q1",
    "revenue": 865000000,
    "costOfRevenue": 464000000,
    "grossProfit": 401000000,
    "grossProfitRatio": 0.463583815,
    "researchAndDevelopmentExpenses": 96000000,
    "generalAndAdministrativeExpenses": 75000000,
    "sellingAndMarketingExpenses": 109000000,
    "sellingGeneralAndAdministrativeExpenses": 184000000,
    "otherExpenses": 50000000,
    "operatingExpenses": 330000000,
    "costAndExpenses": 794000000,
    "interestIncome": 0,
    "interestExpense": 41000000,
    "depreciationAndAmortization": 69000000,
    "ebitda": 140000000,
    "ebitdaratio": 0.161849711,
    "operatingIncome": 40000000,
    "operatingIncomeRatio": 0.0462427746,
    "totalOtherIncomeExpensesNet": -42000000,
    "incomeBeforeTax": -2000000,
    "incomeBeforeTaxRatio": -0.0023121387,
    "incomeTaxExpense": -10000000,
    "netIncome": 8000000,
    "netIncomeRatio": 0.0092485549,
    "eps": 0.16,
    "epsdiluted": 0.16,
    "weightedAverageShsOut": 51842025,
    "weightedAverageShsOutDil": 52946883,
    "link": "https://www.sec.gov/Archives/edgar/data/877212/000087721217000018/0000877212-17-000018-index.htm",
    "finalLink": "https://www.sec.gov/Archives/edgar/data/877212/000087721217000018/zbra-20170401x10q.htm"
  },
  {
    "date": "2016-12-31",
    "symbol": "ZBRA",
    "reportedCurrency": "USD",
    "cik": "0000877212",
    "fillingDate": "2017-02-27",
    "acceptedDate": "2017-02-27 16:58:23",
    "calendarYear": "2016",
    "period": "Q4",
    "revenue": 942000000,
    "costOfRevenue": 510000000,
    "grossProfit": 432000000,
    "grossProfitRatio": 0.4585987261,
    "researchAndDevelopmentExpenses": 92000000,
    "generalAndAdministrativeExpenses": 82000000,
    "sellingAndMarketingExpenses": 107000000,
    "sellingGeneralAndAdministrativeExpenses": 189000000,
    "otherExpenses": -2000000,
    "operatingExpenses": 332000000,
    "costAndExpenses": 842000000,
    "interestIncome": 0,
    "interestExpense": 48000000,
    "depreciationAndAmortization": 51000000,
    "ebitda": 138000000,
    "ebitdaratio": 0.1464968153,
    "operatingIncome": 71000000,
    "operatingIncomeRatio": 0.0753715499,
    "totalOtherIncomeExpensesNet": -19000000,
    "incomeBeforeTax": 20000000,
    "incomeBeforeTaxRatio": 0.0212314225,
    "incomeTaxExpense": 3000000,
    "netIncome": 17000000,
    "netIncomeRatio": 0.0180467091,
    "eps": 0.34,
    "epsdiluted": 0.34,
    "weightedAverageShsOut": 51792228,
    "weightedAverageShsOutDil": 52573283,
    "link": "https://www.sec.gov/Archives/edgar/data/877212/000087721217000009/0000877212-17-000009-index.htm",
    "finalLink": "https://www.sec.gov/Archives/edgar/data/877212/000087721217000009/a10k12312016zebra.htm"
  },
  {
    "date": "2016-10-01",
    "symbol": "ZBRA",
    "reportedCurrency": "USD",
    "cik": "0000877212",
    "fillingDate": "2016-11-15",
    "acceptedDate": "2016-11-15 09:36:02",
    "calendarYear": "2016",
    "period": "Q3",
    "revenue": 904000000,
    "costOfRevenue": 490000000,
    "grossProfit": 414000000,
    "grossProfitRatio": 0.4579646018,
    "researchAndDevelopmentExpenses": 96000000,
    "generalAndAdministrativeExpenses": 74000000,
    "sellingAndMarketingExpenses": 112000000,
    "sellingGeneralAndAdministrativeExpenses": 186000000,
    "otherExpenses": -6000000,
    "operatingExpenses": 341000000,
    "costAndExpenses": 831000000,
    "interestIncome": 0,
    "interestExpense": 46000000,
    "depreciationAndAmortization": 80000000,
    "ebitda": 50000000,
    "ebitdaratio": 0.0553097345,
    "operatingIncome": -24000000,
    "operatingIncomeRatio": -0.0265486726,
    "totalOtherIncomeExpensesNet": -53000000,
    "incomeBeforeTax": -77000000,
    "incomeBeforeTaxRatio": -0.0851769912,
    "incomeTaxExpense": 6000000,
    "netIncome": -83000000,
    "netIncomeRatio": -0.0918141593,
    "eps": -1.61,
    "epsdiluted": -1.61,
    "weightedAverageShsOut": 51552827,
    "weightedAverageShsOutDil": 51690204,
    "link": "https://www.sec.gov/Archives/edgar/data/877212/000087721216000027/0000877212-16-000027-index.htm",
    "finalLink": "https://www.sec.gov/Archives/edgar/data/877212/000087721216000027/zbra-20161001x10q.htm"
  },
  {
    "date": "2016-07-02",
    "symbol": "ZBRA",
    "reportedCurrency": "USD",
    "cik": "0000877212",
    "fillingDate": "2016-08-09",
    "acceptedDate": "2016-08-09 16:34:59",
    "calendarYear": "2016",
    "period": "Q2",
    "revenue": 879000000,
    "costOfRevenue": 473000000,
    "grossProfit": 406000000,
    "grossProfitRatio": 0.4618885097,
    "researchAndDevelopmentExpenses": 95000000,
    "generalAndAdministrativeExpenses": 78000000,
    "sellingAndMarketingExpenses": 112000000,
    "sellingGeneralAndAdministrativeExpenses": 190000000,
    "otherExpenses": 60000000,
    "operatingExpenses": 345000000,
    "costAndExpenses": 818000000,
    "interestIncome": 0,
    "interestExpense": 51000000,
    "depreciationAndAmortization": 77000000,
    "ebitda": 93000000,
    "ebitdaratio": 0.1058020478,
    "operatingIncome": 22000000,
    "operatingIncomeRatio": 0.0250284414,
    "totalOtherIncomeExpensesNet": -56000000,
    "incomeBeforeTax": -34000000,
    "incomeBeforeTaxRatio": -0.0386803185,
    "incomeTaxExpense": 15000000,
    "netIncome": -49000000,
    "netIncomeRatio": -0.055745165,
    "eps": -0.96,
    "epsdiluted": -0.95,
    "weightedAverageShsOut": 51136363,
    "weightedAverageShsOutDil": 51533236,
    "link": "https://www.sec.gov/Archives/edgar/data/877212/000087721216000015/0000877212-16-000015-index.htm",
    "finalLink": "https://www.sec.gov/Archives/edgar/data/877212/000087721216000015/zbra-20160702x10q.htm"
  },
  {
    "date": "2016-04-02",
    "symbol": "ZBRA",
    "reportedCurrency": "USD",
    "cik": "0000877212",
    "fillingDate": "2016-05-10",
    "acceptedDate": "2016-05-10 16:29:43",
    "calendarYear": "2016",
    "period": "Q1",
    "revenue": 847000000,
    "costOfRevenue": 457000000,
    "grossProfit": 390000000,
    "grossProfitRatio": 0.4604486423,
    "researchAndDevelopmentExpenses": 93000000,
    "generalAndAdministrativeExpenses": 74000000,
    "sellingAndMarketingExpenses": 121000000,
    "sellingGeneralAndAdministrativeExpenses": 195000000,
    "otherExpenses": 59000000,
    "operatingExpenses": 347000000,
    "costAndExpenses": 804000000,
    "interestIncome": 0,
    "interestExpense": 50000000,
    "depreciationAndAmortization": 77000000,
    "ebitda": 88000000,
    "ebitdaratio": 0.1038961039,
    "operatingIncome": 43000000,
    "operatingIncomeRatio": 0.0507674144,
    "totalOtherIncomeExpensesNet": -49000000,
    "incomeBeforeTax": -49000000,
    "incomeBeforeTaxRatio": -0.0578512397,
    "incomeTaxExpense": -20000000,
    "netIncome": -29000000,
    "netIncomeRatio": -0.0342384888,
    "eps": -0.57,
    "epsdiluted": -0.57,
    "weightedAverageShsOut": 51299632,
    "weightedAverageShsOutDil": 51299632,
    "link": "https://www.sec.gov/Archives/edgar/data/877212/000087721216000008/0000877212-16-000008-index.htm",
    "finalLink": "https://www.sec.gov/Archives/edgar/data/877212/000087721216000008/zbra-20160402x10q.htm"
  },
  {
    "date": "2015-12-31",
    "symbol": "ZBRA",
    "reportedCurrency": "USD",
    "cik": "0000877212",
    "fillingDate": "2016-02-29",
    "acceptedDate": "2016-02-29 16:58:37",
    "calendarYear": "2015",
    "period": "Q4",
    "revenue": 952741000,
    "costOfRevenue": 524964000,
    "grossProfit": 427777000,
    "grossProfitRatio": 0.448996107,
    "researchAndDevelopmentExpenses": 98267000,
    "generalAndAdministrativeExpenses": 73626000,
    "sellingAndMarketingExpenses": 118926000,
    "sellingGeneralAndAdministrativeExpenses": 192552000,
    "otherExpenses": -12000,
    "operatingExpenses": 351900000,
    "costAndExpenses": 876864000,
    "interestIncome": 0,
    "interestExpense": 48696000,
    "depreciationAndAmortization": 79461000,
    "ebitda": 100692000,
    "ebitdaratio": 0.1056866452,
    "operatingIncome": 22311000,
    "operatingIncomeRatio": 0.0234176969,
    "totalOtherIncomeExpensesNet": -49636000,
    "incomeBeforeTax": -27251000,
    "incomeBeforeTaxRatio": -0.0286027367,
    "incomeTaxExpense": -20423000,
    "netIncome": -6828000,
    "netIncomeRatio": -0.0071666906,
    "eps": -0.14,
    "epsdiluted": -0.13,
    "weightedAverageShsOut": 49880563,
    "weightedAverageShsOutDil": 51207000,
    "link": "https://www.sec.gov/Archives/edgar/data/877212/000162828016011978/0001628280-16-011978-index.htm",
    "finalLink": "https://www.sec.gov/Archives/edgar/data/877212/000162828016011978/a10k12312015zbra.htm"
  },
  {
    "date": "2015-10-03",
    "symbol": "ZBRA",
    "reportedCurrency": "USD",
    "cik": "0000877212",
    "fillingDate": "2015-11-12",
    "acceptedDate": "2015-11-12 16:19:46",
    "calendarYear": "2015",
    "period": "Q3",
    "revenue": 916273000,
    "costOfRevenue": 502217000,
    "grossProfit": 414056000,
    "grossProfitRatio": 0.4518915214,
    "researchAndDevelopmentExpenses": 100340000,
    "generalAndAdministrativeExpenses": 67235000,
    "sellingAndMarketingExpenses": 120217000,
    "sellingGeneralAndAdministrativeExpenses": 187452000,
    "otherExpenses": -306000,
    "operatingExpenses": 346291000,
    "costAndExpenses": 848508000,
    "interestIncome": 0,
    "interestExpense": 45002000,
    "depreciationAndAmortization": 78553000,
    "ebitda": 99000000,
    "ebitdaratio": 0.108046401,
    "operatingIncome": 25021000,
    "operatingIncomeRatio": 0.0273073636,
    "totalOtherIncomeExpensesNet": -50563000,
    "incomeBeforeTax": -25542000,
    "incomeBeforeTaxRatio": -0.0278759715,
    "incomeTaxExpense": 3408000,
    "netIncome": -28950000,
    "netIncomeRatio": -0.031595387,
    "eps": -0.57,
    "epsdiluted": -0.57,
    "weightedAverageShsOut": 50877282,
    "weightedAverageShsOutDil": 51152000,
    "link": "https://www.sec.gov/Archives/edgar/data/877212/000119312515375688/0001193125-15-375688-index.htm",
    "finalLink": "https://www.sec.gov/Archives/edgar/data/877212/000119312515375688/d16968d10q.htm"
  },
  {
    "date": "2015-07-04",
    "symbol": "ZBRA",
    "reportedCurrency": "USD",
    "cik": "0000877212",
    "fillingDate": "2015-08-13",
    "acceptedDate": "2015-08-13 15:24:07",
    "calendarYear": "2015",
    "period": "Q2",
    "revenue": 889774000,
    "costOfRevenue": 496896000,
    "grossProfit": 392878000,
    "grossProfitRatio": 0.4415480785,
    "researchAndDevelopmentExpenses": 99087000,
    "generalAndAdministrativeExpenses": 69659000,
    "sellingAndMarketingExpenses": 125120000,
    "sellingGeneralAndAdministrativeExpenses": 194779000,
    "otherExpenses": -707000,
    "operatingExpenses": 357566000,
    "costAndExpenses": 854462000,
    "interestIncome": 0,
    "interestExpense": 49331000,
    "depreciationAndAmortization": 82162000,
    "ebitda": 79000000,
    "ebitdaratio": 0.0887865908,
    "operatingIncome": -13803000,
    "operatingIncomeRatio": -0.015512928,
    "totalOtherIncomeExpensesNet": -39197000,
    "incomeBeforeTax": -52667000,
    "incomeBeforeTaxRatio": -0.0591914351,
    "incomeTaxExpense": 23591000,
    "netIncome": -76258000,
    "netIncomeRatio": -0.0857049093,
    "eps": -1.5,
    "epsdiluted": -1.5,
    "weightedAverageShsOut": 50917000,
    "weightedAverageShsOutDil": 50917000,
    "link": "https://www.sec.gov/Archives/edgar/data/877212/000119312515289887/0001193125-15-289887-index.htm",
    "finalLink": "https://www.sec.gov/Archives/edgar/data/877212/000119312515289887/d941649d10q.htm"
  },
  {
    "date": "2015-04-04",
    "symbol": "ZBRA",
    "reportedCurrency": "USD",
    "cik": "0000877212",
    "fillingDate": "2015-05-14",
    "acceptedDate": "2015-05-14 11:25:52",
    "calendarYear": "2015",
    "period": "Q1",
    "revenue": 893184000,
    "costOfRevenue": 483662000,
    "grossProfit": 409522000,
    "grossProfitRatio": 0.4584967935,
    "researchAndDevelopmentExpenses": 96417000,
    "generalAndAdministrativeExpenses": 66136000,
    "sellingAndMarketingExpenses": 122106000,
    "sellingGeneralAndAdministrativeExpenses": 188242000,
    "otherExpenses": -1273000,
    "operatingExpenses": 352248000,
    "costAndExpenses": 835910000,
    "interestIncome": 0,
    "interestExpense": 50965000,
    "depreciationAndAmortization": 79703000,
    "ebitda": 19774000,
    "ebitdaratio": 0.0221387754,
    "operatingIncome": 19774000,
    "operatingIncomeRatio": 0.0221387754,
    "totalOtherIncomeExpensesNet": -77774000,
    "incomeBeforeTax": -58163000,
    "incomeBeforeTaxRatio": -0.0651187213,
    "incomeTaxExpense": -32866000,
    "netIncome": -25297000,
    "netIncomeRatio": -0.0283222718,
    "eps": -0.51,
    "epsdiluted": -0.5,
    "weightedAverageShsOut": 50000000,
    "weightedAverageShsOutDil": 50667000,
    "link": "https://www.sec.gov/Archives/edgar/data/877212/000119312515187284/0001193125-15-187284-index.htm",
    "finalLink": "https://www.sec.gov/Archives/edgar/data/877212/000119312515187284/d901466d10q.htm"
  },
  {
    "date": "2014-12-31",
    "symbol": "ZBRA",
    "reportedCurrency": "USD",
    "cik": "0000877212",
    "fillingDate": "2015-03-17",
    "acceptedDate": "2015-03-17 17:16:17",
    "calendarYear": "2014",
    "period": "Q4",
    "revenue": 790611000,
    "costOfRevenue": 454199000,
    "grossProfit": 336412000,
    "grossProfitRatio": 0.4255088786,
    "researchAndDevelopmentExpenses": 79311000,
    "generalAndAdministrativeExpenses": 58761000,
    "sellingAndMarketingExpenses": 105352000,
    "sellingGeneralAndAdministrativeExpenses": 164113000,
    "otherExpenses": -1271000,
    "operatingExpenses": 289584000,
    "costAndExpenses": 743783000,
    "interestIncome": 0,
    "interestExpense": 56715000,
    "depreciationAndAmortization": 54148000,
    "ebitda": -46867000,
    "ebitdaratio": -0.0592794687,
    "operatingIncome": -24839000,
    "operatingIncomeRatio": -0.0314174733,
    "totalOtherIncomeExpensesNet": -67880000,
    "incomeBeforeTax": -92719000,
    "incomeBeforeTaxRatio": -0.1172751201,
    "incomeTaxExpense": -41040000,
    "netIncome": -51679000,
    "netIncomeRatio": -0.0653659006,
    "eps": -1.02,
    "epsdiluted": -1.02,
    "weightedAverageShsOut": 50452000,
    "weightedAverageShsOutDil": 50452000,
    "link": "https://www.sec.gov/Archives/edgar/data/877212/000119312515095560/0001193125-15-095560-index.htm",
    "finalLink": "https://www.sec.gov/Archives/edgar/data/877212/000119312515095560/d845903d10k.htm"
  },
  {
    "date": "2014-09-27",
    "symbol": "ZBRA",
    "reportedCurrency": "USD",
    "cik": "0000877212",
    "fillingDate": "2014-11-05",
    "acceptedDate": "2014-11-05 12:56:00",
    "calendarYear": "2014",
    "period": "Q3",
    "revenue": 303272000,
    "costOfRevenue": 151766000,
    "grossProfit": 151506000,
    "grossProfitRatio": 0.4995713419,
    "researchAndDevelopmentExpenses": 25225000,
    "generalAndAdministrativeExpenses": 24741000,
    "sellingAndMarketingExpenses": 36781000,
    "sellingGeneralAndAdministrativeExpenses": 61522000,
    "otherExpenses": 196000,
    "operatingExpenses": 89344000,
    "costAndExpenses": 241110000,
    "interestIncome": 0,
    "interestExpense": 0,
    "depreciationAndAmortization": 2597000,
    "ebitda": 33762000,
    "ebitdaratio": 0.1113258065,
    "operatingIncome": 26956000,
    "operatingIncomeRatio": 0.0888839062,
    "totalOtherIncomeExpensesNet": -2150000,
    "incomeBeforeTax": 24806000,
    "incomeBeforeTaxRatio": 0.0817945607,
    "incomeTaxExpense": 9861000,
    "netIncome": 14945000,
    "netIncomeRatio": 0.0492791949,
    "eps": 0.29,
    "epsdiluted": 0.29,
    "weightedAverageShsOut": 50835000,
    "weightedAverageShsOutDil": 51461000,
    "link": "https://www.sec.gov/Archives/edgar/data/877212/000119312514397949/0001193125-14-397949-index.htm",
    "finalLink": "https://www.sec.gov/Archives/edgar/data/877212/000119312514397949/d791339d10q.htm"
  },
  {
    "date": "2014-06-28",
    "symbol": "ZBRA",
    "reportedCurrency": "USD",
    "cik": "0000877212",
    "fillingDate": "2014-08-05",
    "acceptedDate": "2014-08-05 15:43:31",
    "calendarYear": "2014",
    "period": "Q2",
    "revenue": 288421000,
    "costOfRevenue": 146252000,
    "grossProfit": 142169000,
    "grossProfitRatio": 0.4929218053,
    "researchAndDevelopmentExpenses": 23710000,
    "generalAndAdministrativeExpenses": 26321000,
    "sellingAndMarketingExpenses": 35755000,
    "sellingGeneralAndAdministrativeExpenses": 62076000,
    "otherExpenses": -57000,
    "operatingExpenses": 88453000,
    "costAndExpenses": 234705000,
    "interestIncome": 0,
    "interestExpense": 0,
    "depreciationAndAmortization": 9093000,
    "ebitda": 40090000,
    "ebitdaratio": 0.1389982005,
    "operatingIncome": 33065000,
    "operatingIncomeRatio": 0.1146414443,
    "totalOtherIncomeExpensesNet": -2068000,
    "incomeBeforeTax": 30997000,
    "incomeBeforeTaxRatio": 0.10747137,
    "incomeTaxExpense": 3440000,
    "netIncome": 27557000,
    "netIncomeRatio": 0.0955443605,
    "eps": 0.54,
    "epsdiluted": 0.54,
    "weightedAverageShsOut": 50606000,
    "weightedAverageShsOutDil": 51278000,
    "link": "https://www.sec.gov/Archives/edgar/data/877212/000119312514295692/0001193125-14-295692-index.htm",
    "finalLink": "https://www.sec.gov/Archives/edgar/data/877212/000119312514295692/d733093d10q.htm"
  },
  {
    "date": "2014-03-29",
    "symbol": "ZBRA",
    "reportedCurrency": "USD",
    "cik": "0000877212",
    "fillingDate": "2014-05-06",
    "acceptedDate": "2014-05-06 14:14:56",
    "calendarYear": "2014",
    "period": "Q1",
    "revenue": 288268000,
    "costOfRevenue": 140330000,
    "grossProfit": 147938000,
    "grossProfitRatio": 0.5131960537,
    "researchAndDevelopmentExpenses": 22857000,
    "generalAndAdministrativeExpenses": 28391000,
    "sellingAndMarketingExpenses": 35416000,
    "sellingGeneralAndAdministrativeExpenses": 63807000,
    "otherExpenses": 8000,
    "operatingExpenses": 89336000,
    "costAndExpenses": 229666000,
    "interestIncome": 0,
    "interestExpense": 18000,
    "depreciationAndAmortization": 9003000,
    "ebitda": 62566000,
    "ebitdaratio": 0.2170410868,
    "operatingIncome": 53408000,
    "operatingIncomeRatio": 0.1852720385,
    "totalOtherIncomeExpensesNet": 137000,
    "incomeBeforeTax": 53545000,
    "incomeBeforeTaxRatio": 0.1857472907,
    "incomeTaxExpense": 11939000,
    "netIncome": 41606000,
    "netIncomeRatio": 0.1443309698,
    "eps": 0.83,
    "epsdiluted": 0.82,
    "weightedAverageShsOut": 50402000,
    "weightedAverageShsOutDil": 50974000,
    "link": "https://www.sec.gov/Archives/edgar/data/877212/000119312514184500/0001193125-14-184500-index.htm",
    "finalLink": "https://www.sec.gov/Archives/edgar/data/877212/000119312514184500/d694874d10q.htm"
  },
  {
    "date": "2013-12-31",
    "symbol": "ZBRA",
    "reportedCurrency": "USD",
    "cik": "0000877212",
    "fillingDate": "2014-02-20",
    "acceptedDate": "2014-02-20 16:22:13",
    "calendarYear": "2013",
    "period": "Q4",
    "revenue": 284539000,
    "costOfRevenue": 143511000,
    "grossProfit": 141028000,
    "grossProfitRatio": 0.495636802,
    "researchAndDevelopmentExpenses": 23712000,
    "generalAndAdministrativeExpenses": 24434000,
    "sellingAndMarketingExpenses": 36280000,
    "sellingGeneralAndAdministrativeExpenses": 60714000,
    "otherExpenses": 252000,
    "operatingExpenses": 86252000,
    "costAndExpenses": 229763000,
    "interestIncome": 0,
    "interestExpense": 0,
    "depreciationAndAmortization": 1826000,
    "ebitda": 63573000,
    "ebitdaratio": 0.2234245569,
    "operatingIncome": 49079000,
    "operatingIncomeRatio": 0.1724860212,
    "totalOtherIncomeExpensesNet": 1128000,
    "incomeBeforeTax": 50206000,
    "incomeBeforeTaxRatio": 0.176446814,
    "incomeTaxExpense": 8681000,
    "netIncome": 41650000,
    "netIncomeRatio": 0.1463771223,
    "eps": 0.83,
    "epsdiluted": 0.82,
    "weightedAverageShsOut": 50289000,
    "weightedAverageShsOutDil": 50666000,
    "link": "https://www.sec.gov/Archives/edgar/data/877212/000119312514060748/0001193125-14-060748-index.htm",
    "finalLink": "https://www.sec.gov/Archives/edgar/data/877212/000119312514060748/d639974d10k.htm"
  },
  {
    "date": "2013-09-28",
    "symbol": "ZBRA",
    "reportedCurrency": "USD",
    "cik": "0000877212",
    "fillingDate": "2013-11-05",
    "acceptedDate": "2013-11-05 15:36:09",
    "calendarYear": "2013",
    "period": "Q3",
    "revenue": 263523000,
    "costOfRevenue": 134913000,
    "grossProfit": 128610000,
    "grossProfitRatio": 0.4880408921,
    "researchAndDevelopmentExpenses": 22376000,
    "generalAndAdministrativeExpenses": 22452000,
    "sellingAndMarketingExpenses": 34395000,
    "sellingGeneralAndAdministrativeExpenses": 56847000,
    "otherExpenses": -5000,
    "operatingExpenses": 81054000,
    "costAndExpenses": 215967000,
    "interestIncome": 0,
    "interestExpense": 0,
    "depreciationAndAmortization": 7900000,
    "ebitda": 55456000,
    "ebitdaratio": 0.2104408344,
    "operatingIncome": 46769000,
    "operatingIncomeRatio": 0.1774759698,
    "totalOtherIncomeExpensesNet": 372000,
    "incomeBeforeTax": 47141000,
    "incomeBeforeTaxRatio": 0.1788876113,
    "incomeTaxExpense": 8541000,
    "netIncome": 38600000,
    "netIncomeRatio": 0.1464767781,
    "eps": 0.76,
    "epsdiluted": 0.76,
    "weightedAverageShsOut": 50590000,
    "weightedAverageShsOutDil": 50924000,
    "link": "https://www.sec.gov/Archives/edgar/data/877212/000119312513427567/0001193125-13-427567-index.htm",
    "finalLink": "https://www.sec.gov/Archives/edgar/data/877212/000119312513427567/d596499d10q.htm"
  },
  {
    "date": "2013-06-29",
    "symbol": "ZBRA",
    "reportedCurrency": "USD",
    "cik": "0000877212",
    "fillingDate": "2013-08-06",
    "acceptedDate": "2013-08-06 14:16:04",
    "calendarYear": "2013",
    "period": "Q2",
    "revenue": 253160000,
    "costOfRevenue": 132253000,
    "grossProfit": 120907000,
    "grossProfitRatio": 0.4775912466,
    "researchAndDevelopmentExpenses": 23201000,
    "generalAndAdministrativeExpenses": 24053000,
    "sellingAndMarketingExpenses": 33830000,
    "sellingGeneralAndAdministrativeExpenses": 57883000,
    "otherExpenses": 1464000,
    "operatingExpenses": 82947000,
    "costAndExpenses": 215200000,
    "interestIncome": 0,
    "interestExpense": 0,
    "depreciationAndAmortization": 8040000,
    "ebitda": 46000000,
    "ebitdaratio": 0.1817032707,
    "operatingIncome": 36241000,
    "operatingIncomeRatio": 0.1431545268,
    "totalOtherIncomeExpensesNet": 1475000,
    "incomeBeforeTax": 37716000,
    "incomeBeforeTaxRatio": 0.1489808817,
    "incomeTaxExpense": 7158000,
    "netIncome": 30566000,
    "netIncomeRatio": 0.1207378733,
    "eps": 0.6,
    "epsdiluted": 0.6,
    "weightedAverageShsOut": 50900000,
    "weightedAverageShsOutDil": 51283000,
    "link": "https://www.sec.gov/Archives/edgar/data/877212/000119312513321175/0001193125-13-321175-index.htm",
    "finalLink": "https://www.sec.gov/Archives/edgar/data/877212/000119312513321175/d553362d10q.htm"
  },
  {
    "date": "2013-03-30",
    "symbol": "ZBRA",
    "reportedCurrency": "USD",
    "cik": "0000877212",
    "fillingDate": "2013-05-02",
    "acceptedDate": "2013-05-02 12:54:38",
    "calendarYear": "2013",
    "period": "Q1",
    "revenue": 236937000,
    "costOfRevenue": 123872000,
    "grossProfit": 113065000,
    "grossProfitRatio": 0.4771943597,
    "researchAndDevelopmentExpenses": 21858000,
    "generalAndAdministrativeExpenses": 25276000,
    "sellingAndMarketingExpenses": 33515000,
    "sellingGeneralAndAdministrativeExpenses": 58791000,
    "otherExpenses": 9000,
    "operatingExpenses": 82512000,
    "costAndExpenses": 206384000,
    "interestIncome": 0,
    "interestExpense": 0,
    "depreciationAndAmortization": 7372000,
    "ebitda": 37924000,
    "ebitdaratio": 0.1600594251,
    "operatingIncome": 28176000,
    "operatingIncomeRatio": 0.118917687,
    "totalOtherIncomeExpensesNet": -1788000,
    "incomeBeforeTax": 28764000,
    "incomeBeforeTaxRatio": 0.1213993593,
    "incomeTaxExpense": 5222000,
    "netIncome": 23542000,
    "netIncomeRatio": 0.0993597454,
    "eps": 0.46,
    "epsdiluted": 0.46,
    "weightedAverageShsOut": 50980000,
    "weightedAverageShsOutDil": 51366000,
    "link": "https://www.sec.gov/Archives/edgar/data/877212/000119312513195324/0001193125-13-195324-index.htm",
    "finalLink": "https://www.sec.gov/Archives/edgar/data/877212/000119312513195324/d506191d10q.htm"
  },
  {
    "date": "2012-12-31",
    "symbol": "ZBRA",
    "reportedCurrency": "USD",
    "cik": "0000877212",
    "fillingDate": "2013-02-21",
    "acceptedDate": "2013-02-21 15:16:18",
    "calendarYear": "2012",
    "period": "Q4",
    "revenue": 253179000,
    "costOfRevenue": 128719000,
    "grossProfit": 124460000,
    "grossProfitRatio": 0.4915889549,
    "researchAndDevelopmentExpenses": 22605000,
    "generalAndAdministrativeExpenses": 20964000,
    "sellingAndMarketingExpenses": 33313000,
    "sellingGeneralAndAdministrativeExpenses": 54277000,
    "otherExpenses": -577000,
    "operatingExpenses": 78345000,
    "costAndExpenses": 207064000,
    "interestIncome": 0,
    "interestExpense": 0,
    "depreciationAndAmortization": 7271000,
    "ebitda": 53386000,
    "ebitdaratio": 0.2108626703,
    "operatingIncome": 44118000,
    "operatingIncomeRatio": 0.1742561587,
    "totalOtherIncomeExpensesNet": -56000,
    "incomeBeforeTax": 44062000,
    "incomeBeforeTaxRatio": 0.1740349713,
    "incomeTaxExpense": 9263000,
    "netIncome": 34990000,
    "netIncomeRatio": 0.1382026155,
    "eps": 0.69,
    "epsdiluted": 0.68,
    "weightedAverageShsOut": 50968000,
    "weightedAverageShsOutDil": 51262000,
    "link": "https://www.sec.gov/Archives/edgar/data/877212/000119312513069145/0001193125-13-069145-index.htm",
    "finalLink": "https://www.sec.gov/Archives/edgar/data/877212/000119312513069145/d454382d10k.htm"
  },
  {
    "date": "2012-09-29",
    "symbol": "ZBRA",
    "reportedCurrency": "USD",
    "cik": "0000877212",
    "fillingDate": "2012-11-07",
    "acceptedDate": "2012-11-07 13:20:50",
    "calendarYear": "2012",
    "period": "Q3",
    "revenue": 252037000,
    "costOfRevenue": 125113000,
    "grossProfit": 126924000,
    "grossProfitRatio": 0.5035927265,
    "researchAndDevelopmentExpenses": 22007000,
    "generalAndAdministrativeExpenses": 23047000,
    "sellingAndMarketingExpenses": 32321000,
    "sellingGeneralAndAdministrativeExpenses": 55368000,
    "otherExpenses": 1670000,
    "operatingExpenses": 88159000,
    "costAndExpenses": 213272000,
    "interestIncome": 541000,
    "interestExpense": 541000,
    "depreciationAndAmortization": 6942000,
    "ebitda": 55387000,
    "ebitdaratio": 0.2197574166,
    "operatingIncome": 38765000,
    "operatingIncomeRatio": 0.1538067823,
    "totalOtherIncomeExpensesNet": -267000,
    "incomeBeforeTax": 38498000,
    "incomeBeforeTaxRatio": 0.1527474141,
    "incomeTaxExpense": 11917000,
    "netIncome": 27097000,
    "netIncomeRatio": 0.1075119923,
    "eps": 0.53,
    "epsdiluted": 0.52,
    "weightedAverageShsOut": 51566000,
    "weightedAverageShsOutDil": 51809000,
    "link": "https://www.sec.gov/Archives/edgar/data/877212/000119312512456802/0001193125-12-456802-index.htm",
    "finalLink": "https://www.sec.gov/Archives/edgar/data/877212/000119312512456802/d411358d10q.htm"
  },
  {
    "date": "2012-06-30",
    "symbol": "ZBRA",
    "reportedCurrency": "USD",
    "cik": "0000877212",
    "fillingDate": "2012-08-01",
    "acceptedDate": "2012-08-01 13:45:48",
    "calendarYear": "2012",
    "period": "Q2",
    "revenue": 247077000,
    "costOfRevenue": 126700000,
    "grossProfit": 120377000,
    "grossProfitRatio": 0.4872043938,
    "researchAndDevelopmentExpenses": 22336000,
    "generalAndAdministrativeExpenses": 25654000,
    "sellingAndMarketingExpenses": 32158000,
    "sellingGeneralAndAdministrativeExpenses": 57812000,
    "otherExpenses": 770000,
    "operatingExpenses": 80918000,
    "costAndExpenses": 207618000,
    "interestIncome": 826000,
    "interestExpense": 826000,
    "depreciationAndAmortization": 6005000,
    "ebitda": 46716000,
    "ebitdaratio": 0.1890746609,
    "operatingIncome": 39459000,
    "operatingIncomeRatio": 0.1597032504,
    "totalOtherIncomeExpensesNet": 260000,
    "incomeBeforeTax": 39719000,
    "incomeBeforeTaxRatio": 0.1607555539,
    "incomeTaxExpense": 9366000,
    "netIncome": 30653000,
    "netIncomeRatio": 0.1240625392,
    "eps": 0.59,
    "epsdiluted": 0.59,
    "weightedAverageShsOut": 51771000,
    "weightedAverageShsOutDil": 52030000,
    "link": "https://www.sec.gov/Archives/edgar/data/877212/000119312512328162/0001193125-12-328162-index.htm",
    "finalLink": "https://www.sec.gov/Archives/edgar/data/877212/000119312512328162/d358276d10q.htm"
  },
  {
    "date": "2012-03-31",
    "symbol": "ZBRA",
    "reportedCurrency": "USD",
    "cik": "0000877212",
    "fillingDate": "2012-05-02",
    "acceptedDate": "2012-05-02 13:35:08",
    "calendarYear": "2012",
    "period": "Q1",
    "revenue": 243875000,
    "costOfRevenue": 124012000,
    "grossProfit": 119863000,
    "grossProfitRatio": 0.491493593,
    "researchAndDevelopmentExpenses": 20419000,
    "generalAndAdministrativeExpenses": 24551000,
    "sellingAndMarketingExpenses": 32114000,
    "sellingGeneralAndAdministrativeExpenses": 56665000,
    "otherExpenses": 770000,
    "operatingExpenses": 77854000,
    "costAndExpenses": 201866000,
    "interestIncome": 592000,
    "interestExpense": 592000,
    "depreciationAndAmortization": 5959000,
    "ebitda": 48222000,
    "ebitdaratio": 0.1977324449,
    "operatingIncome": 42009000,
    "operatingIncomeRatio": 0.1722562788,
    "totalOtherIncomeExpensesNet": -114000,
    "incomeBeforeTax": 41895000,
    "incomeBeforeTaxRatio": 0.1717888262,
    "incomeTaxExpense": 11731000,
    "netIncome": 30164000,
    "netIncomeRatio": 0.1236863147,
    "eps": 0.58,
    "epsdiluted": 0.58,
    "weightedAverageShsOut": 51998000,
    "weightedAverageShsOutDil": 52301000,
    "link": "https://www.sec.gov/Archives/edgar/data/877212/000119312512203781/0001193125-12-203781-index.htm",
    "finalLink": "https://www.sec.gov/Archives/edgar/data/877212/000119312512203781/d327260d10q.htm"
  },
  {
    "date": "2011-12-31",
    "symbol": "ZBRA",
    "reportedCurrency": "USD",
    "cik": "0000877212",
    "fillingDate": "2012-02-23",
    "acceptedDate": "2012-02-23 16:15:56",
    "calendarYear": "2011",
    "period": "Q4",
    "revenue": 247308000,
    "costOfRevenue": 125788000,
    "grossProfit": 121520000,
    "grossProfitRatio": 0.4913710838,
    "researchAndDevelopmentExpenses": 23174000,
    "generalAndAdministrativeExpenses": 19089000,
    "sellingAndMarketingExpenses": 36377000,
    "sellingGeneralAndAdministrativeExpenses": 55466000,
    "otherExpenses": 806000,
    "operatingExpenses": 79446000,
    "costAndExpenses": 205234000,
    "interestIncome": 594000,
    "interestExpense": 594000,
    "depreciationAndAmortization": 806000,
    "ebitda": 48089000,
    "ebitdaratio": 0.1944498358,
    "operatingIncome": 42123000,
    "operatingIncomeRatio": 0.1703260711,
    "totalOtherIncomeExpensesNet": -1011000,
    "incomeBeforeTax": 41112000,
    "incomeBeforeTaxRatio": 0.1662380513,
    "incomeTaxExpense": 8253000,
    "netIncome": 35044000,
    "netIncomeRatio": 0.1417018455,
    "eps": 0.67,
    "epsdiluted": 0.67,
    "weightedAverageShsOut": 52108000,
    "weightedAverageShsOutDil": 52354000,
    "link": "https://www.sec.gov/Archives/edgar/data/877212/000119312512075320/0001193125-12-075320-index.htm",
    "finalLink": "https://www.sec.gov/Archives/edgar/data/877212/000119312512075320/d263726d10k.htm"
  },
  {
    "date": "2011-10-01",
    "symbol": "ZBRA",
    "reportedCurrency": "USD",
    "cik": "0000877212",
    "fillingDate": "2011-11-08",
    "acceptedDate": "2011-11-08 13:05:45",
    "calendarYear": "2011",
    "period": "Q3",
    "revenue": 253338000,
    "costOfRevenue": 129785000,
    "grossProfit": 123553000,
    "grossProfitRatio": 0.4877002266,
    "researchAndDevelopmentExpenses": 22584000,
    "generalAndAdministrativeExpenses": 19166000,
    "sellingAndMarketingExpenses": 31942000,
    "sellingGeneralAndAdministrativeExpenses": 51108000,
    "otherExpenses": 843000,
    "operatingExpenses": 74535000,
    "costAndExpenses": 204320000,
    "interestIncome": 134000,
    "interestExpense": 134000,
    "depreciationAndAmortization": 5834000,
    "ebitda": 55040000,
    "ebitdaratio": 0.2172591558,
    "operatingIncome": 48880000,
    "operatingIncomeRatio": 0.1929438142,
    "totalOtherIncomeExpensesNet": -898000,
    "incomeBeforeTax": 47982000,
    "incomeBeforeTaxRatio": 0.1893991426,
    "incomeTaxExpense": 13795000,
    "netIncome": 45001000,
    "netIncomeRatio": 0.1776322541,
    "eps": 0.84,
    "epsdiluted": 0.84,
    "weightedAverageShsOut": 53339000,
    "weightedAverageShsOutDil": 53628000,
    "link": "https://www.sec.gov/Archives/edgar/data/877212/000119312511301638/0001193125-11-301638-index.htm",
    "finalLink": "https://www.sec.gov/Archives/edgar/data/877212/000119312511301638/d234169d10q.htm"
  },
  {
    "date": "2011-07-02",
    "symbol": "ZBRA",
    "reportedCurrency": "USD",
    "cik": "0000877212",
    "fillingDate": "2011-08-05",
    "acceptedDate": "2011-08-05 16:32:21",
    "calendarYear": "2011",
    "period": "Q2",
    "revenue": 245541000,
    "costOfRevenue": 123843000,
    "grossProfit": 121698000,
    "grossProfitRatio": 0.495632094,
    "researchAndDevelopmentExpenses": 22487000,
    "generalAndAdministrativeExpenses": 20688000,
    "sellingAndMarketingExpenses": 30950000,
    "sellingGeneralAndAdministrativeExpenses": 51638000,
    "otherExpenses": 836000,
    "operatingExpenses": 74961000,
    "costAndExpenses": 198804000,
    "interestIncome": 656000,
    "interestExpense": 656000,
    "depreciationAndAmortization": 6219000,
    "ebitda": 52956000,
    "ebitdaratio": 0.2156707027,
    "operatingIncome": 46671000,
    "operatingIncomeRatio": 0.1900741628,
    "totalOtherIncomeExpensesNet": -420000,
    "incomeBeforeTax": 46251000,
    "incomeBeforeTaxRatio": 0.1883636541,
    "incomeTaxExpense": 13082000,
    "netIncome": 32964000,
    "netIncomeRatio": 0.1342504918,
    "eps": 0.6,
    "epsdiluted": 0.6,
    "weightedAverageShsOut": 54546000,
    "weightedAverageShsOutDil": 54958000,
    "link": "https://www.sec.gov/Archives/edgar/data/877212/000119312511212401/0001193125-11-212401-index.htm",
    "finalLink": "https://www.sec.gov/Archives/edgar/data/877212/000119312511212401/d10q.htm"
  },
  {
    "date": "2011-04-02",
    "symbol": "ZBRA",
    "reportedCurrency": "USD",
    "cik": "0000877212",
    "fillingDate": "2011-05-05",
    "acceptedDate": "2011-05-05 14:25:40",
    "calendarYear": "2011",
    "period": "Q1",
    "revenue": 237301000,
    "costOfRevenue": 117303000,
    "grossProfit": 119998000,
    "grossProfitRatio": 0.5056784421,
    "researchAndDevelopmentExpenses": 21681000,
    "generalAndAdministrativeExpenses": 22706000,
    "sellingAndMarketingExpenses": 28528000,
    "sellingGeneralAndAdministrativeExpenses": 51234000,
    "otherExpenses": 835000,
    "operatingExpenses": 73750000,
    "costAndExpenses": 191053000,
    "interestIncome": 560000,
    "interestExpense": 560000,
    "depreciationAndAmortization": 5932000,
    "ebitda": 52180000,
    "ebitdaratio": 0.2198895074,
    "operatingIncome": 44362000,
    "operatingIncomeRatio": 0.1869440078,
    "totalOtherIncomeExpensesNet": 12000,
    "incomeBeforeTax": 44374000,
    "incomeBeforeTaxRatio": 0.1869945765,
    "incomeTaxExpense": 14246000,
    "netIncome": 61634000,
    "netIncomeRatio": 0.2597292047,
    "eps": 1.11,
    "epsdiluted": 1.1,
    "weightedAverageShsOut": 55353000,
    "weightedAverageShsOutDil": 55774000,
    "link": "https://www.sec.gov/Archives/edgar/data/877212/000119312511128179/0001193125-11-128179-index.htm",
    "finalLink": "https://www.sec.gov/Archives/edgar/data/877212/000119312511128179/d10q.htm"
  },
  {
    "date": "2010-12-31",
    "symbol": "ZBRA",
    "reportedCurrency": "USD",
    "cik": "0000877212",
    "fillingDate": "2011-02-24",
    "acceptedDate": "2011-02-24 15:56:49",
    "calendarYear": "2010",
    "period": "Q4",
    "revenue": 248175000,
    "costOfRevenue": 124534000,
    "grossProfit": 123641000,
    "grossProfitRatio": 0.4982008663,
    "researchAndDevelopmentExpenses": 26741000,
    "generalAndAdministrativeExpenses": 18821000,
    "sellingAndMarketingExpenses": 34496000,
    "sellingGeneralAndAdministrativeExpenses": 53317000,
    "otherExpenses": 1344000,
    "operatingExpenses": 81402000,
    "costAndExpenses": 205936000,
    "interestIncome": 0,
    "interestExpense": 0,
    "depreciationAndAmortization": 7511000,
    "ebitda": 49750000,
    "ebitdaratio": 0.2004633827,
    "operatingIncome": 40434000,
    "operatingIncomeRatio": 0.1629253551,
    "totalOtherIncomeExpensesNet": -211000,
    "incomeBeforeTax": 40223000,
    "incomeBeforeTaxRatio": 0.1620751486,
    "incomeTaxExpense": 12006000,
    "netIncome": 28217000,
    "netIncomeRatio": 0.1136979954,
    "eps": 0.51,
    "epsdiluted": 0.51,
    "weightedAverageShsOut": 55353000,
    "weightedAverageShsOutDil": 55774000,
    "link": "https://www.sec.gov/Archives/edgar/data/877212/000119312511045274/0001193125-11-045274-index.htm",
    "finalLink": "https://www.sec.gov/Archives/edgar/data/877212/000119312511045274/d10k.htm"
  },
  {
    "date": "2010-10-02",
    "symbol": "ZBRA",
    "reportedCurrency": "USD",
    "cik": "0000877212",
    "fillingDate": "2010-11-05",
    "acceptedDate": "2010-11-05 12:28:48",
    "calendarYear": "2010",
    "period": "Q3",
    "revenue": 246507000,
    "costOfRevenue": 127793000,
    "grossProfit": 118714000,
    "grossProfitRatio": 0.4815847014,
    "researchAndDevelopmentExpenses": 26746000,
    "generalAndAdministrativeExpenses": 20302000,
    "sellingAndMarketingExpenses": 30365000,
    "sellingGeneralAndAdministrativeExpenses": 50667000,
    "otherExpenses": 2444000,
    "operatingExpenses": 79857000,
    "costAndExpenses": 207650000,
    "interestIncome": 635000,
    "interestExpense": 0,
    "depreciationAndAmortization": 2444000,
    "ebitda": 48008000,
    "ebitdaratio": 0.1947530902,
    "operatingIncome": 38857000,
    "operatingIncomeRatio": 0.1576304121,
    "totalOtherIncomeExpensesNet": 94000,
    "incomeBeforeTax": 38951000,
    "incomeBeforeTaxRatio": 0.15801174,
    "incomeTaxExpense": 12800000,
    "netIncome": 26151000,
    "netIncomeRatio": 0.1060862369,
    "eps": 0.46,
    "epsdiluted": 0.46,
    "weightedAverageShsOut": 56739000,
    "weightedAverageShsOutDil": 56998000,
    "link": "https://www.sec.gov/Archives/edgar/data/877212/000119312510249606/0001193125-10-249606-index.htm",
    "finalLink": "https://www.sec.gov/Archives/edgar/data/877212/000119312510249606/d10q.htm"
  },
  {
    "date": "2010-07-03",
    "symbol": "ZBRA",
    "reportedCurrency": "USD",
    "cik": "0000877212",
    "fillingDate": "2010-08-05",
    "acceptedDate": "2010-08-05 15:29:36",
    "calendarYear": "2010",
    "period": "Q2",
    "revenue": 235735000,
    "costOfRevenue": 124556000,
    "grossProfit": 111179000,
    "grossProfitRatio": 0.4716270388,
    "researchAndDevelopmentExpenses": 25371000,
    "generalAndAdministrativeExpenses": 19718000,
    "sellingAndMarketingExpenses": 30328000,
    "sellingGeneralAndAdministrativeExpenses": 50046000,
    "otherExpenses": 2345000,
    "operatingExpenses": 77762000,
    "costAndExpenses": 202318000,
    "interestIncome": 634000,
    "interestExpense": 0,
    "depreciationAndAmortization": 8207000,
    "ebitda": 40586000,
    "ebitdaratio": 0.1721679004,
    "operatingIncome": 32841000,
    "operatingIncomeRatio": 0.1393132119,
    "totalOtherIncomeExpensesNet": 508000,
    "incomeBeforeTax": 33349000,
    "incomeBeforeTaxRatio": 0.141468174,
    "incomeTaxExpense": 10672000,
    "netIncome": 22677000,
    "netIncomeRatio": 0.0961970009,
    "eps": 0.39,
    "epsdiluted": 0.39,
    "weightedAverageShsOut": 57489000,
    "weightedAverageShsOutDil": 57737000,
    "link": "https://www.sec.gov/Archives/edgar/data/877212/000119312510179210/0001193125-10-179210-index.htm",
    "finalLink": "https://www.sec.gov/Archives/edgar/data/877212/000119312510179210/d10q.htm"
  },
  {
    "date": "2010-04-03",
    "symbol": "ZBRA",
    "reportedCurrency": "USD",
    "cik": "0000877212",
    "fillingDate": "2010-05-06",
    "acceptedDate": "2010-05-06 14:15:44",
    "calendarYear": "2010",
    "period": "Q1",
    "revenue": 226431000,
    "costOfRevenue": 119096000,
    "grossProfit": 107335000,
    "grossProfitRatio": 0.4740296161,
    "researchAndDevelopmentExpenses": 23072000,
    "generalAndAdministrativeExpenses": 20869000,
    "sellingAndMarketingExpenses": 27500000,
    "sellingGeneralAndAdministrativeExpenses": 48369000,
    "otherExpenses": 2358000,
    "operatingExpenses": 73799000,
    "costAndExpenses": 192895000,
    "interestIncome": 842000,
    "interestExpense": 0,
    "depreciationAndAmortization": 7814000,
    "ebitda": 42521000,
    "ebitdaratio": 0.1877878912,
    "operatingIncome": 31720000,
    "operatingIncomeRatio": 0.1400868256,
    "totalOtherIncomeExpensesNet": 692000,
    "incomeBeforeTax": 32412000,
    "incomeBeforeTaxRatio": 0.1431429442,
    "incomeTaxExpense": 7679000,
    "netIncome": 24733000,
    "netIncomeRatio": 0.1092297433,
    "eps": 0.43,
    "epsdiluted": 0.42,
    "weightedAverageShsOut": 58016000,
    "weightedAverageShsOutDil": 58265000,
    "link": "https://www.sec.gov/Archives/edgar/data/877212/000119312510110577/0001193125-10-110577-index.htm",
    "finalLink": "https://www.sec.gov/Archives/edgar/data/877212/000119312510110577/d10q.htm"
  },
  {
    "date": "2009-12-31",
    "symbol": "ZBRA",
    "reportedCurrency": "USD",
    "cik": "0000877212",
    "fillingDate": "2010-02-23",
    "acceptedDate": "2010-02-23 15:09:14",
    "calendarYear": "2009",
    "period": "Q4",
    "revenue": 222522000,
    "costOfRevenue": 121044000,
    "grossProfit": 101478000,
    "grossProfitRatio": 0.4560358077,
    "researchAndDevelopmentExpenses": 21516000,
    "generalAndAdministrativeExpenses": 20373000,
    "sellingAndMarketingExpenses": 28006000,
    "sellingGeneralAndAdministrativeExpenses": 48379000,
    "otherExpenses": 2609000,
    "operatingExpenses": 72504000,
    "costAndExpenses": 193548000,
    "interestIncome": 0,
    "interestExpense": 0,
    "depreciationAndAmortization": 8504000,
    "ebitda": 37478000,
    "ebitdaratio": 0.1684237963,
    "operatingIncome": 27093000,
    "operatingIncomeRatio": 0.1217542535,
    "totalOtherIncomeExpensesNet": 90000,
    "incomeBeforeTax": 27183000,
    "incomeBeforeTaxRatio": 0.1221587079,
    "incomeTaxExpense": 9553000,
    "netIncome": 17630000,
    "netIncomeRatio": 0.0792281213,
    "eps": 0.3,
    "epsdiluted": 0.3,
    "weightedAverageShsOut": 58016000,
    "weightedAverageShsOutDil": 58265000,
    "link": "https://www.sec.gov/Archives/edgar/data/877212/000119312510037472/0001193125-10-037472-index.htm",
    "finalLink": "https://www.sec.gov/Archives/edgar/data/877212/000119312510037472/d10k.htm"
  },
  {
    "date": "2009-10-03",
    "symbol": "ZBRA",
    "reportedCurrency": "USD",
    "cik": "0000877212",
    "fillingDate": "2009-11-06",
    "acceptedDate": "2009-11-06 15:22:31",
    "calendarYear": "2009",
    "period": "Q3",
    "revenue": 200778000,
    "costOfRevenue": 109080000,
    "grossProfit": 91698000,
    "grossProfitRatio": 0.4567133849,
    "researchAndDevelopmentExpenses": 21155000,
    "generalAndAdministrativeExpenses": 23348000,
    "sellingAndMarketingExpenses": 25793000,
    "sellingGeneralAndAdministrativeExpenses": 49141000,
    "otherExpenses": 2649000,
    "operatingExpenses": 72945000,
    "costAndExpenses": 182025000,
    "interestIncome": 0,
    "interestExpense": 0,
    "depreciationAndAmortization": 8462000,
    "ebitda": 27215000,
    "ebitdaratio": 0.1355477194,
    "operatingIncome": 15150000,
    "operatingIncomeRatio": 0.0754564743,
    "totalOtherIncomeExpensesNet": 1190000,
    "incomeBeforeTax": 16340000,
    "incomeBeforeTaxRatio": 0.0813834185,
    "incomeTaxExpense": 5229000,
    "netIncome": 11111000,
    "netIncomeRatio": 0.0553397285,
    "eps": 0.19,
    "epsdiluted": 0.19,
    "weightedAverageShsOut": 58954000,
    "weightedAverageShsOutDil": 59083000,
    "link": "https://www.sec.gov/Archives/edgar/data/877212/000119312509227399/0001193125-09-227399-index.htm",
    "finalLink": "https://www.sec.gov/Archives/edgar/data/877212/000119312509227399/d10q.htm"
  },
  {
    "date": "2009-07-04",
    "symbol": "ZBRA",
    "reportedCurrency": "USD",
    "cik": "0000877212",
    "fillingDate": "2009-08-07",
    "acceptedDate": "2009-08-07 11:22:56",
    "calendarYear": "2009",
    "period": "Q2",
    "revenue": 187676000,
    "costOfRevenue": 105940000,
    "grossProfit": 81736000,
    "grossProfitRatio": 0.4355165285,
    "researchAndDevelopmentExpenses": 20614000,
    "generalAndAdministrativeExpenses": 19086000,
    "sellingAndMarketingExpenses": 23724000,
    "sellingGeneralAndAdministrativeExpenses": 42810000,
    "otherExpenses": 2575000,
    "operatingExpenses": 65999000,
    "costAndExpenses": 171939000,
    "interestIncome": 0,
    "interestExpense": 0,
    "depreciationAndAmortization": 2575000,
    "ebitda": 20800000,
    "ebitdaratio": 0.1108293016,
    "operatingIncome": 12385000,
    "operatingIncomeRatio": 0.0659913894,
    "totalOtherIncomeExpensesNet": 864000,
    "incomeBeforeTax": 13249000,
    "incomeBeforeTaxRatio": 0.0705950681,
    "incomeTaxExpense": 4238000,
    "netIncome": 9011000,
    "netIncomeRatio": 0.0480135979,
    "eps": 0.15,
    "epsdiluted": 0.15,
    "weightedAverageShsOut": 59271000,
    "weightedAverageShsOutDil": 59352000,
    "link": "https://www.sec.gov/Archives/edgar/data/877212/000119312509168520/0001193125-09-168520-index.htm",
    "finalLink": "https://www.sec.gov/Archives/edgar/data/877212/000119312509168520/d10q.htm"
  },
  {
    "date": "2009-04-04",
    "symbol": "ZBRA",
    "reportedCurrency": "USD",
    "cik": "0000877212",
    "fillingDate": "2009-05-08",
    "acceptedDate": "2009-05-08 12:44:20",
    "calendarYear": "2009",
    "period": "Q1",
    "revenue": 192609000,
    "costOfRevenue": 106800000,
    "grossProfit": 85809000,
    "grossProfitRatio": 0.4455087768,
    "researchAndDevelopmentExpenses": 21804000,
    "generalAndAdministrativeExpenses": 22225000,
    "sellingAndMarketingExpenses": 22676000,
    "sellingGeneralAndAdministrativeExpenses": 44901000,
    "otherExpenses": 2634000,
    "operatingExpenses": 69339000,
    "costAndExpenses": 176139000,
    "interestIncome": 0,
    "interestExpense": 0,
    "depreciationAndAmortization": 7953000,
    "ebitda": 24423000,
    "ebitdaratio": 0.1268009283,
    "operatingIncome": 14174000,
    "operatingIncomeRatio": 0.0735895,
    "totalOtherIncomeExpensesNet": -423000,
    "incomeBeforeTax": 13751000,
    "incomeBeforeTaxRatio": 0.0713933409,
    "incomeTaxExpense": 4399000,
    "netIncome": 9352000,
    "netIncomeRatio": 0.0485543251,
    "eps": 0.16,
    "epsdiluted": 0.16,
    "weightedAverageShsOut": 60266000,
    "weightedAverageShsOutDil": 60332000,
    "link": "https://www.sec.gov/Archives/edgar/data/877212/000119312509104966/0001193125-09-104966-index.htm",
    "finalLink": "https://www.sec.gov/Archives/edgar/data/877212/000119312509104966/d10q.htm"
  },
  {
    "date": "2008-12-31",
    "symbol": "ZBRA",
    "reportedCurrency": "USD",
    "cik": "0000877212",
    "fillingDate": "2009-02-27",
    "acceptedDate": "2009-02-27 13:05:55",
    "calendarYear": "2008",
    "period": "Q4",
    "revenue": 232568000,
    "costOfRevenue": 121679000,
    "grossProfit": 110889000,
    "grossProfitRatio": 0.4768024836,
    "researchAndDevelopmentExpenses": 20653000,
    "generalAndAdministrativeExpenses": 87885000,
    "sellingAndMarketingExpenses": 130764000,
    "sellingGeneralAndAdministrativeExpenses": 52523000,
    "otherExpenses": 9973000,
    "operatingExpenses": 83149000,
    "costAndExpenses": 204828000,
    "interestIncome": 0,
    "interestExpense": 0,
    "depreciationAndAmortization": 10163000,
    "ebitda": 37903000,
    "ebitdaratio": 0.1629759898,
    "operatingIncome": -132349000,
    "operatingIncomeRatio": -0.5690765712,
    "totalOtherIncomeExpensesNet": 3658000,
    "incomeBeforeTax": -128691000,
    "incomeBeforeTaxRatio": -0.5533478381,
    "incomeTaxExpense": -11330000,
    "netIncome": -117361000,
    "netIncomeRatio": -0.5046309036,
    "eps": -1.95,
    "epsdiluted": -1.95,
    "weightedAverageShsOut": 60266000,
    "weightedAverageShsOutDil": 60332000,
    "link": "https://www.sec.gov/Archives/edgar/data/877212/000119312509040579/0001193125-09-040579-index.htm",
    "finalLink": "https://www.sec.gov/Archives/edgar/data/877212/000119312509040579/d10k.htm"
  },
  {
    "date": "2008-09-27",
    "symbol": "ZBRA",
    "reportedCurrency": "USD",
    "cik": "0000877212",
    "fillingDate": "2008-10-31",
    "acceptedDate": "2008-10-31 16:59:38",
    "calendarYear": "2008",
    "period": "Q3",
    "revenue": 244073000,
    "costOfRevenue": 126287000,
    "grossProfit": 117786000,
    "grossProfitRatio": 0.4825851282,
    "researchAndDevelopmentExpenses": 21711000,
    "generalAndAdministrativeExpenses": 18534000,
    "sellingAndMarketingExpenses": 33148000,
    "sellingGeneralAndAdministrativeExpenses": 51682000,
    "otherExpenses": -591000,
    "operatingExpenses": 72802000,
    "costAndExpenses": 199089000,
    "interestIncome": 0,
    "interestExpense": 0,
    "depreciationAndAmortization": 9811000,
    "ebitda": 54795000,
    "ebitdaratio": 0.2245025054,
    "operatingIncome": 40680000,
    "operatingIncomeRatio": 0.1666714467,
    "totalOtherIncomeExpensesNet": -5078000,
    "incomeBeforeTax": 35602000,
    "incomeBeforeTaxRatio": 0.1458661958,
    "incomeTaxExpense": 9832000,
    "netIncome": 25770000,
    "netIncomeRatio": 0.1055831657,
    "eps": 0.4,
    "epsdiluted": 0.4,
    "weightedAverageShsOut": 64328000,
    "weightedAverageShsOutDil": 64653000,
    "link": "https://www.sec.gov/Archives/edgar/data/877212/000119312508221708/0001193125-08-221708-index.htm",
    "finalLink": "https://www.sec.gov/Archives/edgar/data/877212/000119312508221708/d10q.htm"
  },
  {
    "date": "2008-06-28",
    "symbol": "ZBRA",
    "reportedCurrency": "USD",
    "cik": "0000877212",
    "fillingDate": "2008-08-01",
    "acceptedDate": "2008-08-01 13:10:45",
    "calendarYear": "2008",
    "period": "Q2",
    "revenue": 253782000,
    "costOfRevenue": 126067000,
    "grossProfit": 127715000,
    "grossProfitRatio": 0.5032468812,
    "researchAndDevelopmentExpenses": 22849000,
    "generalAndAdministrativeExpenses": 24216000,
    "sellingAndMarketingExpenses": 34322000,
    "sellingGeneralAndAdministrativeExpenses": 58538000,
    "otherExpenses": 9359000,
    "operatingExpenses": 90746000,
    "costAndExpenses": 216813000,
    "interestIncome": 0,
    "interestExpense": 0,
    "depreciationAndAmortization": 9519000,
    "ebitda": 36969000,
    "ebitdaratio": 0.1456722699,
    "operatingIncome": 36969000,
    "operatingIncomeRatio": 0.1456722699,
    "totalOtherIncomeExpensesNet": 2002000,
    "incomeBeforeTax": 38971000,
    "incomeBeforeTaxRatio": 0.1535609302,
    "incomeTaxExpense": 13445000,
    "netIncome": 25526000,
    "netIncomeRatio": 0.1005823896,
    "eps": 0.39,
    "epsdiluted": 0.39,
    "weightedAverageShsOut": 65128000,
    "weightedAverageShsOutDil": 65502000,
    "link": "https://www.sec.gov/Archives/edgar/data/877212/000119312508163607/0001193125-08-163607-index.htm",
    "finalLink": "https://www.sec.gov/Archives/edgar/data/877212/000119312508163607/d10q.htm"
  },
  {
    "date": "2008-03-29",
    "symbol": "ZBRA",
    "reportedCurrency": "USD",
    "cik": "0000877212",
    "fillingDate": "2008-04-30",
    "acceptedDate": "2008-04-30 17:06:55",
    "calendarYear": "2008",
    "period": "Q1",
    "revenue": 246277000,
    "costOfRevenue": 123480000,
    "grossProfit": 122797000,
    "grossProfitRatio": 0.49861335,
    "researchAndDevelopmentExpenses": 19789000,
    "generalAndAdministrativeExpenses": 25045000,
    "sellingAndMarketingExpenses": 30861000,
    "sellingGeneralAndAdministrativeExpenses": 55906000,
    "otherExpenses": 7748000,
    "operatingExpenses": 83443000,
    "costAndExpenses": 206923000,
    "interestIncome": 0,
    "interestExpense": 0,
    "depreciationAndAmortization": 9088000,
    "ebitda": 39354000,
    "ebitdaratio": 0.1597956772,
    "operatingIncome": 39354000,
    "operatingIncomeRatio": 0.1597956772,
    "totalOtherIncomeExpensesNet": 2851000,
    "incomeBeforeTax": 42205000,
    "incomeBeforeTaxRatio": 0.1713720729,
    "incomeTaxExpense": 14561000,
    "netIncome": 27644000,
    "netIncomeRatio": 0.1122475911,
    "eps": 0.42,
    "epsdiluted": 0.42,
    "weightedAverageShsOut": 66134000,
    "weightedAverageShsOutDil": 66518000,
    "link": "https://www.sec.gov/Archives/edgar/data/877212/000119312508097377/0001193125-08-097377-index.htm",
    "finalLink": "https://www.sec.gov/Archives/edgar/data/877212/000119312508097377/d10q.htm"
  },
  {
    "date": "2007-12-31",
    "symbol": "ZBRA",
    "reportedCurrency": "USD",
    "cik": "0000877212",
    "fillingDate": "2008-02-29",
    "acceptedDate": "2008-02-29 13:47:46",
    "calendarYear": "2007",
    "period": "Q4",
    "revenue": 233573000,
    "costOfRevenue": 120275000,
    "grossProfit": 113298000,
    "grossProfitRatio": 0.4850646265,
    "researchAndDevelopmentExpenses": 15642000,
    "generalAndAdministrativeExpenses": 81356000,
    "sellingAndMarketingExpenses": 121996000,
    "sellingGeneralAndAdministrativeExpenses": 57537000,
    "otherExpenses": 3257000,
    "operatingExpenses": 76436000,
    "costAndExpenses": 196711000,
    "interestIncome": 0,
    "interestExpense": 0,
    "depreciationAndAmortization": 7718000,
    "ebitda": 44580000,
    "ebitdaratio": 0.1908611012,
    "operatingIncome": 36862000,
    "operatingIncomeRatio": 0.1578178985,
    "totalOtherIncomeExpensesNet": 9330000,
    "incomeBeforeTax": 46191000,
    "incomeBeforeTaxRatio": 0.1977583025,
    "incomeTaxExpense": 15388000,
    "netIncome": 30803000,
    "netIncomeRatio": 0.1318774002,
    "eps": 0.47,
    "epsdiluted": 0.46,
    "weightedAverageShsOut": 66134000,
    "weightedAverageShsOutDil": 66518000,
    "link": "https://www.sec.gov/Archives/edgar/data/877212/000119312508043327/0001193125-08-043327-index.htm",
    "finalLink": "https://www.sec.gov/Archives/edgar/data/877212/000119312508043327/d10k.htm"
  },
  {
    "date": "2007-09-29",
    "symbol": "ZBRA",
    "reportedCurrency": "USD",
    "cik": "0000877212",
    "fillingDate": "2007-11-02",
    "acceptedDate": "2007-11-02 13:09:36",
    "calendarYear": "2007",
    "period": "Q3",
    "revenue": 217218000,
    "costOfRevenue": 112590000,
    "grossProfit": 104628000,
    "grossProfitRatio": 0.4816727895,
    "researchAndDevelopmentExpenses": 13904000,
    "generalAndAdministrativeExpenses": 21694000,
    "sellingAndMarketingExpenses": 29080000,
    "sellingGeneralAndAdministrativeExpenses": 50774000,
    "otherExpenses": 2928000,
    "operatingExpenses": 67606000,
    "costAndExpenses": 180196000,
    "interestIncome": 0,
    "interestExpense": 0,
    "depreciationAndAmortization": 6941000,
    "ebitda": 37022000,
    "ebitdaratio": 0.1704370724,
    "operatingIncome": 37022000,
    "operatingIncomeRatio": 0.1704370724,
    "totalOtherIncomeExpensesNet": 4140000,
    "incomeBeforeTax": 41162000,
    "incomeBeforeTaxRatio": 0.1894962664,
    "incomeTaxExpense": 14201000,
    "netIncome": 26961000,
    "netIncomeRatio": 0.1241195481,
    "eps": 0.39,
    "epsdiluted": 0.39,
    "weightedAverageShsOut": 68580000,
    "weightedAverageShsOutDil": 69005000,
    "link": "https://www.sec.gov/Archives/edgar/data/877212/000119312507233559/0001193125-07-233559-index.htm",
    "finalLink": "https://www.sec.gov/Archives/edgar/data/877212/000119312507233559/d10q.htm"
  },
  {
    "date": "2007-06-30",
    "symbol": "ZBRA",
    "reportedCurrency": "USD",
    "cik": "0000877212",
    "fillingDate": "2007-08-03",
    "acceptedDate": "2007-08-03 11:35:25",
    "calendarYear": "2007",
    "period": "Q2",
    "revenue": 208912000,
    "costOfRevenue": 109510000,
    "grossProfit": 99402000,
    "grossProfitRatio": 0.4758079957,
    "researchAndDevelopmentExpenses": 13869000,
    "generalAndAdministrativeExpenses": 19875000,
    "sellingAndMarketingExpenses": 29069000,
    "sellingGeneralAndAdministrativeExpenses": 48944000,
    "otherExpenses": 2620000,
    "operatingExpenses": 65433000,
    "costAndExpenses": 174943000,
    "interestIncome": 0,
    "interestExpense": 0,
    "depreciationAndAmortization": 6390000,
    "ebitda": 33969000,
    "ebitdaratio": 0.1625995635,
    "operatingIncome": 33969000,
    "operatingIncomeRatio": 0.1625995635,
    "totalOtherIncomeExpensesNet": 5166000,
    "incomeBeforeTax": 39135000,
    "incomeBeforeTaxRatio": 0.1873276786,
    "incomeTaxExpense": 13502000,
    "netIncome": 25633000,
    "netIncomeRatio": 0.1226975952,
    "eps": 0.37,
    "epsdiluted": 0.37,
    "weightedAverageShsOut": 69098000,
    "weightedAverageShsOutDil": 69559000,
    "link": "https://www.sec.gov/Archives/edgar/data/877212/000119312507170322/0001193125-07-170322-index.htm",
    "finalLink": "https://www.sec.gov/Archives/edgar/data/877212/000119312507170322/d10q.htm"
  },
  {
    "date": "2007-03-31",
    "symbol": "ZBRA",
    "reportedCurrency": "USD",
    "cik": "0000877212",
    "fillingDate": "2007-05-04",
    "acceptedDate": "2007-05-04 11:54:55",
    "calendarYear": "2007",
    "period": "Q1",
    "revenue": 208576000,
    "costOfRevenue": 108786000,
    "grossProfit": 99790000,
    "grossProfitRatio": 0.4784347192,
    "researchAndDevelopmentExpenses": 14185000,
    "generalAndAdministrativeExpenses": 17932000,
    "sellingAndMarketingExpenses": 28164000,
    "sellingGeneralAndAdministrativeExpenses": 46096000,
    "otherExpenses": 2323000,
    "operatingExpenses": 62604000,
    "costAndExpenses": 171390000,
    "interestIncome": 0,
    "interestExpense": 0,
    "depreciationAndAmortization": 5853000,
    "ebitda": 43039000,
    "ebitdaratio": 0.2063468472,
    "operatingIncome": 35333000,
    "operatingIncomeRatio": 0.1694010816,
    "totalOtherIncomeExpensesNet": 5555000,
    "incomeBeforeTax": 40888000,
    "incomeBeforeTaxRatio": 0.1960340595,
    "incomeTaxExpense": 14172000,
    "netIncome": 26716000,
    "netIncomeRatio": 0.1280876036,
    "eps": 0.39,
    "epsdiluted": 0.39,
    "weightedAverageShsOut": 68908000,
    "weightedAverageShsOutDil": 69367000,
    "link": "https://www.sec.gov/Archives/edgar/data/877212/000119312507102400/0001193125-07-102400-index.htm",
    "finalLink": "https://www.sec.gov/Archives/edgar/data/877212/000119312507102400/d10q.htm"
  },
  {
    "date": "2006-12-31",
    "symbol": "ZBRA",
    "reportedCurrency": "USD",
    "cik": "0000877212",
    "fillingDate": "2007-03-01",
    "acceptedDate": "2007-03-01 17:08:46",
    "calendarYear": "2006",
    "period": "Q4",
    "revenue": 209903000,
    "costOfRevenue": 111493000,
    "grossProfit": 98410000,
    "grossProfitRatio": 0.468835605,
    "researchAndDevelopmentExpenses": 12768000,
    "generalAndAdministrativeExpenses": 62656000,
    "sellingAndMarketingExpenses": 96788000,
    "sellingGeneralAndAdministrativeExpenses": 45986000,
    "otherExpenses": 13937000,
    "operatingExpenses": 72691000,
    "costAndExpenses": 184184000,
    "interestIncome": 0,
    "interestExpense": 0,
    "depreciationAndAmortization": 4749000,
    "ebitda": 30468000,
    "ebitdaratio": 0.145152761,
    "operatingIncome": 25719000,
    "operatingIncomeRatio": 0.1225280248,
    "totalOtherIncomeExpensesNet": 5972000,
    "incomeBeforeTax": 31691000,
    "incomeBeforeTaxRatio": 0.1509792618,
    "incomeTaxExpense": 10245000,
    "netIncome": 21446000,
    "netIncomeRatio": 0.1021710028,
    "eps": 0.31,
    "epsdiluted": 0.31,
    "weightedAverageShsOut": 68908000,
    "weightedAverageShsOutDil": 69367000,
    "link": "https://www.sec.gov/Archives/edgar/data/877212/000110465907015616/0001104659-07-015616-index.htm",
    "finalLink": "https://www.sec.gov/Archives/edgar/data/877212/000110465907015616/a07-5489_110k.htm"
  },
  {
    "date": "2006-09-30",
    "symbol": "ZBRA",
    "reportedCurrency": "USD",
    "cik": "0000877212",
    "fillingDate": "2006-11-08",
    "acceptedDate": "2006-11-08 16:10:22",
    "calendarYear": "2006",
    "period": "Q3",
    "revenue": 186386000,
    "costOfRevenue": 98600000,
    "grossProfit": 87786000,
    "grossProfitRatio": 0.4709903104,
    "researchAndDevelopmentExpenses": 11774000,
    "generalAndAdministrativeExpenses": 0,
    "sellingAndMarketingExpenses": 0,
    "sellingGeneralAndAdministrativeExpenses": 38109000,
    "otherExpenses": 54181000,
    "operatingExpenses": 104064000,
    "costAndExpenses": 202664000,
    "interestIncome": 0,
    "interestExpense": 0,
    "depreciationAndAmortization": 4038000,
    "ebitda": -12240000,
    "ebitdaratio": -0.0656701684,
    "operatingIncome": -16278000,
    "operatingIncomeRatio": -0.0873348857,
    "totalOtherIncomeExpensesNet": 6173000,
    "incomeBeforeTax": -10105000,
    "incomeBeforeTaxRatio": -0.0542154454,
    "incomeTaxExpense": -5842000,
    "netIncome": -4263000,
    "netIncomeRatio": -0.0228718895,
    "eps": -0.0602,
    "epsdiluted": -0.0602,
    "weightedAverageShsOut": 70802000,
    "weightedAverageShsOutDil": 70802000,
    "link": "https://www.sec.gov/Archives/edgar/data/877212/000119312506228339/0001193125-06-228339-index.htm",
    "finalLink": "https://www.sec.gov/Archives/edgar/data/877212/000119312506228339/d10q.htm"
  },
  {
    "date": "2006-07-01",
    "symbol": "ZBRA",
    "reportedCurrency": "USD",
    "cik": "0000877212",
    "fillingDate": "2006-08-07",
    "acceptedDate": "2006-08-07 10:30:18",
    "calendarYear": "2006",
    "period": "Q2",
    "revenue": 187421000,
    "costOfRevenue": 97895000,
    "grossProfit": 89526000,
    "grossProfitRatio": 0.4776732597,
    "researchAndDevelopmentExpenses": 12382000,
    "generalAndAdministrativeExpenses": 15081000,
    "sellingAndMarketingExpenses": 23510000,
    "sellingGeneralAndAdministrativeExpenses": 38591000,
    "otherExpenses": 723000,
    "operatingExpenses": 51696000,
    "costAndExpenses": 149591000,
    "interestIncome": 0,
    "interestExpense": 0,
    "depreciationAndAmortization": 3631000,
    "ebitda": 37830000,
    "ebitdaratio": 0.201845044,
    "operatingIncome": 37830000,
    "operatingIncomeRatio": 0.201845044,
    "totalOtherIncomeExpensesNet": 4417000,
    "incomeBeforeTax": 42247000,
    "incomeBeforeTaxRatio": 0.2254123071,
    "incomeTaxExpense": 14575000,
    "netIncome": 27672000,
    "netIncomeRatio": 0.1476462083,
    "eps": 0.39,
    "epsdiluted": 0.39,
    "weightedAverageShsOut": 70781000,
    "weightedAverageShsOutDil": 71229000,
    "link": "https://www.sec.gov/Archives/edgar/data/877212/000119312506163261/0001193125-06-163261-index.htm",
    "finalLink": "https://www.sec.gov/Archives/edgar/data/877212/000119312506163261/d10q.htm"
  },
  {
    "date": "2006-04-01",
    "symbol": "ZBRA",
    "reportedCurrency": "USD",
    "cik": "0000877212",
    "fillingDate": "2006-05-10",
    "acceptedDate": "2006-05-10 11:16:25",
    "calendarYear": "2006",
    "period": "Q1",
    "revenue": 175814000,
    "costOfRevenue": 93116000,
    "grossProfit": 82698000,
    "grossProfitRatio": 0.4703720978,
    "researchAndDevelopmentExpenses": 12035000,
    "generalAndAdministrativeExpenses": 14649000,
    "sellingAndMarketingExpenses": 22109000,
    "sellingGeneralAndAdministrativeExpenses": 36758000,
    "otherExpenses": 747000,
    "operatingExpenses": 49540000,
    "costAndExpenses": 142656000,
    "interestIncome": 0,
    "interestExpense": 0,
    "depreciationAndAmortization": 3669000,
    "ebitda": 33158000,
    "ebitdaratio": 0.1885970401,
    "operatingIncome": 33158000,
    "operatingIncomeRatio": 0.1885970401,
    "totalOtherIncomeExpensesNet": 4651000,
    "incomeBeforeTax": 37809000,
    "incomeBeforeTaxRatio": 0.2150511336,
    "incomeTaxExpense": 13037000,
    "netIncome": 26091000,
    "netIncomeRatio": 0.1484011512,
    "eps": 0.37,
    "epsdiluted": 0.37,
    "weightedAverageShsOut": 70566000,
    "weightedAverageShsOutDil": 71119000,
    "link": "https://www.sec.gov/Archives/edgar/data/877212/000119312506106937/0001193125-06-106937-index.htm",
    "finalLink": "https://www.sec.gov/Archives/edgar/data/877212/000119312506106937/d10q.htm"
  },
  {
    "date": "2005-12-31",
    "symbol": "ZBRA",
    "reportedCurrency": "USD",
    "cik": "0000877212",
    "fillingDate": "2006-02-28",
    "acceptedDate": "2006-02-28 15:19:34",
    "calendarYear": "2005",
    "period": "Q4",
    "revenue": 179294000,
    "costOfRevenue": 89503000,
    "grossProfit": 89791000,
    "grossProfitRatio": 0.5008031501,
    "researchAndDevelopmentExpenses": 11778000,
    "generalAndAdministrativeExpenses": 13665000,
    "sellingAndMarketingExpenses": 25286000,
    "sellingGeneralAndAdministrativeExpenses": 38950000,
    "otherExpenses": 869000,
    "operatingExpenses": 51597000,
    "costAndExpenses": 141100000,
    "interestIncome": 0,
    "interestExpense": 0,
    "depreciationAndAmortization": 3545000,
    "ebitda": 41739000,
    "ebitdaratio": 0.2327964126,
    "operatingIncome": 38194000,
    "operatingIncomeRatio": 0.213024418,
    "totalOtherIncomeExpensesNet": 3819000,
    "incomeBeforeTax": 42013000,
    "incomeBeforeTaxRatio": 0.2343246288,
    "incomeTaxExpense": 13719000,
    "netIncome": 28294000,
    "netIncomeRatio": 0.1578078463,
    "eps": 0.4,
    "epsdiluted": 0.4,
    "weightedAverageShsOut": 70566000,
    "weightedAverageShsOutDil": 71119000,
    "link": "https://www.sec.gov/Archives/edgar/data/877212/000110465906012591/0001104659-06-012591-index.htm",
    "finalLink": "https://www.sec.gov/Archives/edgar/data/877212/000110465906012591/a06-1914_110k.htm"
  },
  {
    "date": "2005-10-01",
    "symbol": "ZBRA",
    "reportedCurrency": "USD",
    "cik": "0000877212",
    "fillingDate": "2005-11-04",
    "acceptedDate": "2005-11-04 14:23:56",
    "calendarYear": "2005",
    "period": "Q3",
    "revenue": 175636000,
    "costOfRevenue": 87959000,
    "grossProfit": 87677000,
    "grossProfitRatio": 0.4991972033,
    "researchAndDevelopmentExpenses": 11501000,
    "generalAndAdministrativeExpenses": 14489000,
    "sellingAndMarketingExpenses": 20800000,
    "sellingGeneralAndAdministrativeExpenses": 35289000,
    "otherExpenses": 792000,
    "operatingExpenses": 47582000,
    "costAndExpenses": 135541000,
    "interestIncome": 0,
    "interestExpense": 0,
    "depreciationAndAmortization": 3160000,
    "ebitda": 41161000,
    "ebitdaratio": 0.2343540049,
    "operatingIncome": 40095000,
    "operatingIncomeRatio": 0.2282846341,
    "totalOtherIncomeExpensesNet": 3798000,
    "incomeBeforeTax": 43893000,
    "incomeBeforeTaxRatio": 0.2499089025,
    "incomeTaxExpense": 14453000,
    "netIncome": 28075000,
    "netIncomeRatio": 0.1598476394,
    "eps": 0.39,
    "epsdiluted": 0.39,
    "weightedAverageShsOut": 71263000,
    "weightedAverageShsOutDil": 71817000,
    "link": "https://www.sec.gov/Archives/edgar/data/877212/000110465905052643/0001104659-05-052643-index.htm",
    "finalLink": "https://www.sec.gov/Archives/edgar/data/877212/000110465905052643/a05-18052_110q.htm"
  },
  {
    "date": "2005-07-02",
    "symbol": "ZBRA",
    "reportedCurrency": "USD",
    "cik": "0000877212",
    "fillingDate": "2005-08-04",
    "acceptedDate": "2005-08-04 11:46:44",
    "calendarYear": "2005",
    "period": "Q2",
    "revenue": 176614000,
    "costOfRevenue": 87266000,
    "grossProfit": 89348000,
    "grossProfitRatio": 0.50589421,
    "researchAndDevelopmentExpenses": 12054000,
    "generalAndAdministrativeExpenses": 16810000,
    "sellingAndMarketingExpenses": 22554000,
    "sellingGeneralAndAdministrativeExpenses": 39364000,
    "otherExpenses": 528000,
    "operatingExpenses": 51946000,
    "costAndExpenses": 139212000,
    "interestIncome": 0,
    "interestExpense": 0,
    "depreciationAndAmortization": 3306000,
    "ebitda": 38689000,
    "ebitdaratio": 0.2190596442,
    "operatingIncome": 37402000,
    "operatingIncomeRatio": 0.2117725662,
    "totalOtherIncomeExpensesNet": 3614000,
    "incomeBeforeTax": 41016000,
    "incomeBeforeTaxRatio": 0.2322352701,
    "incomeTaxExpense": 14253000,
    "netIncome": 25446000,
    "netIncomeRatio": 0.1440769135,
    "eps": 0.35,
    "epsdiluted": 0.35,
    "weightedAverageShsOut": 72013000,
    "weightedAverageShsOutDil": 72679000,
    "link": "https://www.sec.gov/Archives/edgar/data/877212/000110465905036314/0001104659-05-036314-index.htm",
    "finalLink": "https://www.sec.gov/Archives/edgar/data/877212/000110465905036314/a05-12691_110q.htm"
  },
  {
    "date": "2005-04-02",
    "symbol": "ZBRA",
    "reportedCurrency": "USD",
    "cik": "0000877212",
    "fillingDate": "2005-05-06",
    "acceptedDate": "2005-05-06 11:03:57",
    "calendarYear": "2005",
    "period": "Q1",
    "revenue": 170727000,
    "costOfRevenue": 83362000,
    "grossProfit": 87365000,
    "grossProfitRatio": 0.5117233947,
    "researchAndDevelopmentExpenses": 10668000,
    "generalAndAdministrativeExpenses": 14946000,
    "sellingAndMarketingExpenses": 21067000,
    "sellingGeneralAndAdministrativeExpenses": 37530000,
    "otherExpenses": 647000,
    "operatingExpenses": 48845000,
    "costAndExpenses": 132207000,
    "interestIncome": 0,
    "interestExpense": 0,
    "depreciationAndAmortization": 3093000,
    "ebitda": 38587000,
    "ebitdaratio": 0.226015803,
    "operatingIncome": 38520000,
    "operatingIncomeRatio": 0.2256233636,
    "totalOtherIncomeExpensesNet": 3023000,
    "incomeBeforeTax": 41543000,
    "incomeBeforeTaxRatio": 0.2433299947,
    "incomeTaxExpense": 14436000,
    "netIncome": 25819000,
    "netIncomeRatio": 0.151229741,
    "eps": 0.36,
    "epsdiluted": 0.36,
    "weightedAverageShsOut": 71873000,
    "weightedAverageShsOutDil": 76490000,
    "link": "https://www.sec.gov/Archives/edgar/data/877212/000110465905021066/0001104659-05-021066-index.htm",
    "finalLink": "https://www.sec.gov/Archives/edgar/data/877212/000110465905021066/a05-8034_110q.htm"
  },
  {
    "date": "2004-12-31",
    "symbol": "ZBRA",
    "reportedCurrency": "USD",
    "cik": "0000877212",
    "fillingDate": "2005-03-03",
    "acceptedDate": "2005-03-03 15:21:17",
    "calendarYear": "2004",
    "period": "Q4",
    "revenue": 174874000,
    "costOfRevenue": 83979000,
    "grossProfit": 90895000,
    "grossProfitRatio": 0.5197742375,
    "researchAndDevelopmentExpenses": 9368000,
    "generalAndAdministrativeExpenses": 11959000,
    "sellingAndMarketingExpenses": 22615000,
    "sellingGeneralAndAdministrativeExpenses": 34573000,
    "otherExpenses": 727000,
    "operatingExpenses": 44668000,
    "costAndExpenses": 128647000,
    "interestIncome": 0,
    "interestExpense": 0,
    "depreciationAndAmortization": 3225000,
    "ebitda": 49452000,
    "ebitdaratio": 0.2827864634,
    "operatingIncome": 46159000,
    "operatingIncomeRatio": 0.2639557624,
    "totalOtherIncomeExpensesNet": 2477000,
    "incomeBeforeTax": 48637000,
    "incomeBeforeTaxRatio": 0.278125965,
    "incomeTaxExpense": 16676000,
    "netIncome": 31961000,
    "netIncomeRatio": 0.1827658771,
    "eps": 0.44,
    "epsdiluted": 0.44,
    "weightedAverageShsOut": 71873000,
    "weightedAverageShsOutDil": 72717000,
    "link": "https://www.sec.gov/Archives/edgar/data/877212/000110465905009342/0001104659-05-009342-index.htm",
    "finalLink": "https://www.sec.gov/Archives/edgar/data/877212/000110465905009342/a05-1760_110k.htm"
  },
  {
    "date": "2004-10-02",
    "symbol": "ZBRA",
    "reportedCurrency": "USD",
    "cik": "0000877212",
    "fillingDate": "2004-11-05",
    "acceptedDate": "2004-11-05 14:40:24",
    "calendarYear": "2004",
    "period": "Q3",
    "revenue": 171176000,
    "costOfRevenue": 84030000,
    "grossProfit": 87146000,
    "grossProfitRatio": 0.5091017432,
    "researchAndDevelopmentExpenses": 9596000,
    "generalAndAdministrativeExpenses": 11865000,
    "sellingAndMarketingExpenses": 19217000,
    "sellingGeneralAndAdministrativeExpenses": 31082000,
    "otherExpenses": 1372000,
    "operatingExpenses": 42050000,
    "costAndExpenses": 126080000,
    "interestIncome": 0,
    "interestExpense": 0,
    "depreciationAndAmortization": 2950000,
    "ebitda": 48004000,
    "ebitdaratio": 0.2804365098,
    "operatingIncome": 45096000,
    "operatingIncomeRatio": 0.2634481469,
    "totalOtherIncomeExpensesNet": 2864000,
    "incomeBeforeTax": 47960000,
    "incomeBeforeTaxRatio": 0.2801794644,
    "incomeTaxExpense": 16641000,
    "netIncome": 31319000,
    "netIncomeRatio": 0.1829637332,
    "eps": 0.44,
    "epsdiluted": 0.43,
    "weightedAverageShsOut": 71696000,
    "weightedAverageShsOutDil": 72673000,
    "link": "https://www.sec.gov/Archives/edgar/data/877212/000110465904033880/0001104659-04-033880-index.htm",
    "finalLink": "https://www.sec.gov/Archives/edgar/data/877212/000110465904033880/a04-12805_110q.htm"
  },
  {
    "date": "2004-07-03",
    "symbol": "ZBRA",
    "reportedCurrency": "USD",
    "cik": "0000877212",
    "fillingDate": "2004-08-06",
    "acceptedDate": "2004-08-06 12:29:24",
    "calendarYear": "2004",
    "period": "Q2",
    "revenue": 162830000,
    "costOfRevenue": 78315000,
    "grossProfit": 84515000,
    "grossProfitRatio": 0.5190382608,
    "researchAndDevelopmentExpenses": 9233000,
    "generalAndAdministrativeExpenses": 12527000,
    "sellingAndMarketingExpenses": 18023000,
    "sellingGeneralAndAdministrativeExpenses": 30550000,
    "otherExpenses": 1502000,
    "operatingExpenses": 41285000,
    "costAndExpenses": 119600000,
    "interestIncome": 0,
    "interestExpense": 0,
    "depreciationAndAmortization": 3030000,
    "ebitda": 46260000,
    "ebitdaratio": 0.2840999816,
    "operatingIncome": 43217000,
    "operatingIncomeRatio": 0.2654117792,
    "totalOtherIncomeExpensesNet": 1939000,
    "incomeBeforeTax": 45156000,
    "incomeBeforeTaxRatio": 0.2773199042,
    "incomeTaxExpense": 15728000,
    "netIncome": 29428000,
    "netIncomeRatio": 0.180728367,
    "eps": 0.42,
    "epsdiluted": 0.41,
    "weightedAverageShsOut": 70703875,
    "weightedAverageShsOutDil": 71509625,
    "link": "https://www.sec.gov/Archives/edgar/data/877212/000110465904022903/0001104659-04-022903-index.htm",
    "finalLink": "https://www.sec.gov/Archives/edgar/data/877212/000110465904022903/a04-9031_110q.htm"
  },
  {
    "date": "2004-04-03",
    "symbol": "ZBRA",
    "reportedCurrency": "USD",
    "cik": "0000877212",
    "fillingDate": "2004-05-07",
    "acceptedDate": "2004-05-07 10:28:18",
    "calendarYear": "2004",
    "period": "Q1",
    "revenue": 154174000,
    "costOfRevenue": 73571000,
    "grossProfit": 80603000,
    "grossProfitRatio": 0.5228054017,
    "researchAndDevelopmentExpenses": 8896000,
    "generalAndAdministrativeExpenses": 12746000,
    "sellingAndMarketingExpenses": 17207000,
    "sellingGeneralAndAdministrativeExpenses": 29953000,
    "otherExpenses": 1012000,
    "operatingExpenses": 39861000,
    "costAndExpenses": 113432000,
    "interestIncome": 0,
    "interestExpense": 0,
    "depreciationAndAmortization": 3050000,
    "ebitda": 43792000,
    "ebitdaratio": 0.284042705,
    "operatingIncome": 40697000,
    "operatingIncomeRatio": 0.2639679842,
    "totalOtherIncomeExpensesNet": 2098000,
    "incomeBeforeTax": 42795000,
    "incomeBeforeTaxRatio": 0.2775759856,
    "incomeTaxExpense": 14861000,
    "netIncome": 27934000,
    "netIncomeRatio": 0.181184895,
    "eps": 0.4,
    "epsdiluted": 0.39,
    "weightedAverageShsOut": 70703875,
    "weightedAverageShsOutDil": 71509625,
    "link": "https://www.sec.gov/Archives/edgar/data/877212/000110465904013098/0001104659-04-013098-index.htm",
    "finalLink": "https://www.sec.gov/Archives/edgar/data/877212/000110465904013098/a04-5565_110q.htm"
  },
  {
    "date": "2003-12-31",
    "symbol": "ZBRA",
    "reportedCurrency": "USD",
    "cik": "0000877212",
    "fillingDate": "2004-02-27",
    "acceptedDate": "2004-02-27 14:17:11",
    "calendarYear": "2003",
    "period": "Q4",
    "revenue": 147200000,
    "costOfRevenue": 72803000,
    "grossProfit": 74397000,
    "grossProfitRatio": 0.5054144022,
    "researchAndDevelopmentExpenses": 8722000,
    "generalAndAdministrativeExpenses": 41892000,
    "sellingAndMarketingExpenses": 66635000,
    "sellingGeneralAndAdministrativeExpenses": 30962000,
    "otherExpenses": 1759000,
    "operatingExpenses": 41443000,
    "costAndExpenses": 114246000,
    "interestIncome": 0,
    "interestExpense": 0,
    "depreciationAndAmortization": 2961000,
    "ebitda": 35915000,
    "ebitdaratio": 0.2439877717,
    "operatingIncome": 32253000,
    "operatingIncomeRatio": 0.2191100543,
    "totalOtherIncomeExpensesNet": 3213000,
    "incomeBeforeTax": 35466000,
    "incomeBeforeTaxRatio": 0.2409375,
    "incomeTaxExpense": 11071000,
    "netIncome": 24395000,
    "netIncomeRatio": 0.1657269022,
    "eps": 0.35,
    "epsdiluted": 0.34,
    "weightedAverageShsOut": 70703875,
    "weightedAverageShsOutDil": 71509625,
    "link": "https://www.sec.gov/Archives/edgar/data/877212/000110465904005927/0001104659-04-005927-index.htm",
    "finalLink": "https://www.sec.gov/Archives/edgar/data/877212/000110465904005927/a04-2920_110k.htm"
  },
  {
    "date": "2003-09-27",
    "symbol": "ZBRA",
    "reportedCurrency": "USD",
    "cik": "0000877212",
    "fillingDate": "2003-10-30",
    "acceptedDate": "2003-10-30 11:27:02",
    "calendarYear": "2003",
    "period": "Q3",
    "revenue": 134649000,
    "costOfRevenue": 66876000,
    "grossProfit": 67773000,
    "grossProfitRatio": 0.5033308825,
    "researchAndDevelopmentExpenses": 7898000,
    "generalAndAdministrativeExpenses": 9937000,
    "sellingAndMarketingExpenses": 15871000,
    "sellingGeneralAndAdministrativeExpenses": 25808000,
    "otherExpenses": 371000,
    "operatingExpenses": 34077000,
    "costAndExpenses": 100953000,
    "interestIncome": 0,
    "interestExpense": 0,
    "depreciationAndAmortization": 2836000,
    "ebitda": 33696000,
    "ebitdaratio": 0.2502506517,
    "operatingIncome": 33696000,
    "operatingIncomeRatio": 0.2502506517,
    "totalOtherIncomeExpensesNet": -1327000,
    "incomeBeforeTax": 32369000,
    "incomeBeforeTaxRatio": 0.2403953984,
    "incomeTaxExpense": 9370000,
    "netIncome": 22999000,
    "netIncomeRatio": 0.1708070613,
    "eps": 0.33,
    "epsdiluted": 0.32,
    "weightedAverageShsOut": 70703875,
    "weightedAverageShsOutDil": 71509625,
    "link": "https://www.sec.gov/Archives/edgar/data/877212/000110465903024181/0001104659-03-024181-index.htm",
    "finalLink": "https://www.sec.gov/Archives/edgar/data/877212/000110465903024181/a03-4588_110q.htm"
  },
  {
    "date": "2003-06-28",
    "symbol": "ZBRA",
    "reportedCurrency": "USD",
    "cik": "0000877212",
    "fillingDate": "2003-08-01",
    "acceptedDate": "2003-08-01 11:38:22",
    "calendarYear": "2003",
    "period": "Q2",
    "revenue": 129863000,
    "costOfRevenue": 63305000,
    "grossProfit": 66558000,
    "grossProfitRatio": 0.5125247376,
    "researchAndDevelopmentExpenses": 7560000,
    "generalAndAdministrativeExpenses": 10248000,
    "sellingAndMarketingExpenses": 16754000,
    "sellingGeneralAndAdministrativeExpenses": 27002000,
    "otherExpenses": 371000,
    "operatingExpenses": 34933000,
    "costAndExpenses": 98238000,
    "interestIncome": 0,
    "interestExpense": 0,
    "depreciationAndAmortization": 2874000,
    "ebitda": 31625000,
    "ebitdaratio": 0.2435258696,
    "operatingIncome": 31625000,
    "operatingIncomeRatio": 0.2435258696,
    "totalOtherIncomeExpensesNet": 2624000,
    "incomeBeforeTax": 34249000,
    "incomeBeforeTaxRatio": 0.2637317789,
    "incomeTaxExpense": 11987000,
    "netIncome": 22262000,
    "netIncomeRatio": 0.1714268113,
    "eps": 0.21,
    "epsdiluted": 0.31,
    "weightedAverageShsOut": 70703875,
    "weightedAverageShsOutDil": 71509625,
    "link": "https://www.sec.gov/Archives/edgar/data/877212/000110465903016403/0001104659-03-016403-index.htm",
    "finalLink": "https://www.sec.gov/Archives/edgar/data/877212/000110465903016403/a03-1749_110q.htm"
  },
  {
    "date": "2003-03-29",
    "symbol": "ZBRA",
    "reportedCurrency": "USD",
    "cik": "0000877212",
    "fillingDate": "2003-05-02",
    "acceptedDate": "2003-05-02 10:58:52",
    "calendarYear": "2003",
    "period": "Q1",
    "revenue": 124685000,
    "costOfRevenue": 60336000,
    "grossProfit": 64349000,
    "grossProfitRatio": 0.5160925532,
    "researchAndDevelopmentExpenses": 7579000,
    "generalAndAdministrativeExpenses": 10251000,
    "sellingAndMarketingExpenses": 14504000,
    "sellingGeneralAndAdministrativeExpenses": 24755000,
    "otherExpenses": 371000,
    "operatingExpenses": 32705000,
    "costAndExpenses": 93041000,
    "interestIncome": 0,
    "interestExpense": 0,
    "depreciationAndAmortization": 2909000,
    "ebitda": 31644000,
    "ebitdaratio": 0.2537915547,
    "operatingIncome": 31644000,
    "operatingIncomeRatio": 0.2537915547,
    "totalOtherIncomeExpensesNet": 2264000,
    "incomeBeforeTax": 33908000,
    "incomeBeforeTaxRatio": 0.2719493123,
    "incomeTaxExpense": 11868000,
    "netIncome": 22040000,
    "netIncomeRatio": 0.1767654489,
    "eps": 0.31,
    "epsdiluted": 0.31,
    "weightedAverageShsOut": 70703875,
    "weightedAverageShsOutDil": 71509625,
    "link": "https://www.sec.gov/Archives/edgar/data/877212/000110465903007944/0001104659-03-007944-index.htm",
    "finalLink": "https://www.sec.gov/Archives/edgar/data/877212/000110465903007944/j0168_10q.htm"
  },
  {
    "date": "2002-12-31",
    "symbol": "ZBRA",
    "reportedCurrency": "USD",
    "cik": "0000877212",
    "fillingDate": "2003-03-04",
    "acceptedDate": "2003-03-04 14:14:20",
    "calendarYear": "2002",
    "period": "Q4",
    "revenue": 126325000,
    "costOfRevenue": 63761000,
    "grossProfit": 62564000,
    "grossProfitRatio": 0.4952622205,
    "researchAndDevelopmentExpenses": 6674000,
    "generalAndAdministrativeExpenses": 38689000,
    "sellingAndMarketingExpenses": 56176000,
    "sellingGeneralAndAdministrativeExpenses": 27087000,
    "otherExpenses": 386000,
    "operatingExpenses": 34147000,
    "costAndExpenses": 97908000,
    "interestIncome": 0,
    "interestExpense": 0,
    "depreciationAndAmortization": 4044000,
    "ebitda": 32461000,
    "ebitdaratio": 0.2569641797,
    "operatingIncome": 28417000,
    "operatingIncomeRatio": 0.224951514,
    "totalOtherIncomeExpensesNet": 2854000,
    "incomeBeforeTax": 31271000,
    "incomeBeforeTaxRatio": 0.2475440332,
    "incomeTaxExpense": 10945000,
    "netIncome": 20326000,
    "netIncomeRatio": 0.1609024342,
    "eps": 0.29,
    "epsdiluted": 0.28,
    "weightedAverageShsOut": 70703875,
    "weightedAverageShsOutDil": 71509625,
    "link": "https://www.sec.gov/Archives/edgar/data/877212/000104746903007605/0001047469-03-007605-index.htm",
    "finalLink": "https://www.sec.gov/Archives/edgar/data/877212/000104746903007605/a2104889z10-k.htm"
  },
  {
    "date": "2002-09-28",
    "symbol": "ZBRA",
    "reportedCurrency": "USD",
    "cik": "0000877212",
    "fillingDate": "2002-11-12",
    "acceptedDate": "2002-11-12 12:23:29",
    "calendarYear": "2002",
    "period": "Q3",
    "revenue": 123151000,
    "costOfRevenue": 62729000,
    "grossProfit": 60422000,
    "grossProfitRatio": 0.49063345,
    "researchAndDevelopmentExpenses": 7609000,
    "generalAndAdministrativeExpenses": 9213000,
    "sellingAndMarketingExpenses": 14343000,
    "sellingGeneralAndAdministrativeExpenses": 23556000,
    "otherExpenses": 373000,
    "operatingExpenses": 31538000,
    "costAndExpenses": 94267000,
    "interestIncome": 0,
    "interestExpense": 0,
    "depreciationAndAmortization": 2898000,
    "ebitda": 28884000,
    "ebitdaratio": 0.2345413354,
    "operatingIncome": 28884000,
    "operatingIncomeRatio": 0.2345413354,
    "totalOtherIncomeExpensesNet": 1680000,
    "incomeBeforeTax": 30564000,
    "incomeBeforeTaxRatio": 0.2481831248,
    "incomeTaxExpense": 10697000,
    "netIncome": 19867000,
    "netIncomeRatio": 0.1613222792,
    "eps": 0.28,
    "epsdiluted": 0.28,
    "weightedAverageShsOut": 69786000,
    "weightedAverageShsOutDil": 70339500,
    "link": "https://www.sec.gov/Archives/edgar/data/877212/000110465902005592/0001104659-02-005592-index.htm",
    "finalLink": "https://www.sec.gov/Archives/edgar/data/877212/000110465902005592/j5307_10q.htm"
  },
  {
    "date": "2002-06-29",
    "symbol": "ZBRA",
    "reportedCurrency": "USD",
    "cik": "0000877212",
    "fillingDate": "2002-08-12",
    "acceptedDate": "2002-08-12 13:32:37",
    "calendarYear": "2002",
    "period": "Q2",
    "revenue": 115951000,
    "costOfRevenue": 60202000,
    "grossProfit": 55749000,
    "grossProfitRatio": 0.4807979233,
    "researchAndDevelopmentExpenses": 7472000,
    "generalAndAdministrativeExpenses": 9413000,
    "sellingAndMarketingExpenses": 13531000,
    "sellingGeneralAndAdministrativeExpenses": 22944000,
    "otherExpenses": 367000,
    "operatingExpenses": 30783000,
    "costAndExpenses": 90985000,
    "interestIncome": 0,
    "interestExpense": 0,
    "depreciationAndAmortization": 3943000,
    "ebitda": 24966000,
    "ebitdaratio": 0.21531509,
    "operatingIncome": 24966000,
    "operatingIncomeRatio": 0.21531509,
    "totalOtherIncomeExpensesNet": 743000,
    "incomeBeforeTax": 25709000,
    "incomeBeforeTaxRatio": 0.2217229692,
    "incomeTaxExpense": 9249000,
    "netIncome": 16460000,
    "netIncomeRatio": 0.1419565161,
    "eps": 0.24,
    "epsdiluted": 0.24,
    "weightedAverageShsOut": 69597000,
    "weightedAverageShsOutDil": 70265250,
    "link": "https://www.sec.gov/Archives/edgar/data/877212/000110465902003507/0001104659-02-003507-index.htm",
    "finalLink": "https://www.sec.gov/Archives/edgar/data/877212/000110465902003507/j4591_10q.htm"
  },
  {
    "date": "2002-03-31",
    "symbol": "ZBRA",
    "reportedCurrency": "USD",
    "cik": "0000877212",
    "fillingDate": "2002-05-02",
    "acceptedDate": "2002-05-02 09:01:39",
    "calendarYear": "2002",
    "period": "Q1",
    "revenue": 110185000,
    "costOfRevenue": 58173000,
    "grossProfit": 52012000,
    "grossProfitRatio": 0.472042474,
    "researchAndDevelopmentExpenses": 7455000,
    "generalAndAdministrativeExpenses": 9329000,
    "sellingAndMarketingExpenses": 11950000,
    "sellingGeneralAndAdministrativeExpenses": 21279000,
    "otherExpenses": 3667000,
    "operatingExpenses": 32401000,
    "costAndExpenses": 90574000,
    "interestIncome": 0,
    "interestExpense": 0,
    "depreciationAndAmortization": 2734000,
    "ebitda": 22345000,
    "ebitdaratio": 0.2027952988,
    "operatingIncome": 19538000,
    "operatingIncomeRatio": 0.1773199619,
    "totalOtherIncomeExpensesNet": 3799000,
    "incomeBeforeTax": 23337000,
    "incomeBeforeTaxRatio": 0.2117983392,
    "incomeTaxExpense": 8397000,
    "netIncome": 14940000,
    "netIncomeRatio": 0.1355901438,
    "eps": 0.22,
    "epsdiluted": 0.21,
    "weightedAverageShsOut": 69274125,
    "weightedAverageShsOutDil": 69873750,
    "link": "https://www.sec.gov/Archives/edgar/data/877212/000110465902001625/0001104659-02-001625-index.htm",
    "finalLink": "https://www.sec.gov/Archives/edgar/data/877212/000110465902001625/j3577_10q.htm"
  },
  {
    "date": "2001-12-31",
    "symbol": "ZBRA",
    "reportedCurrency": "USD",
    "cik": "0000877212",
    "fillingDate": "2002-03-26",
    "acceptedDate": "2002-03-26 00:00:00",
    "calendarYear": "2001",
    "period": "Q4",
    "revenue": 111611000,
    "costOfRevenue": 60111000,
    "grossProfit": 51500000,
    "grossProfitRatio": 0.4614240532,
    "researchAndDevelopmentExpenses": 7124000,
    "generalAndAdministrativeExpenses": 32491000,
    "sellingAndMarketingExpenses": 49688000,
    "sellingGeneralAndAdministrativeExpenses": 20089000,
    "otherExpenses": 1326000,
    "operatingExpenses": 28539000,
    "costAndExpenses": 88650000,
    "interestIncome": 0,
    "interestExpense": 0,
    "depreciationAndAmortization": 3872000,
    "ebitda": 26833000,
    "ebitdaratio": 0.2404153712,
    "operatingIncome": 22792000,
    "operatingIncomeRatio": 0.2042092625,
    "totalOtherIncomeExpensesNet": 1031000,
    "incomeBeforeTax": 23823000,
    "incomeBeforeTaxRatio": 0.2134467033,
    "incomeTaxExpense": 8576000,
    "netIncome": 15247000,
    "netIncomeRatio": 0.1366083988,
    "eps": 0.22,
    "epsdiluted": 0.22,
    "weightedAverageShsOut": 69274125,
    "weightedAverageShsOutDil": 69873750,
    "link": "https://www.sec.gov/Archives/edgar/data/877212/000091205702011604/0000912057-02-011604-index.htm",
    "finalLink": "https://www.sec.gov/Archives/edgar/data/877212/000091205702011604/a2074627z10-k405.htm"
  },
  {
    "date": "2001-09-29",
    "symbol": "ZBRA",
    "reportedCurrency": "USD",
    "cik": "0000877212",
    "fillingDate": "2001-11-13",
    "acceptedDate": "2001-11-13 00:00:00",
    "calendarYear": "2001",
    "period": "Q3",
    "revenue": 110318000,
    "costOfRevenue": 58281000,
    "grossProfit": 52037000,
    "grossProfitRatio": 0.4716999946,
    "researchAndDevelopmentExpenses": 6849000,
    "generalAndAdministrativeExpenses": 7478000,
    "sellingAndMarketingExpenses": 12359000,
    "sellingGeneralAndAdministrativeExpenses": 19837000,
    "otherExpenses": 1326000,
    "operatingExpenses": 28012000,
    "costAndExpenses": 86293000,
    "interestIncome": 0,
    "interestExpense": 0,
    "depreciationAndAmortization": 3470000,
    "ebitda": 27495000,
    "ebitdaratio": 0.2492340325,
    "operatingIncome": 23720000,
    "operatingIncomeRatio": 0.2150147755,
    "totalOtherIncomeExpensesNet": -468000,
    "incomeBeforeTax": 23252000,
    "incomeBeforeTaxRatio": 0.2107724941,
    "incomeTaxExpense": 8370000,
    "netIncome": 14882000,
    "netIncomeRatio": 0.1349009228,
    "eps": 0.22,
    "epsdiluted": 0.21,
    "weightedAverageShsOut": 68976000,
    "weightedAverageShsOutDil": 69482250,
    "link": "https://www.sec.gov/Archives/edgar/data/877212/000110465901502806/0001104659-01-502806-index.htm",
    "finalLink": "https://www.sec.gov/Archives/edgar/data/877212/000110465901502806/j2043_10q.htm"
  },
  {
    "date": "2001-06-30",
    "symbol": "ZBRA",
    "reportedCurrency": "USD",
    "cik": "0000877212",
    "fillingDate": "2001-08-13",
    "acceptedDate": "2001-08-13 00:00:00",
    "calendarYear": "2001",
    "period": "Q2",
    "revenue": 112935000,
    "costOfRevenue": 60601000,
    "grossProfit": 52334000,
    "grossProfitRatio": 0.4633993005,
    "researchAndDevelopmentExpenses": 7615000,
    "generalAndAdministrativeExpenses": 8479000,
    "sellingAndMarketingExpenses": 13146000,
    "sellingGeneralAndAdministrativeExpenses": 21625000,
    "otherExpenses": 1297000,
    "operatingExpenses": 30537000,
    "costAndExpenses": 91138000,
    "interestIncome": 0,
    "interestExpense": 0,
    "depreciationAndAmortization": 3296000,
    "ebitda": 25093000,
    "ebitdaratio": 0.2221897552,
    "operatingIncome": 21265000,
    "operatingIncomeRatio": 0.1882941515,
    "totalOtherIncomeExpensesNet": 1346000,
    "incomeBeforeTax": 22611000,
    "incomeBeforeTaxRatio": 0.2002125116,
    "incomeTaxExpense": 8140000,
    "netIncome": 14471000,
    "netIncomeRatio": 0.1281356533,
    "eps": 0.21,
    "epsdiluted": 0.21,
    "weightedAverageShsOut": 68847750,
    "weightedAverageShsOutDil": 69369750,
    "link": "https://www.sec.gov/Archives/edgar/data/877212/000110465901501654/0001104659-01-501654-index.htm",
    "finalLink": "https://www.sec.gov/Archives/edgar/data/877212/000110465901501654/j1081_10q.htm"
  },
  {
    "date": "2001-03-31",
    "symbol": "ZBRA",
    "reportedCurrency": "USD",
    "cik": "0000877212",
    "fillingDate": "2001-05-11",
    "acceptedDate": "2001-05-11 00:00:00",
    "calendarYear": "2001",
    "period": "Q1",
    "revenue": 115144000,
    "costOfRevenue": 61122000,
    "grossProfit": 54022000,
    "grossProfitRatio": 0.4691690405,
    "researchAndDevelopmentExpenses": 6596000,
    "generalAndAdministrativeExpenses": 0,
    "sellingAndMarketingExpenses": 0,
    "sellingGeneralAndAdministrativeExpenses": 20628000,
    "otherExpenses": 1283000,
    "operatingExpenses": 28507000,
    "costAndExpenses": 89629000,
    "interestIncome": 0,
    "interestExpense": 0,
    "depreciationAndAmortization": 3844000,
    "ebitda": 28409000,
    "ebitdaratio": 0.2467258389,
    "operatingIncome": 24683000,
    "operatingIncomeRatio": 0.2143663586,
    "totalOtherIncomeExpensesNet": 1771000,
    "incomeBeforeTax": 26454000,
    "incomeBeforeTaxRatio": 0.2297470993,
    "incomeTaxExpense": 9524000,
    "netIncome": 16930000,
    "netIncomeRatio": 0.1470332801,
    "eps": 0.24,
    "epsdiluted": 0.24,
    "weightedAverageShsOut": 68717250,
    "weightedAverageShsOutDil": 69277500,
    "link": "https://www.sec.gov/Archives/edgar/data/877212/000091205701514647/0000912057-01-514647-index.htm",
    "finalLink": "https://www.sec.gov/Archives/edgar/data/877212/000091205701514647/a2048904z10-q.txt"
  },
  {
    "date": "2000-12-31",
    "symbol": "ZBRA",
    "reportedCurrency": "USD",
    "cik": "0000877212",
    "fillingDate": "2001-03-20",
    "acceptedDate": "2001-03-20 00:00:00",
    "calendarYear": "2000",
    "period": "Q4",
    "revenue": 126365000,
    "costOfRevenue": 66179000,
    "grossProfit": 60186000,
    "grossProfitRatio": 0.4762869465,
    "researchAndDevelopmentExpenses": 7019000,
    "generalAndAdministrativeExpenses": 0,
    "sellingAndMarketingExpenses": 0,
    "sellingGeneralAndAdministrativeExpenses": 22853000,
    "otherExpenses": 4930000,
    "operatingExpenses": 34802000,
    "costAndExpenses": 100981000,
    "interestIncome": 0,
    "interestExpense": 0,
    "depreciationAndAmortization": 4930000,
    "ebitda": 30314000,
    "ebitdaratio": 0.2398923753,
    "operatingIncome": 25384000,
    "operatingIncomeRatio": 0.2008784078,
    "totalOtherIncomeExpensesNet": 1421000,
    "incomeBeforeTax": 26805000,
    "incomeBeforeTaxRatio": 0.2121236102,
    "incomeTaxExpense": 9651000,
    "netIncome": 17154000,
    "netIncomeRatio": 0.1357496142,
    "eps": 0.25,
    "epsdiluted": 0.25,
    "weightedAverageShsOut": 68717250,
    "weightedAverageShsOutDil": 69277500,
    "link": "https://www.sec.gov/Archives/edgar/data/877212/000091205701007823/0000912057-01-007823-index.htm",
    "finalLink": "https://www.sec.gov/Archives/edgar/data/877212/000091205701007823/a2042180z10-k.txt"
  },
  {
    "date": "2000-09-30",
    "symbol": "ZBRA",
    "reportedCurrency": "USD",
    "cik": "0000877212",
    "fillingDate": "2000-11-13",
    "acceptedDate": "2000-11-13 00:00:00",
    "calendarYear": "2000",
    "period": "Q3",
    "revenue": 128230000,
    "costOfRevenue": 59503000,
    "grossProfit": 68727000,
    "grossProfitRatio": 0.5359666225,
    "researchAndDevelopmentExpenses": 6609000,
    "generalAndAdministrativeExpenses": 7892000,
    "sellingAndMarketingExpenses": 11837000,
    "sellingGeneralAndAdministrativeExpenses": 19729000,
    "otherExpenses": 5883000,
    "operatingExpenses": 32221000,
    "costAndExpenses": 91724000,
    "interestIncome": 0,
    "interestExpense": 0,
    "depreciationAndAmortization": 5883000,
    "ebitda": 42389000,
    "ebitdaratio": 0.3305700694,
    "operatingIncome": 36506000,
    "operatingIncomeRatio": 0.2846915698,
    "totalOtherIncomeExpensesNet": -1210000,
    "incomeBeforeTax": 35296000,
    "incomeBeforeTaxRatio": 0.2752554005,
    "incomeTaxExpense": 12706000,
    "netIncome": 22590000,
    "netIncomeRatio": 0.1761678234,
    "eps": 0.33,
    "epsdiluted": 0.32,
    "weightedAverageShsOut": 68607000,
    "weightedAverageShsOutDil": 69405750,
    "link": "https://www.sec.gov/Archives/edgar/data/877212/000091205700049079/0000912057-00-049079-index.htm",
    "finalLink": "https://www.sec.gov/Archives/edgar/data/877212/000091205700049079/a2030660z10-q.htm"
  },
  {
    "date": "2000-07-01",
    "symbol": "ZBRA",
    "reportedCurrency": "USD",
    "cik": "0000877212",
    "fillingDate": "2000-08-10",
    "acceptedDate": "2000-08-10 00:00:00",
    "calendarYear": "2000",
    "period": "Q2",
    "revenue": 128355000,
    "costOfRevenue": 63392000,
    "grossProfit": 64963000,
    "grossProfitRatio": 0.506119746,
    "researchAndDevelopmentExpenses": 7370000,
    "generalAndAdministrativeExpenses": 0,
    "sellingAndMarketingExpenses": 0,
    "sellingGeneralAndAdministrativeExpenses": 20970000,
    "otherExpenses": 3995000,
    "operatingExpenses": 32335000,
    "costAndExpenses": 95727000,
    "interestIncome": 0,
    "interestExpense": 0,
    "depreciationAndAmortization": 3995000,
    "ebitda": 30670000,
    "ebitdaratio": 0.2389466713,
    "operatingIncome": 32628000,
    "operatingIncomeRatio": 0.2542012388,
    "totalOtherIncomeExpensesNet": -6612000,
    "incomeBeforeTax": 26016000,
    "incomeBeforeTaxRatio": 0.2026878579,
    "incomeTaxExpense": 9366000,
    "netIncome": 16650000,
    "netIncomeRatio": 0.1297183592,
    "eps": 0.24,
    "epsdiluted": 0.24,
    "weightedAverageShsOut": 69375375,
    "weightedAverageShsOutDil": 70164000,
    "link": "https://www.sec.gov/Archives/edgar/data/877212/000091205700035886/0000912057-00-035886-index.htm",
    "finalLink": "https://www.sec.gov/Archives/edgar/data/877212/000091205700035886/a10-q.txt"
  },
  {
    "date": "2000-04-01",
    "symbol": "ZBRA",
    "reportedCurrency": "USD",
    "cik": "0000877212",
    "fillingDate": "2000-05-12",
    "acceptedDate": "2000-05-12 00:00:00",
    "calendarYear": "2000",
    "period": "Q1",
    "revenue": 98619000,
    "costOfRevenue": 46712000,
    "grossProfit": 51907000,
    "grossProfitRatio": 0.526338738,
    "researchAndDevelopmentExpenses": 5748000,
    "generalAndAdministrativeExpenses": 0,
    "sellingAndMarketingExpenses": 0,
    "sellingGeneralAndAdministrativeExpenses": 18347000,
    "otherExpenses": 2527000,
    "operatingExpenses": 26622000,
    "costAndExpenses": 73334000,
    "interestIncome": 0,
    "interestExpense": 0,
    "depreciationAndAmortization": 2527000,
    "ebitda": 27812000,
    "ebitdaratio": 0.2820146219,
    "operatingIncome": 25285000,
    "operatingIncomeRatio": 0.2563907563,
    "totalOtherIncomeExpensesNet": -1424000,
    "incomeBeforeTax": 23794000,
    "incomeBeforeTaxRatio": 0.2412719658,
    "incomeTaxExpense": 8566000,
    "netIncome": 15228000,
    "netIncomeRatio": 0.1544124357,
    "eps": 0.22,
    "epsdiluted": 0.22,
    "weightedAverageShsOut": 69375375,
    "weightedAverageShsOutDil": 70164000,
    "link": "https://www.sec.gov/Archives/edgar/data/877212/000091205700023958/0000912057-00-023958-index.html",
    "finalLink": "https://www.sec.gov/Archives/edgar/data/877212/000091205700023958/"
  },
  {
    "date": "1999-12-31",
    "symbol": "ZBRA",
    "reportedCurrency": "USD",
    "cik": "0000877212",
    "fillingDate": "2000-03-09",
    "acceptedDate": "2000-03-09 00:00:00",
    "calendarYear": "1999",
    "period": "Q4",
    "revenue": 107400000,
    "costOfRevenue": 49800000,
    "grossProfit": 57600000,
    "grossProfitRatio": 0.5363128492,
    "researchAndDevelopmentExpenses": 5800000,
    "generalAndAdministrativeExpenses": 0,
    "sellingAndMarketingExpenses": 0,
    "sellingGeneralAndAdministrativeExpenses": 18400000,
    "otherExpenses": 1700000,
    "operatingExpenses": 25900000,
    "costAndExpenses": 75700000,
    "interestIncome": 0,
    "interestExpense": 0,
    "depreciationAndAmortization": 1700000,
    "ebitda": 33400000,
    "ebitdaratio": 0.3109869646,
    "operatingIncome": 31700000,
    "operatingIncomeRatio": 0.2951582868,
    "totalOtherIncomeExpensesNet": -1000000,
    "incomeBeforeTax": 30700000,
    "incomeBeforeTaxRatio": 0.2858472998,
    "incomeTaxExpense": 10800000,
    "netIncome": 19900000,
    "netIncomeRatio": 0.1852886406,
    "eps": 0.29,
    "epsdiluted": 0.28,
    "weightedAverageShsOut": 69375375,
    "weightedAverageShsOutDil": 70164000,
    "link": "https://www.sec.gov/Archives/edgar/data/877212/000091205700010648/0000912057-00-010648-index.html",
    "finalLink": "https://www.sec.gov/Archives/edgar/data/877212/000091205700010648/"
  },
  {
    "date": "1999-10-02",
    "symbol": "ZBRA",
    "reportedCurrency": "USD",
    "cik": "0000877212",
    "fillingDate": "1999-11-15",
    "acceptedDate": "1999-11-15 00:00:00",
    "calendarYear": "1999",
    "period": "Q3",
    "revenue": 104000000,
    "costOfRevenue": 45700000,
    "grossProfit": 58300000,
    "grossProfitRatio": 0.5605769231,
    "researchAndDevelopmentExpenses": 5200000,
    "generalAndAdministrativeExpenses": 0,
    "sellingAndMarketingExpenses": 0,
    "sellingGeneralAndAdministrativeExpenses": 17600000,
    "otherExpenses": 2400000,
    "operatingExpenses": 25200000,
    "costAndExpenses": 70900000,
    "interestIncome": 0,
    "interestExpense": 0,
    "depreciationAndAmortization": 2400000,
    "ebitda": 35508000,
    "ebitdaratio": 0.3414230769,
    "operatingIncome": 33100000,
    "operatingIncomeRatio": 0.3182692308,
    "totalOtherIncomeExpensesNet": -2100000,
    "incomeBeforeTax": 31000000,
    "incomeBeforeTaxRatio": 0.2980769231,
    "incomeTaxExpense": 11100000,
    "netIncome": 19900000,
    "netIncomeRatio": 0.1913461538,
    "eps": 0.13,
    "epsdiluted": 0.12,
    "weightedAverageShsOut": 70388343,
    "weightedAverageShsOutDil": 70388343,
    "link": "https://www.sec.gov/Archives/edgar/data/877212/000091205799005654/0000912057-99-005654-index.html",
    "finalLink": "https://www.sec.gov/Archives/edgar/data/877212/000091205799005654/"
  },
  {
    "date": "1999-07-03",
    "symbol": "ZBRA",
    "reportedCurrency": "USD",
    "cik": "0000877212",
    "fillingDate": "1999-08-12",
    "acceptedDate": "1999-08-12 00:00:00",
    "calendarYear": "1999",
    "period": "Q2",
    "revenue": 97300000,
    "costOfRevenue": 45900000,
    "grossProfit": 51400000,
    "grossProfitRatio": 0.5282631038,
    "researchAndDevelopmentExpenses": 5400000,
    "generalAndAdministrativeExpenses": 0,
    "sellingAndMarketingExpenses": 0,
    "sellingGeneralAndAdministrativeExpenses": 18000000,
    "otherExpenses": 3200000,
    "operatingExpenses": 26600000,
    "costAndExpenses": 72500000,
    "interestIncome": 0,
    "interestExpense": 0,
    "depreciationAndAmortization": 3200000,
    "ebitda": 28520000,
    "ebitdaratio": 0.2931140802,
    "operatingIncome": 24800000,
    "operatingIncomeRatio": 0.2548818088,
    "totalOtherIncomeExpensesNet": 1900000,
    "incomeBeforeTax": 26700000,
    "incomeBeforeTaxRatio": 0.2744090442,
    "incomeTaxExpense": 9600000,
    "netIncome": 17122000,
    "netIncomeRatio": 0.175971223,
    "eps": 0.24,
    "epsdiluted": 0.24,
    "weightedAverageShsOut": 70008473,
    "weightedAverageShsOutDil": 70008473,
    "link": "https://www.sec.gov/Archives/edgar/data/877212/000104746999031468/0001047469-99-031468-index.html",
    "finalLink": "https://www.sec.gov/Archives/edgar/data/877212/000104746999031468/"
  },
  {
    "date": "1999-04-03",
    "symbol": "ZBRA",
    "reportedCurrency": "USD",
    "cik": "0000877212",
    "fillingDate": "1999-05-17",
    "acceptedDate": "1999-05-17 00:00:00",
    "calendarYear": "1999",
    "period": "Q1",
    "revenue": 89800000,
    "costOfRevenue": 45600000,
    "grossProfit": 44200000,
    "grossProfitRatio": 0.4922048998,
    "researchAndDevelopmentExpenses": 5600000,
    "generalAndAdministrativeExpenses": 0,
    "sellingAndMarketingExpenses": 0,
    "sellingGeneralAndAdministrativeExpenses": 17100000,
    "otherExpenses": 1700000,
    "operatingExpenses": 24400000,
    "costAndExpenses": 70000000,
    "interestIncome": 0,
    "interestExpense": 0,
    "depreciationAndAmortization": 1700000,
    "ebitda": 21500000,
    "ebitdaratio": 0.2394209354,
    "operatingIncome": 19800000,
    "operatingIncomeRatio": 0.2204899777,
    "totalOtherIncomeExpensesNet": 500000,
    "incomeBeforeTax": 20300000,
    "incomeBeforeTaxRatio": 0.2260579065,
    "incomeTaxExpense": 7600000,
    "netIncome": 12700000,
    "netIncomeRatio": 0.1414253898,
    "eps": 0.0811,
    "epsdiluted": 0.0811,
    "weightedAverageShsOut": 69628603,
    "weightedAverageShsOutDil": 69628603,
    "link": "https://www.sec.gov/Archives/edgar/data/877212/000104746999021092/0001047469-99-021092-index.html",
    "finalLink": "https://www.sec.gov/Archives/edgar/data/877212/"
  },
  {
    "date": "1998-12-31",
    "symbol": "ZBRA",
    "reportedCurrency": "USD",
    "cik": "0000877212",
    "fillingDate": "1999-03-31",
    "acceptedDate": "1999-03-31 00:00:00",
    "calendarYear": "1998",
    "period": "Q4",
    "revenue": 173100000,
    "costOfRevenue": 98200000,
    "grossProfit": 74900000,
    "grossProfitRatio": 0.4326978625,
    "researchAndDevelopmentExpenses": 11600000,
    "generalAndAdministrativeExpenses": 0,
    "sellingAndMarketingExpenses": 0,
    "sellingGeneralAndAdministrativeExpenses": 35000000,
    "otherExpenses": 4700000,
    "operatingExpenses": 51300000,
    "costAndExpenses": 149500000,
    "interestIncome": 0,
    "interestExpense": 0,
    "depreciationAndAmortization": 4700000,
    "ebitda": 28300000,
    "ebitdaratio": 0.1634893125,
    "operatingIncome": 23600000,
    "operatingIncomeRatio": 0.1363373772,
    "totalOtherIncomeExpensesNet": -10000000,
    "incomeBeforeTax": 13600000,
    "incomeBeforeTaxRatio": 0.0785673021,
    "incomeTaxExpense": 6500000,
    "netIncome": 7100000,
    "netIncomeRatio": 0.0410167533,
    "eps": 0.1,
    "epsdiluted": 0.1,
    "weightedAverageShsOut": 69628603,
    "weightedAverageShsOutDil": 69628603,
    "link": "https://www.sec.gov/Archives/edgar/data/877212/000104746999012926/0001047469-99-012926-index.html",
    "finalLink": "https://www.sec.gov/Archives/edgar/data/877212/"
  },
  {
    "date": "1998-10-03",
    "symbol": "ZBRA",
    "reportedCurrency": "USD",
    "cik": "0000877212",
    "fillingDate": "1998-11-19",
    "acceptedDate": "1998-11-19 00:00:00",
    "calendarYear": "1998",
    "period": "Q3",
    "revenue": 57400000,
    "costOfRevenue": 25600000,
    "grossProfit": 31800000,
    "grossProfitRatio": 0.5540069686,
    "researchAndDevelopmentExpenses": 3500000,
    "generalAndAdministrativeExpenses": 0,
    "sellingAndMarketingExpenses": 0,
    "sellingGeneralAndAdministrativeExpenses": 10200000,
    "otherExpenses": 1100000,
    "operatingExpenses": 14800000,
    "costAndExpenses": 40400000,
    "interestIncome": 0,
    "interestExpense": 0,
    "depreciationAndAmortization": 1100000,
    "ebitda": 24000000,
    "ebitdaratio": 0.4181184669,
    "operatingIncome": 17000000,
    "operatingIncomeRatio": 0.2961672474,
    "totalOtherIncomeExpensesNet": 500000,
    "incomeBeforeTax": 17500000,
    "incomeBeforeTaxRatio": 0.3048780488,
    "incomeTaxExpense": 6300000,
    "netIncome": 13200000,
    "netIncomeRatio": 0.2299651568,
    "eps": 0.091,
    "epsdiluted": 0.091,
    "weightedAverageShsOut": 54687798,
    "weightedAverageShsOutDil": 54687798,
    "link": "https://www.sec.gov/Archives/edgar/data/877212/000104746998041762/0001047469-98-041762-index.html",
    "finalLink": "https://www.sec.gov/Archives/edgar/data/877212/"
  },
  {
    "date": "1998-07-04",
    "symbol": "ZBRA",
    "reportedCurrency": "USD",
    "cik": "0000877212",
    "fillingDate": "1998-08-14",
    "acceptedDate": "1998-08-14 00:00:00",
    "calendarYear": "1998",
    "period": "Q2",
    "revenue": 55400000,
    "costOfRevenue": 22300000,
    "grossProfit": 33100000,
    "grossProfitRatio": 0.5974729242,
    "researchAndDevelopmentExpenses": 2900000,
    "generalAndAdministrativeExpenses": 0,
    "sellingAndMarketingExpenses": 0,
    "sellingGeneralAndAdministrativeExpenses": 9900000,
    "otherExpenses": 4300000,
    "operatingExpenses": 17100000,
    "costAndExpenses": 39400000,
    "interestIncome": 0,
    "interestExpense": 0,
    "depreciationAndAmortization": 4300000,
    "ebitda": 25500000,
    "ebitdaratio": 0.4602888087,
    "operatingIncome": 16000000,
    "operatingIncomeRatio": 0.2888086643,
    "totalOtherIncomeExpensesNet": 6100000,
    "incomeBeforeTax": 17600000,
    "incomeBeforeTaxRatio": 0.3176895307,
    "incomeTaxExpense": 6300000,
    "netIncome": 14000000,
    "netIncomeRatio": 0.2527075812,
    "eps": 0.089,
    "epsdiluted": 0.089,
    "weightedAverageShsOut": 54667568,
    "weightedAverageShsOutDil": 54667568,
    "link": "https://www.sec.gov/Archives/edgar/data/877212/000104746998031645/0001047469-98-031645-index.html",
    "finalLink": "https://www.sec.gov/Archives/edgar/data/877212/"
  },
  {
    "date": "1998-04-04",
    "symbol": "ZBRA",
    "reportedCurrency": "USD",
    "cik": "0000877212",
    "fillingDate": "1998-05-15",
    "acceptedDate": "1998-05-15 00:00:00",
    "calendarYear": "1998",
    "period": "Q1",
    "revenue": 50200000,
    "costOfRevenue": 22900000,
    "grossProfit": 27300000,
    "grossProfitRatio": 0.5438247012,
    "researchAndDevelopmentExpenses": 3400000,
    "generalAndAdministrativeExpenses": 0,
    "sellingAndMarketingExpenses": 0,
    "sellingGeneralAndAdministrativeExpenses": 9500000,
    "otherExpenses": 1200000,
    "operatingExpenses": 14100000,
    "costAndExpenses": 37000000,
    "interestIncome": 0,
    "interestExpense": 0,
    "depreciationAndAmortization": 1200000,
    "ebitda": 19600000,
    "ebitdaratio": 0.390438247,
    "operatingIncome": 13200000,
    "operatingIncomeRatio": 0.2629482072,
    "totalOtherIncomeExpensesNet": 3100000,
    "incomeBeforeTax": 16300000,
    "incomeBeforeTaxRatio": 0.3247011952,
    "incomeTaxExpense": 5900000,
    "netIncome": 10400000,
    "netIncomeRatio": 0.2071713147,
    "eps": 0.19,
    "epsdiluted": 0.19,
    "weightedAverageShsOut": 54656329,
    "weightedAverageShsOutDil": 54656329,
    "link": "https://www.sec.gov/Archives/edgar/data/877212/000104746998020531/0001047469-98-020531-index.html",
    "finalLink": "https://www.sec.gov/Archives/edgar/data/877212/"
  },
  {
    "date": "1997-12-31",
    "symbol": "ZBRA",
    "reportedCurrency": "USD",
    "cik": "0000877212",
    "fillingDate": "1998-03-26",
    "acceptedDate": "1998-03-26 00:00:00",
    "calendarYear": "1997",
    "period": "Q4",
    "revenue": 53400000,
    "costOfRevenue": 22800000,
    "grossProfit": 30600000,
    "grossProfitRatio": 0.5730337079,
    "researchAndDevelopmentExpenses": 2900000,
    "generalAndAdministrativeExpenses": 0,
    "sellingAndMarketingExpenses": 0,
    "sellingGeneralAndAdministrativeExpenses": 10200000,
    "otherExpenses": 2100000,
    "operatingExpenses": 15200000,
    "costAndExpenses": 38000000,
    "interestIncome": 0,
    "interestExpense": 0,
    "depreciationAndAmortization": 2100000,
    "ebitda": 17500000,
    "ebitdaratio": 0.3277153558,
    "operatingIncome": 15400000,
    "operatingIncomeRatio": 0.2883895131,
    "totalOtherIncomeExpensesNet": 2600000,
    "incomeBeforeTax": 18000000,
    "incomeBeforeTaxRatio": 0.3370786517,
    "incomeTaxExpense": 6300000,
    "netIncome": 11700000,
    "netIncomeRatio": 0.2191011236,
    "eps": 0.21,
    "epsdiluted": 0.21,
    "weightedAverageShsOut": 54631604,
    "weightedAverageShsOutDil": 54656329,
    "link": "https://www.sec.gov/Archives/edgar/data/877212/000104746998011739/0001047469-98-011739-index.html",
    "finalLink": "https://www.sec.gov/Archives/edgar/data/877212/"
  },
  {
    "date": "1997-09-27",
    "symbol": "ZBRA",
    "reportedCurrency": "USD",
    "cik": "0000877212",
    "fillingDate": "1997-11-10",
    "acceptedDate": "1997-11-10 00:00:00",
    "calendarYear": "1997",
    "period": "Q3",
    "revenue": 49900000,
    "costOfRevenue": 25800000,
    "grossProfit": 24100000,
    "grossProfitRatio": 0.4829659319,
    "researchAndDevelopmentExpenses": 2800000,
    "generalAndAdministrativeExpenses": 0,
    "sellingAndMarketingExpenses": 0,
    "sellingGeneralAndAdministrativeExpenses": 8600000,
    "otherExpenses": -900000,
    "operatingExpenses": 10500000,
    "costAndExpenses": 36300000,
    "interestIncome": 0,
    "interestExpense": 0,
    "depreciationAndAmortization": -900000,
    "ebitda": 12700000,
    "ebitdaratio": 0.254509018,
    "operatingIncome": 13600000,
    "operatingIncomeRatio": 0.2725450902,
    "totalOtherIncomeExpensesNet": 1900000,
    "incomeBeforeTax": 15500000,
    "incomeBeforeTaxRatio": 0.3106212425,
    "incomeTaxExpense": 5600000,
    "netIncome": 9900000,
    "netIncomeRatio": 0.1983967936,
    "eps": 0.0811,
    "epsdiluted": 0.0811,
    "weightedAverageShsOut": 54507978,
    "weightedAverageShsOutDil": 54507978,
    "link": "https://www.sec.gov/Archives/edgar/data/877212/000087721297000008/0000877212-97-000008-index.html",
    "finalLink": "https://www.sec.gov/Archives/edgar/data/877212/"
  },
  {
    "date": "1997-06-28",
    "symbol": "ZBRA",
    "reportedCurrency": "USD",
    "cik": "0000877212",
    "fillingDate": "1997-08-11",
    "acceptedDate": "1997-08-11 00:00:00",
    "calendarYear": "1997",
    "period": "Q2",
    "revenue": 47800000,
    "costOfRevenue": 21900000,
    "grossProfit": 25900000,
    "grossProfitRatio": 0.5418410042,
    "researchAndDevelopmentExpenses": 2800000,
    "generalAndAdministrativeExpenses": 0,
    "sellingAndMarketingExpenses": 0,
    "sellingGeneralAndAdministrativeExpenses": 9000000,
    "otherExpenses": 1600000,
    "operatingExpenses": 13400000,
    "costAndExpenses": 35300000,
    "interestIncome": 0,
    "interestExpense": 0,
    "depreciationAndAmortization": 1600000,
    "ebitda": 14700000,
    "ebitdaratio": 0.3075313808,
    "operatingIncome": 12500000,
    "operatingIncomeRatio": 0.2615062762,
    "totalOtherIncomeExpensesNet": 2200000,
    "incomeBeforeTax": 14700000,
    "incomeBeforeTaxRatio": 0.3075313808,
    "incomeTaxExpense": 5100000,
    "netIncome": 7200000,
    "netIncomeRatio": 0.1506276151,
    "eps": 0.0593,
    "epsdiluted": 0.0593,
    "weightedAverageShsOut": 54507978,
    "weightedAverageShsOutDil": 54507978,
    "link": "https://www.sec.gov/Archives/edgar/data/877212/000087721297000007/0000877212-97-000007-index.html",
    "finalLink": "https://www.sec.gov/Archives/edgar/data/877212/"
  },
  {
    "date": "1997-03-29",
    "symbol": "ZBRA",
    "reportedCurrency": "USD",
    "cik": "0000877212",
    "fillingDate": "1997-06-13",
    "acceptedDate": "1997-06-13 00:00:00",
    "calendarYear": "1997",
    "period": "Q1",
    "revenue": 42400000,
    "costOfRevenue": 19700000,
    "grossProfit": 22700000,
    "grossProfitRatio": 0.5353773585,
    "researchAndDevelopmentExpenses": 2500000,
    "generalAndAdministrativeExpenses": 0,
    "sellingAndMarketingExpenses": 0,
    "sellingGeneralAndAdministrativeExpenses": 7900000,
    "otherExpenses": 1500000,
    "operatingExpenses": 11900000,
    "costAndExpenses": 31600000,
    "interestIncome": 0,
    "interestExpense": 0,
    "depreciationAndAmortization": 1500000,
    "ebitda": 12100000,
    "ebitdaratio": 0.2853773585,
    "operatingIncome": 10800000,
    "operatingIncomeRatio": 0.2547169811,
    "totalOtherIncomeExpensesNet": 7100000,
    "incomeBeforeTax": 17900000,
    "incomeBeforeTaxRatio": 0.4221698113,
    "incomeTaxExpense": 6700000,
    "netIncome": 11200000,
    "netIncomeRatio": 0.2641509434,
    "eps": 0.091,
    "epsdiluted": 0.091,
    "weightedAverageShsOut": 54485500,
    "weightedAverageShsOutDil": 54485500,
    "link": "https://www.sec.gov/Archives/edgar/data/877212/000087721297000004/0000877212-97-000004-index.html",
    "finalLink": "https://www.sec.gov/Archives/edgar/data/877212/"
  },
  {
    "date": "1996-12-31",
    "symbol": "ZBRA",
    "reportedCurrency": "USD",
    "cik": "0000877212",
    "fillingDate": "1997-03-31",
    "acceptedDate": "1997-03-31 00:00:00",
    "calendarYear": "1996",
    "period": "Q4",
    "revenue": 47100000,
    "costOfRevenue": 22900000,
    "grossProfit": 24200000,
    "grossProfitRatio": 0.5138004246,
    "researchAndDevelopmentExpenses": 5400000,
    "generalAndAdministrativeExpenses": 0,
    "sellingAndMarketingExpenses": 0,
    "sellingGeneralAndAdministrativeExpenses": 5600000,
    "otherExpenses": 1600000,
    "operatingExpenses": 12600000,
    "costAndExpenses": 35500000,
    "interestIncome": 0,
    "interestExpense": 0,
    "depreciationAndAmortization": 1600000,
    "ebitda": 13200000,
    "ebitdaratio": 0.2802547771,
    "operatingIncome": 11600000,
    "operatingIncomeRatio": 0.2462845011,
    "totalOtherIncomeExpensesNet": 2200000,
    "incomeBeforeTax": 13800000,
    "incomeBeforeTaxRatio": 0.2929936306,
    "incomeTaxExpense": 5100000,
    "netIncome": 8700000,
    "netIncomeRatio": 0.1847133758,
    "eps": 0.16,
    "epsdiluted": 0.16,
    "weightedAverageShsOut": 54485500,
    "weightedAverageShsOutDil": 54485500,
    "link": "https://www.sec.gov/Archives/edgar/data/877212/000087721297000002/0000877212-97-000002-index.html",
    "finalLink": "https://www.sec.gov/Archives/edgar/data/877212/"
  },
  {
    "date": "1996-09-30",
    "symbol": "ZBRA",
    "reportedCurrency": "USD",
    "cik": "0000877212",
    "fillingDate": "1996-11-13",
    "acceptedDate": "1996-11-13 00:00:00",
    "calendarYear": "1996",
    "period": "Q3",
    "revenue": 43800000,
    "costOfRevenue": 21600000,
    "grossProfit": 22200000,
    "grossProfitRatio": 0.5068493151,
    "researchAndDevelopmentExpenses": 2300000,
    "generalAndAdministrativeExpenses": 0,
    "sellingAndMarketingExpenses": 0,
    "sellingGeneralAndAdministrativeExpenses": 7200000,
    "otherExpenses": 700000,
    "operatingExpenses": 10200000,
    "costAndExpenses": 31800000,
    "interestIncome": 0,
    "interestExpense": 0,
    "depreciationAndAmortization": 700000,
    "ebitda": 12700000,
    "ebitdaratio": 0.2899543379,
    "operatingIncome": 12000000,
    "operatingIncomeRatio": 0.2739726027,
    "totalOtherIncomeExpensesNet": 1400000,
    "incomeBeforeTax": 13400000,
    "incomeBeforeTaxRatio": 0.3059360731,
    "incomeTaxExpense": 4700000,
    "netIncome": 8700000,
    "netIncomeRatio": 0.198630137,
    "eps": 0.0712,
    "epsdiluted": 0.0712,
    "weightedAverageShsOut": 54433802,
    "weightedAverageShsOutDil": 54433802,
    "link": "https://www.sec.gov/Archives/edgar/data/877212/000087721296000008/0000877212-96-000008-index.html",
    "finalLink": "https://www.sec.gov/Archives/edgar/data/877212/"
  },
  {
    "date": "1996-06-29",
    "symbol": "ZBRA",
    "reportedCurrency": "USD",
    "cik": "0000877212",
    "fillingDate": "1996-08-14",
    "acceptedDate": "1996-08-14 00:00:00",
    "calendarYear": "1996",
    "period": "Q2",
    "revenue": 40500000,
    "costOfRevenue": 20400000,
    "grossProfit": 20100000,
    "grossProfitRatio": 0.4962962963,
    "researchAndDevelopmentExpenses": 3000000,
    "generalAndAdministrativeExpenses": 0,
    "sellingAndMarketingExpenses": 0,
    "sellingGeneralAndAdministrativeExpenses": 8400000,
    "otherExpenses": 700000,
    "operatingExpenses": 12100000,
    "costAndExpenses": 32500000,
    "interestIncome": 0,
    "interestExpense": 0,
    "depreciationAndAmortization": 700000,
    "ebitda": 9900000,
    "ebitdaratio": 0.2444444444,
    "operatingIncome": 8000000,
    "operatingIncomeRatio": 0.1975308642,
    "totalOtherIncomeExpensesNet": 1500000,
    "incomeBeforeTax": 9500000,
    "incomeBeforeTaxRatio": 0.2345679012,
    "incomeTaxExpense": 3200000,
    "netIncome": 6300000,
    "netIncomeRatio": 0.1555555556,
    "eps": 0.0514,
    "epsdiluted": 0.0514,
    "weightedAverageShsOut": 54386600,
    "weightedAverageShsOutDil": 54386600,
    "link": "https://www.sec.gov/Archives/edgar/data/877212/000087721296000007/0000877212-96-000007-index.html",
    "finalLink": "https://www.sec.gov/Archives/edgar/data/877212/"
  },
  {
    "date": "1996-03-30",
    "symbol": "ZBRA",
    "reportedCurrency": "USD",
    "cik": "0000877212",
    "fillingDate": "1996-05-14",
    "acceptedDate": "1996-05-14 00:00:00",
    "calendarYear": "1996",
    "period": "Q1",
    "revenue": 38400000,
    "costOfRevenue": 19100000,
    "grossProfit": 19300000,
    "grossProfitRatio": 0.5026041667,
    "researchAndDevelopmentExpenses": 2700000,
    "generalAndAdministrativeExpenses": 0,
    "sellingAndMarketingExpenses": 0,
    "sellingGeneralAndAdministrativeExpenses": 7900000,
    "otherExpenses": 800000,
    "operatingExpenses": 11400000,
    "costAndExpenses": 30500000,
    "interestIncome": 0,
    "interestExpense": 0,
    "depreciationAndAmortization": 800000,
    "ebitda": 7600000,
    "ebitdaratio": 0.1979166667,
    "operatingIncome": 7900000,
    "operatingIncomeRatio": 0.2057291667,
    "totalOtherIncomeExpensesNet": 0,
    "incomeBeforeTax": 7900000,
    "incomeBeforeTaxRatio": 0.2057291667,
    "incomeTaxExpense": 2700000,
    "netIncome": 5200000,
    "netIncomeRatio": 0.1354166667,
    "eps": 0.0435,
    "epsdiluted": 0.0435,
    "weightedAverageShsOut": 54386600,
    "weightedAverageShsOutDil": 54386600,
    "link": "https://www.sec.gov/Archives/edgar/data/877212/000087721296000004/0000877212-96-000004-index.html",
    "finalLink": "https://www.sec.gov/Archives/edgar/data/877212/"
  },
  {
    "date": "1995-12-31",
    "symbol": "ZBRA",
    "reportedCurrency": "USD",
    "cik": "0000877212",
    "fillingDate": "1995-12-31",
    "acceptedDate": "1995-12-30 19:00:00",
    "calendarYear": "1995",
    "period": "Q4",
    "revenue": 41200000,
    "costOfRevenue": 0,
    "grossProfit": 41200000,
    "grossProfitRatio": 1,
    "researchAndDevelopmentExpenses": 0,
    "generalAndAdministrativeExpenses": 0,
    "sellingAndMarketingExpenses": 0,
    "sellingGeneralAndAdministrativeExpenses": 0,
    "otherExpenses": -116100000,
    "operatingExpenses": -116100000,
    "costAndExpenses": -116100000,
    "interestIncome": 0,
    "interestExpense": 0,
    "depreciationAndAmortization": 0,
    "ebitda": -74900000,
    "ebitdaratio": -1.817961165,
    "operatingIncome": -74900000,
    "operatingIncomeRatio": -1.817961165,
    "totalOtherIncomeExpensesNet": 74900000,
    "incomeBeforeTax": 0,
    "incomeBeforeTaxRatio": 0,
    "incomeTaxExpense": -7900000,
    "netIncome": 7900000,
    "netIncomeRatio": 0.1917475728,
    "eps": 0.15,
    "epsdiluted": 0.15,
    "weightedAverageShsOut": 54182054,
    "weightedAverageShsOutDil": 54386600,
    "link": "",
    "finalLink": ""
  },
  {
    "date": "1995-09-30",
    "symbol": "ZBRA",
    "reportedCurrency": "USD",
    "cik": "0000877212",
    "fillingDate": "1995-09-30",
    "acceptedDate": "1995-09-29 20:00:00",
    "calendarYear": "1995",
    "period": "Q3",
    "revenue": 37500000,
    "costOfRevenue": 0,
    "grossProfit": 37500000,
    "grossProfitRatio": 1,
    "researchAndDevelopmentExpenses": 0,
    "generalAndAdministrativeExpenses": 0,
    "sellingAndMarketingExpenses": 0,
    "sellingGeneralAndAdministrativeExpenses": 0,
    "otherExpenses": 0,
    "operatingExpenses": 0,
    "costAndExpenses": 0,
    "interestIncome": 0,
    "interestExpense": 0,
    "depreciationAndAmortization": 0,
    "ebitda": 37500000,
    "ebitdaratio": 1,
    "operatingIncome": 37500000,
    "operatingIncomeRatio": 1,
    "totalOtherIncomeExpensesNet": -37500000,
    "incomeBeforeTax": 0,
    "incomeBeforeTaxRatio": 0,
    "incomeTaxExpense": -1000000,
    "netIncome": 1000000,
    "netIncomeRatio": 0.0266666667,
    "eps": 0.004,
    "epsdiluted": 0.004,
    "weightedAverageShsOut": 54125861,
    "weightedAverageShsOutDil": 54125861,
    "link": "",
    "finalLink": ""
  }
]