[
  {
    "date": "2025-06-30",
    "symbol": "ZTS",
    "reportedCurrency": "USD",
    "cik": "0001555280",
    "fillingDate": "2025-08-05",
    "acceptedDate": "2025-08-05 13:58:00",
    "calendarYear": "2025",
    "period": "Q2",
    "revenue": 2460000000,
    "costOfRevenue": 682000000,
    "grossProfit": 1778000000,
    "grossProfitRatio": 0.7227642276,
    "researchAndDevelopmentExpenses": 172000000,
    "generalAndAdministrativeExpenses": 0,
    "sellingAndMarketingExpenses": 0,
    "sellingGeneralAndAdministrativeExpenses": 617000000,
    "otherExpenses": 0,
    "operatingExpenses": 789000000,
    "costAndExpenses": 1471000000,
    "interestIncome": 19000000,
    "interestExpense": 58000000,
    "depreciationAndAmortization": 123000000,
    "ebitda": 1083000000,
    "ebitdaratio": 0.4402439024,
    "operatingIncome": 989000000,
    "operatingIncomeRatio": 0.4020325203,
    "totalOtherIncomeExpensesNet": -87000000,
    "incomeBeforeTax": 902000000,
    "incomeBeforeTaxRatio": 0.3666666667,
    "incomeTaxExpense": 184000000,
    "netIncome": 718000000,
    "netIncomeRatio": 0.2918699187,
    "eps": 1.61,
    "epsdiluted": 1.61,
    "weightedAverageShsOut": 445100000,
    "weightedAverageShsOutDil": 445500000,
    "link": "https://www.sec.gov/Archives/edgar/data/1555280/000155528025000261/0001555280-25-000261-index.htm",
    "finalLink": "https://www.sec.gov/Archives/edgar/data/1555280/000155528025000261/zts-20250630.htm"
  },
  {
    "date": "2025-03-31",
    "symbol": "ZTS",
    "reportedCurrency": "USD",
    "cik": "0001555280",
    "fillingDate": "2025-05-06",
    "acceptedDate": "2025-05-06 13:29:54",
    "calendarYear": "2025",
    "period": "Q1",
    "revenue": 2220000000,
    "costOfRevenue": 654000000,
    "grossProfit": 1566000000,
    "grossProfitRatio": 0.7054054054,
    "researchAndDevelopmentExpenses": 157000000,
    "generalAndAdministrativeExpenses": 0,
    "sellingAndMarketingExpenses": 0,
    "sellingGeneralAndAdministrativeExpenses": 563000000,
    "otherExpenses": 0,
    "operatingExpenses": 720000000,
    "costAndExpenses": 1374000000,
    "interestIncome": 23000000,
    "interestExpense": 59000000,
    "depreciationAndAmortization": 119000000,
    "ebitda": 988000000,
    "ebitdaratio": 0.445045045,
    "operatingIncome": 846000000,
    "operatingIncomeRatio": 0.3810810811,
    "totalOtherIncomeExpensesNet": -36000000,
    "incomeBeforeTax": 810000000,
    "incomeBeforeTaxRatio": 0.3648648649,
    "incomeTaxExpense": 179000000,
    "netIncome": 631000000,
    "netIncomeRatio": 0.2842342342,
    "eps": 1.41,
    "epsdiluted": 1.41,
    "weightedAverageShsOut": 447600000,
    "weightedAverageShsOutDil": 448000000,
    "link": "https://www.sec.gov/Archives/edgar/data/1555280/000155528025000203/0001555280-25-000203-index.htm",
    "finalLink": "https://www.sec.gov/Archives/edgar/data/1555280/000155528025000203/zts-20250331.htm"
  },
  {
    "date": "2024-12-31",
    "symbol": "ZTS",
    "reportedCurrency": "USD",
    "cik": "0001555280",
    "fillingDate": "2025-02-13",
    "acceptedDate": "2025-02-13 14:51:25",
    "calendarYear": "2024",
    "period": "Q4",
    "revenue": 2317000000,
    "costOfRevenue": 741000000,
    "grossProfit": 1576000000,
    "grossProfitRatio": 0.6801899007,
    "researchAndDevelopmentExpenses": 186000000,
    "generalAndAdministrativeExpenses": 0,
    "sellingAndMarketingExpenses": 0,
    "sellingGeneralAndAdministrativeExpenses": 625000000,
    "otherExpenses": 0,
    "operatingExpenses": 811000000,
    "costAndExpenses": 1552000000,
    "interestIncome": 27000000,
    "interestExpense": 56000000,
    "depreciationAndAmortization": 123000000,
    "ebitda": 911000000,
    "ebitdaratio": 0.3931808373,
    "operatingIncome": 765000000,
    "operatingIncomeRatio": 0.3301683211,
    "totalOtherIncomeExpensesNet": -33000000,
    "incomeBeforeTax": 732000000,
    "incomeBeforeTaxRatio": 0.3159257661,
    "incomeTaxExpense": 151000000,
    "netIncome": 581000000,
    "netIncomeRatio": 0.250755287,
    "eps": 1.29,
    "epsdiluted": 1.29,
    "weightedAverageShsOut": 450500000,
    "weightedAverageShsOutDil": 451100000,
    "link": "https://www.sec.gov/Archives/edgar/data/1555280/000155528025000102/0001555280-25-000102-index.htm",
    "finalLink": "https://www.sec.gov/Archives/edgar/data/1555280/000155528025000102/zts-20241231.htm"
  },
  {
    "date": "2024-09-30",
    "symbol": "ZTS",
    "reportedCurrency": "USD",
    "cik": "0001555280",
    "fillingDate": "2024-11-04",
    "acceptedDate": "2024-11-04 13:52:13",
    "calendarYear": "2024",
    "period": "Q3",
    "revenue": 2388000000,
    "costOfRevenue": 736000000,
    "grossProfit": 1652000000,
    "grossProfitRatio": 0.6917922948,
    "researchAndDevelopmentExpenses": 167000000,
    "generalAndAdministrativeExpenses": 0,
    "sellingAndMarketingExpenses": 0,
    "sellingGeneralAndAdministrativeExpenses": 565000000,
    "otherExpenses": 0,
    "operatingExpenses": 732000000,
    "costAndExpenses": 1468000000,
    "interestIncome": 23000000,
    "interestExpense": 61000000,
    "depreciationAndAmortization": 121000000,
    "ebitda": 1056000000,
    "ebitdaratio": 0.4422110553,
    "operatingIncome": 920000000,
    "operatingIncomeRatio": 0.3852596315,
    "totalOtherIncomeExpensesNet": -46000000,
    "incomeBeforeTax": 874000000,
    "incomeBeforeTaxRatio": 0.3659966499,
    "incomeTaxExpense": 182000000,
    "netIncome": 682000000,
    "netIncomeRatio": 0.2855946399,
    "eps": 1.51,
    "epsdiluted": 1.5,
    "weightedAverageShsOut": 452900000,
    "weightedAverageShsOutDil": 453500000,
    "link": "https://www.sec.gov/Archives/edgar/data/1555280/000155528024000332/0001555280-24-000332-index.htm",
    "finalLink": "https://www.sec.gov/Archives/edgar/data/1555280/000155528024000332/zts-20240930.htm"
  },
  {
    "date": "2024-06-30",
    "symbol": "ZTS",
    "reportedCurrency": "USD",
    "cik": "0001555280",
    "fillingDate": "2024-08-06",
    "acceptedDate": "2024-08-06 12:41:47",
    "calendarYear": "2024",
    "period": "Q2",
    "revenue": 2361000000,
    "costOfRevenue": 703000000,
    "grossProfit": 1658000000,
    "grossProfitRatio": 0.7022448115,
    "researchAndDevelopmentExpenses": 171000000,
    "generalAndAdministrativeExpenses": 0,
    "sellingAndMarketingExpenses": 0,
    "sellingGeneralAndAdministrativeExpenses": 581000000,
    "otherExpenses": 0,
    "operatingExpenses": 752000000,
    "costAndExpenses": 1455000000,
    "interestIncome": 24000000,
    "interestExpense": 63000000,
    "depreciationAndAmortization": 127000000,
    "ebitda": 970000000,
    "ebitdaratio": 0.4108428632,
    "operatingIncome": 906000000,
    "operatingIncomeRatio": 0.3837357052,
    "totalOtherIncomeExpensesNet": -126000000,
    "incomeBeforeTax": 780000000,
    "incomeBeforeTaxRatio": 0.3303684879,
    "incomeTaxExpense": 156000000,
    "netIncome": 624000000,
    "netIncomeRatio": 0.2642947903,
    "eps": 1.37,
    "epsdiluted": 1.37,
    "weightedAverageShsOut": 455500000,
    "weightedAverageShsOutDil": 456000000,
    "link": "https://www.sec.gov/Archives/edgar/data/1555280/000155528024000299/0001555280-24-000299-index.htm",
    "finalLink": "https://www.sec.gov/Archives/edgar/data/1555280/000155528024000299/zts-20240630.htm"
  },
  {
    "date": "2024-03-31",
    "symbol": "ZTS",
    "reportedCurrency": "USD",
    "cik": "0001555280",
    "fillingDate": "2024-05-02",
    "acceptedDate": "2024-05-02 12:26:11",
    "calendarYear": "2024",
    "period": "Q1",
    "revenue": 2190000000,
    "costOfRevenue": 680000000,
    "grossProfit": 1510000000,
    "grossProfitRatio": 0.6894977169,
    "researchAndDevelopmentExpenses": 162000000,
    "generalAndAdministrativeExpenses": 0,
    "sellingAndMarketingExpenses": 0,
    "sellingGeneralAndAdministrativeExpenses": 547000000,
    "otherExpenses": 0,
    "operatingExpenses": 709000000,
    "costAndExpenses": 1389000000,
    "interestIncome": 32000000,
    "interestExpense": 62000000,
    "depreciationAndAmortization": 126000000,
    "ebitda": 935000000,
    "ebitdaratio": 0.4269406393,
    "operatingIncome": 801000000,
    "operatingIncomeRatio": 0.3657534247,
    "totalOtherIncomeExpensesNet": -54000000,
    "incomeBeforeTax": 747000000,
    "incomeBeforeTaxRatio": 0.3410958904,
    "incomeTaxExpense": 148000000,
    "netIncome": 599000000,
    "netIncomeRatio": 0.2735159817,
    "eps": 1.31,
    "epsdiluted": 1.31,
    "weightedAverageShsOut": 458000000,
    "weightedAverageShsOutDil": 458800000,
    "link": "https://www.sec.gov/Archives/edgar/data/1555280/000155528024000249/0001555280-24-000249-index.htm",
    "finalLink": "https://www.sec.gov/Archives/edgar/data/1555280/000155528024000249/zts-20240331.htm"
  },
  {
    "date": "2023-12-31",
    "symbol": "ZTS",
    "reportedCurrency": "USD",
    "cik": "0001555280",
    "fillingDate": "2024-02-13",
    "acceptedDate": "2024-02-13 14:33:32",
    "calendarYear": "2023",
    "period": "Q4",
    "revenue": 2213000000,
    "costOfRevenue": 765000000,
    "grossProfit": 1448000000,
    "grossProfitRatio": 0.6543154089,
    "researchAndDevelopmentExpenses": 174000000,
    "generalAndAdministrativeExpenses": 0,
    "sellingAndMarketingExpenses": 0,
    "sellingGeneralAndAdministrativeExpenses": 565000000,
    "otherExpenses": 0,
    "operatingExpenses": 739000000,
    "costAndExpenses": 1504000000,
    "interestIncome": 26000000,
    "interestExpense": 59000000,
    "depreciationAndAmortization": 126000000,
    "ebitda": 835000000,
    "ebitdaratio": 0.3773158608,
    "operatingIncome": 709000000,
    "operatingIncomeRatio": 0.3203795752,
    "totalOtherIncomeExpensesNet": -59000000,
    "incomeBeforeTax": 650000000,
    "incomeBeforeTaxRatio": 0.2937189336,
    "incomeTaxExpense": 127000000,
    "netIncome": 525000000,
    "netIncomeRatio": 0.2372345233,
    "eps": 1.14,
    "epsdiluted": 1.14,
    "weightedAverageShsOut": 459000000,
    "weightedAverageShsOutDil": 460100000,
    "link": "https://www.sec.gov/Archives/edgar/data/1555280/000155528024000143/0001555280-24-000143-index.htm",
    "finalLink": "https://www.sec.gov/Archives/edgar/data/1555280/000155528024000143/zts-20231231.htm"
  },
  {
    "date": "2023-09-30",
    "symbol": "ZTS",
    "reportedCurrency": "USD",
    "cik": "0001555280",
    "fillingDate": "2023-11-02",
    "acceptedDate": "2023-11-02 11:45:54",
    "calendarYear": "2023",
    "period": "Q3",
    "revenue": 2151000000,
    "costOfRevenue": 676000000,
    "grossProfit": 1475000000,
    "grossProfitRatio": 0.6857275686,
    "researchAndDevelopmentExpenses": 152000000,
    "generalAndAdministrativeExpenses": 0,
    "sellingAndMarketingExpenses": 0,
    "sellingGeneralAndAdministrativeExpenses": 525000000,
    "otherExpenses": 0,
    "operatingExpenses": 677000000,
    "costAndExpenses": 1353000000,
    "interestIncome": 23000000,
    "interestExpense": 63000000,
    "depreciationAndAmortization": 124000000,
    "ebitda": 904000000,
    "ebitdaratio": 0.420269642,
    "operatingIncome": 798000000,
    "operatingIncomeRatio": 0.3709902371,
    "totalOtherIncomeExpensesNet": -81000000,
    "incomeBeforeTax": 717000000,
    "incomeBeforeTaxRatio": 0.3333333333,
    "incomeTaxExpense": 121000000,
    "netIncome": 596000000,
    "netIncomeRatio": 0.2770804277,
    "eps": 1.29,
    "epsdiluted": 1.29,
    "weightedAverageShsOut": 460300000,
    "weightedAverageShsOutDil": 461400000,
    "link": "https://www.sec.gov/Archives/edgar/data/1555280/000155528023000247/0001555280-23-000247-index.htm",
    "finalLink": "https://www.sec.gov/Archives/edgar/data/1555280/000155528023000247/zts-20230930.htm"
  },
  {
    "date": "2023-06-30",
    "symbol": "ZTS",
    "reportedCurrency": "USD",
    "cik": "0001555280",
    "fillingDate": "2023-08-08",
    "acceptedDate": "2023-08-08 10:38:57",
    "calendarYear": "2023",
    "period": "Q2",
    "revenue": 2180000000,
    "costOfRevenue": 644000000,
    "grossProfit": 1536000000,
    "grossProfitRatio": 0.704587156,
    "researchAndDevelopmentExpenses": 146000000,
    "generalAndAdministrativeExpenses": 0,
    "sellingAndMarketingExpenses": 0,
    "sellingGeneralAndAdministrativeExpenses": 556000000,
    "otherExpenses": 0,
    "operatingExpenses": 702000000,
    "costAndExpenses": 1346000000,
    "interestIncome": 23000000,
    "interestExpense": 63000000,
    "depreciationAndAmortization": 121000000,
    "ebitda": 1056000000,
    "ebitdaratio": 0.4844036697,
    "operatingIncome": 834000000,
    "operatingIncomeRatio": 0.3825688073,
    "totalOtherIncomeExpensesNet": 38000000,
    "incomeBeforeTax": 872000000,
    "incomeBeforeTaxRatio": 0.4,
    "incomeTaxExpense": 202000000,
    "netIncome": 671000000,
    "netIncomeRatio": 0.3077981651,
    "eps": 1.45,
    "epsdiluted": 1.45,
    "weightedAverageShsOut": 461900000,
    "weightedAverageShsOutDil": 462900000,
    "link": "https://www.sec.gov/Archives/edgar/data/1555280/000155528023000205/0001555280-23-000205-index.htm",
    "finalLink": "https://www.sec.gov/Archives/edgar/data/1555280/000155528023000205/zts-20230630.htm"
  },
  {
    "date": "2023-03-31",
    "symbol": "ZTS",
    "reportedCurrency": "USD",
    "cik": "0001555280",
    "fillingDate": "2023-05-04",
    "acceptedDate": "2023-05-04 10:51:57",
    "calendarYear": "2023",
    "period": "Q1",
    "revenue": 2000000000,
    "costOfRevenue": 625000000,
    "grossProfit": 1375000000,
    "grossProfitRatio": 0.6875,
    "researchAndDevelopmentExpenses": 142000000,
    "generalAndAdministrativeExpenses": 0,
    "sellingAndMarketingExpenses": 0,
    "sellingGeneralAndAdministrativeExpenses": 505000000,
    "otherExpenses": 0,
    "operatingExpenses": 647000000,
    "costAndExpenses": 1272000000,
    "interestIncome": 33000000,
    "interestExpense": 68000000,
    "depreciationAndAmortization": 120000000,
    "ebitda": 885000000,
    "ebitdaratio": 0.4425,
    "operatingIncome": 728000000,
    "operatingIncomeRatio": 0.364,
    "totalOtherIncomeExpensesNet": -31000000,
    "incomeBeforeTax": 697000000,
    "incomeBeforeTaxRatio": 0.3485,
    "incomeTaxExpense": 146000000,
    "netIncome": 552000000,
    "netIncomeRatio": 0.276,
    "eps": 1.19,
    "epsdiluted": 1.19,
    "weightedAverageShsOut": 463500000,
    "weightedAverageShsOutDil": 464600000,
    "link": "https://www.sec.gov/Archives/edgar/data/1555280/000155528023000150/0001555280-23-000150-index.htm",
    "finalLink": "https://www.sec.gov/Archives/edgar/data/1555280/000155528023000150/zts-20230331.htm"
  },
  {
    "date": "2022-12-31",
    "symbol": "ZTS",
    "reportedCurrency": "USD",
    "cik": "0001555280",
    "fillingDate": "2023-02-14",
    "acceptedDate": "2023-02-14 14:34:02",
    "calendarYear": "2022",
    "period": "Q4",
    "revenue": 2040000000,
    "costOfRevenue": 688000000,
    "grossProfit": 1352000000,
    "grossProfitRatio": 0.662745098,
    "researchAndDevelopmentExpenses": 148000000,
    "generalAndAdministrativeExpenses": 0,
    "sellingAndMarketingExpenses": 0,
    "sellingGeneralAndAdministrativeExpenses": 514000000,
    "otherExpenses": 0,
    "operatingExpenses": 662000000,
    "costAndExpenses": 1350000000,
    "interestIncome": 30000000,
    "interestExpense": 67000000,
    "depreciationAndAmortization": 119000000,
    "ebitda": 778000000,
    "ebitdaratio": 0.381372549,
    "operatingIncome": 690000000,
    "operatingIncomeRatio": 0.3382352941,
    "totalOtherIncomeExpensesNet": -98000000,
    "incomeBeforeTax": 592000000,
    "incomeBeforeTaxRatio": 0.2901960784,
    "incomeTaxExpense": 132000000,
    "netIncome": 461000000,
    "netIncomeRatio": 0.2259803922,
    "eps": 0.99,
    "epsdiluted": 0.99,
    "weightedAverageShsOut": 465600000,
    "weightedAverageShsOutDil": 466800000,
    "link": "https://www.sec.gov/Archives/edgar/data/1555280/000155528023000074/0001555280-23-000074-index.htm",
    "finalLink": "https://www.sec.gov/Archives/edgar/data/1555280/000155528023000074/zts-20221231.htm"
  },
  {
    "date": "2022-09-30",
    "symbol": "ZTS",
    "reportedCurrency": "USD",
    "cik": "0001555280",
    "fillingDate": "2022-11-03",
    "acceptedDate": "2022-11-03 11:00:05",
    "calendarYear": "2022",
    "period": "Q3",
    "revenue": 2002000000,
    "costOfRevenue": 644000000,
    "grossProfit": 1358000000,
    "grossProfitRatio": 0.6783216783,
    "researchAndDevelopmentExpenses": 134000000,
    "generalAndAdministrativeExpenses": 0,
    "sellingAndMarketingExpenses": 0,
    "sellingGeneralAndAdministrativeExpenses": 501000000,
    "otherExpenses": 0,
    "operatingExpenses": 635000000,
    "costAndExpenses": 1279000000,
    "interestIncome": 13000000,
    "interestExpense": 57000000,
    "depreciationAndAmortization": 115000000,
    "ebitda": 839000000,
    "ebitdaratio": 0.4190809191,
    "operatingIncome": 723000000,
    "operatingIncomeRatio": 0.3611388611,
    "totalOtherIncomeExpensesNet": -56000000,
    "incomeBeforeTax": 667000000,
    "incomeBeforeTaxRatio": 0.3331668332,
    "incomeTaxExpense": 139000000,
    "netIncome": 529000000,
    "netIncomeRatio": 0.2642357642,
    "eps": 1.13,
    "epsdiluted": 1.13,
    "weightedAverageShsOut": 467800000,
    "weightedAverageShsOutDil": 469100000,
    "link": "https://www.sec.gov/Archives/edgar/data/1555280/000155528022000276/0001555280-22-000276-index.htm",
    "finalLink": "https://www.sec.gov/Archives/edgar/data/1555280/000155528022000276/zts-20220930.htm"
  },
  {
    "date": "2022-06-30",
    "symbol": "ZTS",
    "reportedCurrency": "USD",
    "cik": "0001555280",
    "fillingDate": "2022-08-04",
    "acceptedDate": "2022-08-04 11:37:36",
    "calendarYear": "2022",
    "period": "Q2",
    "revenue": 2052000000,
    "costOfRevenue": 662000000,
    "grossProfit": 1390000000,
    "grossProfitRatio": 0.6773879142,
    "researchAndDevelopmentExpenses": 135000000,
    "generalAndAdministrativeExpenses": 0,
    "sellingAndMarketingExpenses": 0,
    "sellingGeneralAndAdministrativeExpenses": 529000000,
    "otherExpenses": 0,
    "operatingExpenses": 664000000,
    "costAndExpenses": 1326000000,
    "interestIncome": 5000000,
    "interestExpense": 57000000,
    "depreciationAndAmortization": 117000000,
    "ebitda": 844000000,
    "ebitdaratio": 0.4113060429,
    "operatingIncome": 726000000,
    "operatingIncomeRatio": 0.3538011696,
    "totalOtherIncomeExpensesNet": -56000000,
    "incomeBeforeTax": 670000000,
    "incomeBeforeTaxRatio": 0.3265107212,
    "incomeTaxExpense": 141000000,
    "netIncome": 529000000,
    "netIncomeRatio": 0.257797271,
    "eps": 1.13,
    "epsdiluted": 1.12,
    "weightedAverageShsOut": 470000000,
    "weightedAverageShsOutDil": 471500000,
    "link": "https://www.sec.gov/Archives/edgar/data/1555280/000155528022000231/0001555280-22-000231-index.htm",
    "finalLink": "https://www.sec.gov/Archives/edgar/data/1555280/000155528022000231/zts-20220630.htm"
  },
  {
    "date": "2022-03-31",
    "symbol": "ZTS",
    "reportedCurrency": "USD",
    "cik": "0001555280",
    "fillingDate": "2022-05-05",
    "acceptedDate": "2022-05-05 11:44:31",
    "calendarYear": "2022",
    "period": "Q1",
    "revenue": 1986000000,
    "costOfRevenue": 610000000,
    "grossProfit": 1376000000,
    "grossProfitRatio": 0.6928499496,
    "researchAndDevelopmentExpenses": 122000000,
    "generalAndAdministrativeExpenses": 0,
    "sellingAndMarketingExpenses": 0,
    "sellingGeneralAndAdministrativeExpenses": 465000000,
    "otherExpenses": 0,
    "operatingExpenses": 587000000,
    "costAndExpenses": 1197000000,
    "interestIncome": 2000000,
    "interestExpense": 56000000,
    "depreciationAndAmortization": 114000000,
    "ebitda": 897000000,
    "ebitdaratio": 0.4516616314,
    "operatingIncome": 789000000,
    "operatingIncomeRatio": 0.3972809668,
    "totalOtherIncomeExpensesNet": -62000000,
    "incomeBeforeTax": 727000000,
    "incomeBeforeTaxRatio": 0.3660624371,
    "incomeTaxExpense": 133000000,
    "netIncome": 595000000,
    "netIncomeRatio": 0.2995971803,
    "eps": 1.26,
    "epsdiluted": 1.26,
    "weightedAverageShsOut": 472200000,
    "weightedAverageShsOutDil": 474100000,
    "link": "https://www.sec.gov/Archives/edgar/data/1555280/000155528022000174/0001555280-22-000174-index.htm",
    "finalLink": "https://www.sec.gov/Archives/edgar/data/1555280/000155528022000174/zts-20220331.htm"
  },
  {
    "date": "2021-12-31",
    "symbol": "ZTS",
    "reportedCurrency": "USD",
    "cik": "0001555280",
    "fillingDate": "2022-02-15",
    "acceptedDate": "2022-02-15 15:20:21",
    "calendarYear": "2021",
    "period": "Q4",
    "revenue": 1967000000,
    "costOfRevenue": 640000000,
    "grossProfit": 1327000000,
    "grossProfitRatio": 0.6746314184,
    "researchAndDevelopmentExpenses": 138000000,
    "generalAndAdministrativeExpenses": 0,
    "sellingAndMarketingExpenses": 0,
    "sellingGeneralAndAdministrativeExpenses": 593000000,
    "otherExpenses": 0,
    "operatingExpenses": 731000000,
    "costAndExpenses": 1371000000,
    "interestIncome": 2000000,
    "interestExpense": 57000000,
    "depreciationAndAmortization": 117000000,
    "ebitda": 680000000,
    "ebitdaratio": 0.3457041179,
    "operatingIncome": 596000000,
    "operatingIncomeRatio": 0.3029994916,
    "totalOtherIncomeExpensesNet": -90000000,
    "incomeBeforeTax": 506000000,
    "incomeBeforeTaxRatio": 0.2572445348,
    "incomeTaxExpense": 93000000,
    "netIncome": 414000000,
    "netIncomeRatio": 0.2104728012,
    "eps": 0.88,
    "epsdiluted": 0.87,
    "weightedAverageShsOut": 473100000,
    "weightedAverageShsOutDil": 475600000,
    "link": "https://www.sec.gov/Archives/edgar/data/1555280/000155528022000078/0001555280-22-000078-index.htm",
    "finalLink": "https://www.sec.gov/Archives/edgar/data/1555280/000155528022000078/zts-20211231.htm"
  },
  {
    "date": "2021-09-30",
    "symbol": "ZTS",
    "reportedCurrency": "USD",
    "cik": "0001555280",
    "fillingDate": "2021-11-04",
    "acceptedDate": "2021-11-04 11:53:27",
    "calendarYear": "2021",
    "period": "Q3",
    "revenue": 1990000000,
    "costOfRevenue": 626000000,
    "grossProfit": 1364000000,
    "grossProfitRatio": 0.6854271357,
    "researchAndDevelopmentExpenses": 132000000,
    "generalAndAdministrativeExpenses": 0,
    "sellingAndMarketingExpenses": 0,
    "sellingGeneralAndAdministrativeExpenses": 504000000,
    "otherExpenses": 0,
    "operatingExpenses": 636000000,
    "costAndExpenses": 1262000000,
    "interestIncome": 1000000,
    "interestExpense": 59000000,
    "depreciationAndAmortization": 110000000,
    "ebitda": 828000000,
    "ebitdaratio": 0.416080402,
    "operatingIncome": 728000000,
    "operatingIncomeRatio": 0.3658291457,
    "totalOtherIncomeExpensesNet": -69000000,
    "incomeBeforeTax": 659000000,
    "incomeBeforeTaxRatio": 0.3311557789,
    "incomeTaxExpense": 107000000,
    "netIncome": 552000000,
    "netIncomeRatio": 0.2773869347,
    "eps": 1.16,
    "epsdiluted": 1.16,
    "weightedAverageShsOut": 474000000,
    "weightedAverageShsOutDil": 476300000,
    "link": "https://www.sec.gov/Archives/edgar/data/1555280/000155528021000334/0001555280-21-000334-index.htm",
    "finalLink": "https://www.sec.gov/Archives/edgar/data/1555280/000155528021000334/zts-20210930.htm"
  },
  {
    "date": "2021-06-30",
    "symbol": "ZTS",
    "reportedCurrency": "USD",
    "cik": "0001555280",
    "fillingDate": "2021-08-05",
    "acceptedDate": "2021-08-05 12:02:20",
    "calendarYear": "2021",
    "period": "Q2",
    "revenue": 1948000000,
    "costOfRevenue": 609000000,
    "grossProfit": 1339000000,
    "grossProfitRatio": 0.6873716632,
    "researchAndDevelopmentExpenses": 120000000,
    "generalAndAdministrativeExpenses": 0,
    "sellingAndMarketingExpenses": 0,
    "sellingGeneralAndAdministrativeExpenses": 495000000,
    "otherExpenses": 0,
    "operatingExpenses": 615000000,
    "costAndExpenses": 1224000000,
    "interestIncome": 2000000,
    "interestExpense": 60000000,
    "depreciationAndAmortization": 112000000,
    "ebitda": 808000000,
    "ebitdaratio": 0.4147843943,
    "operatingIncome": 724000000,
    "operatingIncomeRatio": 0.3716632444,
    "totalOtherIncomeExpensesNet": -88000000,
    "incomeBeforeTax": 636000000,
    "incomeBeforeTaxRatio": 0.3264887064,
    "incomeTaxExpense": 125000000,
    "netIncome": 512000000,
    "netIncomeRatio": 0.2628336756,
    "eps": 1.08,
    "epsdiluted": 1.07,
    "weightedAverageShsOut": 474800000,
    "weightedAverageShsOutDil": 477000000,
    "link": "https://www.sec.gov/Archives/edgar/data/1555280/000155528021000287/0001555280-21-000287-index.htm",
    "finalLink": "https://www.sec.gov/Archives/edgar/data/1555280/000155528021000287/zts-20210630.htm"
  },
  {
    "date": "2021-03-31",
    "symbol": "ZTS",
    "reportedCurrency": "USD",
    "cik": "0001555280",
    "fillingDate": "2021-05-06",
    "acceptedDate": "2021-05-06 12:11:18",
    "calendarYear": "2021",
    "period": "Q1",
    "revenue": 1871000000,
    "costOfRevenue": 589000000,
    "grossProfit": 1282000000,
    "grossProfitRatio": 0.6851950828,
    "researchAndDevelopmentExpenses": 118000000,
    "generalAndAdministrativeExpenses": 0,
    "sellingAndMarketingExpenses": 0,
    "sellingGeneralAndAdministrativeExpenses": 409000000,
    "otherExpenses": 0,
    "operatingExpenses": 527000000,
    "costAndExpenses": 1116000000,
    "interestIncome": 1000000,
    "interestExpense": 60000000,
    "depreciationAndAmortization": 109000000,
    "ebitda": 856000000,
    "ebitdaratio": 0.4575093533,
    "operatingIncome": 755000000,
    "operatingIncomeRatio": 0.4035275254,
    "totalOtherIncomeExpensesNet": -68000000,
    "incomeBeforeTax": 687000000,
    "incomeBeforeTaxRatio": 0.3671833244,
    "incomeTaxExpense": 129000000,
    "netIncome": 559000000,
    "netIncomeRatio": 0.2987707108,
    "eps": 1.18,
    "epsdiluted": 1.17,
    "weightedAverageShsOut": 475500000,
    "weightedAverageShsOutDil": 477900000,
    "link": "https://www.sec.gov/Archives/edgar/data/1555280/000155528021000226/0001555280-21-000226-index.htm",
    "finalLink": "https://www.sec.gov/Archives/edgar/data/1555280/000155528021000226/zts-20210331.htm"
  },
  {
    "date": "2020-12-31",
    "symbol": "ZTS",
    "reportedCurrency": "USD",
    "cik": "0001555280",
    "fillingDate": "2021-02-16",
    "acceptedDate": "2021-02-16 14:24:47",
    "calendarYear": "2020",
    "period": "Q4",
    "revenue": 1807000000,
    "costOfRevenue": 641000000,
    "grossProfit": 1166000000,
    "grossProfitRatio": 0.6452684007,
    "researchAndDevelopmentExpenses": 133000000,
    "generalAndAdministrativeExpenses": 0,
    "sellingAndMarketingExpenses": 0,
    "sellingGeneralAndAdministrativeExpenses": 518000000,
    "otherExpenses": 0,
    "operatingExpenses": 653000000,
    "costAndExpenses": 1294000000,
    "interestIncome": 3000000,
    "interestExpense": 62000000,
    "depreciationAndAmortization": 109000000,
    "ebitda": 591000000,
    "ebitdaratio": 0.3270614278,
    "operatingIncome": 513000000,
    "operatingIncomeRatio": 0.2838959602,
    "totalOtherIncomeExpensesNet": -93000000,
    "incomeBeforeTax": 420000000,
    "incomeBeforeTaxRatio": 0.2324294411,
    "incomeTaxExpense": 62000000,
    "netIncome": 359000000,
    "netIncomeRatio": 0.1986718318,
    "eps": 0.75,
    "epsdiluted": 0.75,
    "weightedAverageShsOut": 475500000,
    "weightedAverageShsOutDil": 477900000,
    "link": "https://www.sec.gov/Archives/edgar/data/1555280/000155528021000098/0001555280-21-000098-index.htm",
    "finalLink": "https://www.sec.gov/Archives/edgar/data/1555280/000155528021000098/zts-20201231.htm"
  },
  {
    "date": "2020-09-30",
    "symbol": "ZTS",
    "reportedCurrency": "USD",
    "cik": "0001555280",
    "fillingDate": "2020-11-05",
    "acceptedDate": "2020-11-05 12:43:34",
    "calendarYear": "2020",
    "period": "Q3",
    "revenue": 1786000000,
    "costOfRevenue": 586000000,
    "grossProfit": 1200000000,
    "grossProfitRatio": 0.6718924972,
    "researchAndDevelopmentExpenses": 112000000,
    "generalAndAdministrativeExpenses": 0,
    "sellingAndMarketingExpenses": 0,
    "sellingGeneralAndAdministrativeExpenses": 424000000,
    "otherExpenses": 0,
    "operatingExpenses": 536000000,
    "costAndExpenses": 1122000000,
    "interestIncome": 1000000,
    "interestExpense": 66000000,
    "depreciationAndAmortization": 111000000,
    "ebitda": 774000000,
    "ebitdaratio": 0.4333706607,
    "operatingIncome": 664000000,
    "operatingIncomeRatio": 0.3717805151,
    "totalOtherIncomeExpensesNet": -67000000,
    "incomeBeforeTax": 597000000,
    "incomeBeforeTaxRatio": 0.3342665174,
    "incomeTaxExpense": 118000000,
    "netIncome": 479000000,
    "netIncomeRatio": 0.2681970885,
    "eps": 1.01,
    "epsdiluted": 1,
    "weightedAverageShsOut": 475500000,
    "weightedAverageShsOutDil": 478500000,
    "link": "https://www.sec.gov/Archives/edgar/data/1555280/000155528020000316/0001555280-20-000316-index.htm",
    "finalLink": "https://www.sec.gov/Archives/edgar/data/1555280/000155528020000316/zts-20200930.htm"
  },
  {
    "date": "2020-06-30",
    "symbol": "ZTS",
    "reportedCurrency": "USD",
    "cik": "0001555280",
    "fillingDate": "2020-08-06",
    "acceptedDate": "2020-08-06 14:42:13",
    "calendarYear": "2020",
    "period": "Q2",
    "revenue": 1548000000,
    "costOfRevenue": 491000000,
    "grossProfit": 1057000000,
    "grossProfitRatio": 0.6828165375,
    "researchAndDevelopmentExpenses": 111000000,
    "generalAndAdministrativeExpenses": 0,
    "sellingAndMarketingExpenses": 0,
    "sellingGeneralAndAdministrativeExpenses": 393000000,
    "otherExpenses": 0,
    "operatingExpenses": 504000000,
    "costAndExpenses": 995000000,
    "interestIncome": 2000000,
    "interestExpense": 62000000,
    "depreciationAndAmortization": 111000000,
    "ebitda": 655000000,
    "ebitdaratio": 0.423126615,
    "operatingIncome": 553000000,
    "operatingIncomeRatio": 0.3572351421,
    "totalOtherIncomeExpensesNet": -71000000,
    "incomeBeforeTax": 482000000,
    "incomeBeforeTaxRatio": 0.311369509,
    "incomeTaxExpense": 106000000,
    "netIncome": 377000000,
    "netIncomeRatio": 0.2435400517,
    "eps": 0.79,
    "epsdiluted": 0.79,
    "weightedAverageShsOut": 475300000,
    "weightedAverageShsOutDil": 478100000,
    "link": "https://www.sec.gov/Archives/edgar/data/1555280/000155528020000261/0001555280-20-000261-index.htm",
    "finalLink": "https://www.sec.gov/Archives/edgar/data/1555280/000155528020000261/zts-20200630.htm"
  },
  {
    "date": "2020-03-31",
    "symbol": "ZTS",
    "reportedCurrency": "USD",
    "cik": "0001555280",
    "fillingDate": "2020-05-06",
    "acceptedDate": "2020-05-06 12:46:37",
    "calendarYear": "2020",
    "period": "Q1",
    "revenue": 1534000000,
    "costOfRevenue": 499000000,
    "grossProfit": 1035000000,
    "grossProfitRatio": 0.6747066493,
    "researchAndDevelopmentExpenses": 107000000,
    "generalAndAdministrativeExpenses": 0,
    "sellingAndMarketingExpenses": 0,
    "sellingGeneralAndAdministrativeExpenses": 389000000,
    "otherExpenses": 0,
    "operatingExpenses": 496000000,
    "costAndExpenses": 995000000,
    "interestIncome": 6000000,
    "interestExpense": 59000000,
    "depreciationAndAmortization": 110000000,
    "ebitda": 666000000,
    "ebitdaratio": 0.4341590613,
    "operatingIncome": 539000000,
    "operatingIncomeRatio": 0.35136897,
    "totalOtherIncomeExpensesNet": -42000000,
    "incomeBeforeTax": 497000000,
    "incomeBeforeTaxRatio": 0.3239895698,
    "incomeTaxExpense": 74000000,
    "netIncome": 423000000,
    "netIncomeRatio": 0.2757496741,
    "eps": 0.89,
    "epsdiluted": 0.88,
    "weightedAverageShsOut": 475600000,
    "weightedAverageShsOutDil": 479000000,
    "link": "https://www.sec.gov/Archives/edgar/data/1555280/000155528020000199/0001555280-20-000199-index.htm",
    "finalLink": "https://www.sec.gov/Archives/edgar/data/1555280/000155528020000199/zts-20200331.htm"
  },
  {
    "date": "2019-12-31",
    "symbol": "ZTS",
    "reportedCurrency": "USD",
    "cik": "0001555280",
    "fillingDate": "2020-02-13",
    "acceptedDate": "2020-02-13 15:13:44",
    "calendarYear": "2019",
    "period": "Q4",
    "revenue": 1674000000,
    "costOfRevenue": 570000000,
    "grossProfit": 1104000000,
    "grossProfitRatio": 0.6594982079,
    "researchAndDevelopmentExpenses": 132000000,
    "generalAndAdministrativeExpenses": 0,
    "sellingAndMarketingExpenses": 0,
    "sellingGeneralAndAdministrativeExpenses": 472000000,
    "otherExpenses": 0,
    "operatingExpenses": 604000000,
    "costAndExpenses": 1174000000,
    "interestIncome": 8000000,
    "interestExpense": 62000000,
    "depreciationAndAmortization": 109000000,
    "ebitda": 608000000,
    "ebitdaratio": 0.3632019116,
    "operatingIncome": 500000000,
    "operatingIncomeRatio": 0.2986857826,
    "totalOtherIncomeExpensesNet": -63000000,
    "incomeBeforeTax": 437000000,
    "incomeBeforeTaxRatio": 0.261051374,
    "incomeTaxExpense": 53000000,
    "netIncome": 384000000,
    "netIncomeRatio": 0.229390681,
    "eps": 0.81,
    "epsdiluted": 0.8,
    "weightedAverageShsOut": 476400000,
    "weightedAverageShsOutDil": 480200000,
    "link": "https://www.sec.gov/Archives/edgar/data/1555280/000155528020000054/0001555280-20-000054-index.htm",
    "finalLink": "https://www.sec.gov/Archives/edgar/data/1555280/000155528020000054/zoetis-20191231x10kye.htm"
  },
  {
    "date": "2019-09-30",
    "symbol": "ZTS",
    "reportedCurrency": "USD",
    "cik": "0001555280",
    "fillingDate": "2019-11-07",
    "acceptedDate": "2019-11-07 12:51:29",
    "calendarYear": "2019",
    "period": "Q3",
    "revenue": 1584000000,
    "costOfRevenue": 517000000,
    "grossProfit": 1067000000,
    "grossProfitRatio": 0.6736111111,
    "researchAndDevelopmentExpenses": 112000000,
    "generalAndAdministrativeExpenses": 0,
    "sellingAndMarketingExpenses": 0,
    "sellingGeneralAndAdministrativeExpenses": 391000000,
    "otherExpenses": 0,
    "operatingExpenses": 503000000,
    "costAndExpenses": 1020000000,
    "interestIncome": 10000000,
    "interestExpense": 61000000,
    "depreciationAndAmortization": 107000000,
    "ebitda": 696000000,
    "ebitdaratio": 0.4393939394,
    "operatingIncome": 564000000,
    "operatingIncomeRatio": 0.3560606061,
    "totalOtherIncomeExpensesNet": -36000000,
    "incomeBeforeTax": 528000000,
    "incomeBeforeTaxRatio": 0.3333333333,
    "incomeTaxExpense": 95000000,
    "netIncome": 433000000,
    "netIncomeRatio": 0.2733585859,
    "eps": 0.91,
    "epsdiluted": 0.9,
    "weightedAverageShsOut": 477800000,
    "weightedAverageShsOutDil": 481500000,
    "link": "https://www.sec.gov/Archives/edgar/data/1555280/000155528019000270/0001555280-19-000270-index.htm",
    "finalLink": "https://www.sec.gov/Archives/edgar/data/1555280/000155528019000270/a2019q3form10-q.htm"
  },
  {
    "date": "2019-06-30",
    "symbol": "ZTS",
    "reportedCurrency": "USD",
    "cik": "0001555280",
    "fillingDate": "2019-08-09",
    "acceptedDate": "2019-08-09 13:33:45",
    "calendarYear": "2019",
    "period": "Q2",
    "revenue": 1547000000,
    "costOfRevenue": 504000000,
    "grossProfit": 1043000000,
    "grossProfitRatio": 0.6742081448,
    "researchAndDevelopmentExpenses": 111000000,
    "generalAndAdministrativeExpenses": 0,
    "sellingAndMarketingExpenses": 0,
    "sellingGeneralAndAdministrativeExpenses": 406000000,
    "otherExpenses": 0,
    "operatingExpenses": 517000000,
    "costAndExpenses": 1021000000,
    "interestIncome": 9000000,
    "interestExpense": 59000000,
    "depreciationAndAmortization": 98000000,
    "ebitda": 612000000,
    "ebitdaratio": 0.3956043956,
    "operatingIncome": 526000000,
    "operatingIncomeRatio": 0.3400129282,
    "totalOtherIncomeExpensesNet": -71000000,
    "incomeBeforeTax": 455000000,
    "incomeBeforeTaxRatio": 0.2941176471,
    "incomeTaxExpense": 84000000,
    "netIncome": 371000000,
    "netIncomeRatio": 0.2398190045,
    "eps": 0.77,
    "epsdiluted": 0.77,
    "weightedAverageShsOut": 478800000,
    "weightedAverageShsOutDil": 482300000,
    "link": "https://www.sec.gov/Archives/edgar/data/1555280/000155528019000224/0001555280-19-000224-index.htm",
    "finalLink": "https://www.sec.gov/Archives/edgar/data/1555280/000155528019000224/a2019q2form10-qa.htm"
  },
  {
    "date": "2019-03-31",
    "symbol": "ZTS",
    "reportedCurrency": "USD",
    "cik": "0001555280",
    "fillingDate": "2019-05-02",
    "acceptedDate": "2019-05-02 12:54:43",
    "calendarYear": "2019",
    "period": "Q1",
    "revenue": 1455000000,
    "costOfRevenue": 556000000,
    "grossProfit": 899000000,
    "grossProfitRatio": 0.6178694158,
    "researchAndDevelopmentExpenses": 102000000,
    "generalAndAdministrativeExpenses": 0,
    "sellingAndMarketingExpenses": 0,
    "sellingGeneralAndAdministrativeExpenses": 369000000,
    "otherExpenses": 0,
    "operatingExpenses": 471000000,
    "costAndExpenses": 1027000000,
    "interestIncome": 10000000,
    "interestExpense": 60000000,
    "depreciationAndAmortization": 98000000,
    "ebitda": 539000000,
    "ebitdaratio": 0.3704467354,
    "operatingIncome": 428000000,
    "operatingIncomeRatio": 0.2941580756,
    "totalOtherIncomeExpensesNet": -47000000,
    "incomeBeforeTax": 381000000,
    "incomeBeforeTaxRatio": 0.2618556701,
    "incomeTaxExpense": 69000000,
    "netIncome": 312000000,
    "netIncomeRatio": 0.2144329897,
    "eps": 0.65,
    "epsdiluted": 0.65,
    "weightedAverageShsOut": 479600000,
    "weightedAverageShsOutDil": 483100000,
    "link": "https://www.sec.gov/Archives/edgar/data/1555280/000155528019000169/0001555280-19-000169-index.htm",
    "finalLink": "https://www.sec.gov/Archives/edgar/data/1555280/000155528019000169/a2019q1form10-q.htm"
  },
  {
    "date": "2018-12-31",
    "symbol": "ZTS",
    "reportedCurrency": "USD",
    "cik": "0001555280",
    "fillingDate": "2019-02-14",
    "acceptedDate": "2019-02-14 17:08:33",
    "calendarYear": "2018",
    "period": "Q4",
    "revenue": 1564000000,
    "costOfRevenue": 583000000,
    "grossProfit": 981000000,
    "grossProfitRatio": 0.6272378517,
    "researchAndDevelopmentExpenses": 125000000,
    "generalAndAdministrativeExpenses": 0,
    "sellingAndMarketingExpenses": 0,
    "sellingGeneralAndAdministrativeExpenses": 420000000,
    "otherExpenses": 0,
    "operatingExpenses": 545000000,
    "costAndExpenses": 1128000000,
    "interestIncome": 11000000,
    "interestExpense": 62000000,
    "depreciationAndAmortization": 39000000,
    "ebitda": 581000000,
    "ebitdaratio": 0.371483376,
    "operatingIncome": 436000000,
    "operatingIncomeRatio": 0.2787723785,
    "totalOtherIncomeExpensesNet": -18000000,
    "incomeBeforeTax": 418000000,
    "incomeBeforeTaxRatio": 0.2672634271,
    "incomeTaxExpense": 73000000,
    "netIncome": 345000000,
    "netIncomeRatio": 0.2205882353,
    "eps": 0.72,
    "epsdiluted": 0.71,
    "weightedAverageShsOut": 480603000,
    "weightedAverageShsOutDil": 484479000,
    "link": "https://www.sec.gov/Archives/edgar/data/1555280/000155528019000041/0001555280-19-000041-index.htm",
    "finalLink": "https://www.sec.gov/Archives/edgar/data/1555280/000155528019000041/zoetis-20181231x10kye.htm"
  },
  {
    "date": "2018-09-30",
    "symbol": "ZTS",
    "reportedCurrency": "USD",
    "cik": "0001555280",
    "fillingDate": "2018-11-01",
    "acceptedDate": "2018-11-01 16:43:32",
    "calendarYear": "2018",
    "period": "Q3",
    "revenue": 1480000000,
    "costOfRevenue": 505000000,
    "grossProfit": 975000000,
    "grossProfitRatio": 0.6587837838,
    "researchAndDevelopmentExpenses": 108000000,
    "generalAndAdministrativeExpenses": 0,
    "sellingAndMarketingExpenses": 0,
    "sellingGeneralAndAdministrativeExpenses": 367000000,
    "otherExpenses": 0,
    "operatingExpenses": 446000000,
    "costAndExpenses": 951000000,
    "interestIncome": 6000000,
    "interestExpense": 56000000,
    "depreciationAndAmortization": 84000000,
    "ebitda": 558000000,
    "ebitdaratio": 0.377027027,
    "operatingIncome": 529000000,
    "operatingIncomeRatio": 0.3574324324,
    "totalOtherIncomeExpensesNet": -111000000,
    "incomeBeforeTax": 418000000,
    "incomeBeforeTaxRatio": 0.2824324324,
    "incomeTaxExpense": 71000000,
    "netIncome": 347000000,
    "netIncomeRatio": 0.2344594595,
    "eps": 0.72,
    "epsdiluted": 0.71,
    "weightedAverageShsOut": 482000000,
    "weightedAverageShsOutDil": 485800000,
    "link": "https://www.sec.gov/Archives/edgar/data/1555280/000155528018000269/0001555280-18-000269-index.htm",
    "finalLink": "https://www.sec.gov/Archives/edgar/data/1555280/000155528018000269/a2018q3form10-q.htm"
  },
  {
    "date": "2018-06-30",
    "symbol": "ZTS",
    "reportedCurrency": "USD",
    "cik": "0001555280",
    "fillingDate": "2018-08-02",
    "acceptedDate": "2018-08-02 15:34:20",
    "calendarYear": "2018",
    "period": "Q2",
    "revenue": 1415000000,
    "costOfRevenue": 470000000,
    "grossProfit": 945000000,
    "grossProfitRatio": 0.667844523,
    "researchAndDevelopmentExpenses": 102000000,
    "generalAndAdministrativeExpenses": 0,
    "sellingAndMarketingExpenses": 0,
    "sellingGeneralAndAdministrativeExpenses": 359000000,
    "otherExpenses": 0,
    "operatingExpenses": 461000000,
    "costAndExpenses": 931000000,
    "interestIncome": 8000000,
    "interestExpense": 47000000,
    "depreciationAndAmortization": 63000000,
    "ebitda": 547000000,
    "ebitdaratio": 0.3865724382,
    "operatingIncome": 484000000,
    "operatingIncomeRatio": 0.34204947,
    "totalOtherIncomeExpensesNet": -47000000,
    "incomeBeforeTax": 437000000,
    "incomeBeforeTaxRatio": 0.3088339223,
    "incomeTaxExpense": 55000000,
    "netIncome": 384000000,
    "netIncomeRatio": 0.2713780919,
    "eps": 0.79,
    "epsdiluted": 0.79,
    "weightedAverageShsOut": 483800000,
    "weightedAverageShsOutDil": 487500000,
    "link": "https://www.sec.gov/Archives/edgar/data/1555280/000155528018000226/0001555280-18-000226-index.htm",
    "finalLink": "https://www.sec.gov/Archives/edgar/data/1555280/000155528018000226/a2018q2form10-q.htm"
  },
  {
    "date": "2018-03-31",
    "symbol": "ZTS",
    "reportedCurrency": "USD",
    "cik": "0001555280",
    "fillingDate": "2018-05-02",
    "acceptedDate": "2018-05-02 08:08:42",
    "calendarYear": "2018",
    "period": "Q1",
    "revenue": 1366000000,
    "costOfRevenue": 470000000,
    "grossProfit": 896000000,
    "grossProfitRatio": 0.6559297218,
    "researchAndDevelopmentExpenses": 97000000,
    "generalAndAdministrativeExpenses": 0,
    "sellingAndMarketingExpenses": 0,
    "sellingGeneralAndAdministrativeExpenses": 338000000,
    "otherExpenses": 0,
    "operatingExpenses": 435000000,
    "costAndExpenses": 905000000,
    "interestIncome": 6000000,
    "interestExpense": 47000000,
    "depreciationAndAmortization": 23000000,
    "ebitda": 524000000,
    "ebitdaratio": 0.383601757,
    "operatingIncome": 461000000,
    "operatingIncomeRatio": 0.3374816984,
    "totalOtherIncomeExpensesNet": -44000000,
    "incomeBeforeTax": 417000000,
    "incomeBeforeTaxRatio": 0.3052708638,
    "incomeTaxExpense": 67000000,
    "netIncome": 352000000,
    "netIncomeRatio": 0.2576866764,
    "eps": 0.72,
    "epsdiluted": 0.72,
    "weightedAverageShsOut": 485900000,
    "weightedAverageShsOutDil": 489800000,
    "link": "https://www.sec.gov/Archives/edgar/data/1555280/000155528018000171/0001555280-18-000171-index.htm",
    "finalLink": "https://www.sec.gov/Archives/edgar/data/1555280/000155528018000171/a2018q1form10-q.htm"
  },
  {
    "date": "2017-12-31",
    "symbol": "ZTS",
    "reportedCurrency": "USD",
    "cik": "0001555280",
    "fillingDate": "2018-02-15",
    "acceptedDate": "2018-02-15 12:31:15",
    "calendarYear": "2017",
    "period": "Q4",
    "revenue": 1460000000,
    "costOfRevenue": 480000000,
    "grossProfit": 980000000,
    "grossProfitRatio": 0.6712328767,
    "researchAndDevelopmentExpenses": 110000000,
    "generalAndAdministrativeExpenses": 0,
    "sellingAndMarketingExpenses": 0,
    "sellingGeneralAndAdministrativeExpenses": 361000000,
    "otherExpenses": 0,
    "operatingExpenses": 471000000,
    "costAndExpenses": 951000000,
    "interestIncome": 0,
    "interestExpense": 50000000,
    "depreciationAndAmortization": 23000000,
    "ebitda": 543000000,
    "ebitdaratio": 0.3719178082,
    "operatingIncome": 509000000,
    "operatingIncomeRatio": 0.348630137,
    "totalOtherIncomeExpensesNet": -79000000,
    "incomeBeforeTax": 430000000,
    "incomeBeforeTaxRatio": 0.2945205479,
    "incomeTaxExpense": 350000000,
    "netIncome": 81000000,
    "netIncomeRatio": 0.0554794521,
    "eps": 0.17,
    "epsdiluted": 0.16,
    "weightedAverageShsOut": 487323000,
    "weightedAverageShsOutDil": 491022000,
    "link": "https://www.sec.gov/Archives/edgar/data/1555280/000155528018000053/0001555280-18-000053-index.htm",
    "finalLink": "https://www.sec.gov/Archives/edgar/data/1555280/000155528018000053/zoetis-20171231x10kye.htm"
  },
  {
    "date": "2017-10-01",
    "symbol": "ZTS",
    "reportedCurrency": "USD",
    "cik": "0001555280",
    "fillingDate": "2017-11-02",
    "acceptedDate": "2017-11-02 10:53:23",
    "calendarYear": "2017",
    "period": "Q3",
    "revenue": 1347000000,
    "costOfRevenue": 458000000,
    "grossProfit": 889000000,
    "grossProfitRatio": 0.6599851522,
    "researchAndDevelopmentExpenses": 96000000,
    "generalAndAdministrativeExpenses": 0,
    "sellingAndMarketingExpenses": 0,
    "sellingGeneralAndAdministrativeExpenses": 328000000,
    "otherExpenses": 0,
    "operatingExpenses": 424000000,
    "costAndExpenses": 882000000,
    "interestIncome": 3000000,
    "interestExpense": 43000000,
    "depreciationAndAmortization": 58000000,
    "ebitda": 514000000,
    "ebitdaratio": 0.3815887157,
    "operatingIncome": 465000000,
    "operatingIncomeRatio": 0.3452115813,
    "totalOtherIncomeExpensesNet": -52000000,
    "incomeBeforeTax": 413000000,
    "incomeBeforeTaxRatio": 0.3066072754,
    "incomeTaxExpense": 117000000,
    "netIncome": 298000000,
    "netIncomeRatio": 0.2212323682,
    "eps": 0.61,
    "epsdiluted": 0.61,
    "weightedAverageShsOut": 489100000,
    "weightedAverageShsOutDil": 492400000,
    "link": "https://www.sec.gov/Archives/edgar/data/1555280/000155528017000209/0001555280-17-000209-index.htm",
    "finalLink": "https://www.sec.gov/Archives/edgar/data/1555280/000155528017000209/a2017q3form10-q.htm"
  },
  {
    "date": "2017-07-02",
    "symbol": "ZTS",
    "reportedCurrency": "USD",
    "cik": "0001555280",
    "fillingDate": "2017-08-08",
    "acceptedDate": "2017-08-08 15:30:50",
    "calendarYear": "2017",
    "period": "Q2",
    "revenue": 1269000000,
    "costOfRevenue": 462000000,
    "grossProfit": 807000000,
    "grossProfitRatio": 0.6359338061,
    "researchAndDevelopmentExpenses": 86000000,
    "generalAndAdministrativeExpenses": 0,
    "sellingAndMarketingExpenses": 0,
    "sellingGeneralAndAdministrativeExpenses": 336000000,
    "otherExpenses": 0,
    "operatingExpenses": 424000000,
    "costAndExpenses": 886000000,
    "interestIncome": 0,
    "interestExpense": 41000000,
    "depreciationAndAmortization": 59000000,
    "ebitda": 445000000,
    "ebitdaratio": 0.3506698188,
    "operatingIncome": 383000000,
    "operatingIncomeRatio": 0.3018124507,
    "totalOtherIncomeExpensesNet": -38000000,
    "incomeBeforeTax": 345000000,
    "incomeBeforeTaxRatio": 0.2718676123,
    "incomeTaxExpense": 98000000,
    "netIncome": 247000000,
    "netIncomeRatio": 0.19464145,
    "eps": 0.5,
    "epsdiluted": 0.5,
    "weightedAverageShsOut": 490800000,
    "weightedAverageShsOutDil": 494000000,
    "link": "https://www.sec.gov/Archives/edgar/data/1555280/000155528017000175/0001555280-17-000175-index.htm",
    "finalLink": "https://www.sec.gov/Archives/edgar/data/1555280/000155528017000175/a2017q2form10-q.htm"
  },
  {
    "date": "2017-04-02",
    "symbol": "ZTS",
    "reportedCurrency": "USD",
    "cik": "0001555280",
    "fillingDate": "2017-05-04",
    "acceptedDate": "2017-05-04 16:12:32",
    "calendarYear": "2017",
    "period": "Q1",
    "revenue": 1231000000,
    "costOfRevenue": 464000000,
    "grossProfit": 767000000,
    "grossProfitRatio": 0.6230706742,
    "researchAndDevelopmentExpenses": 90000000,
    "generalAndAdministrativeExpenses": 0,
    "sellingAndMarketingExpenses": 0,
    "sellingGeneralAndAdministrativeExpenses": 309000000,
    "otherExpenses": 0,
    "operatingExpenses": 399000000,
    "costAndExpenses": 863000000,
    "interestIncome": 0,
    "interestExpense": 41000000,
    "depreciationAndAmortization": 62000000,
    "ebitda": 440000000,
    "ebitdaratio": 0.3574329813,
    "operatingIncome": 368000000,
    "operatingIncomeRatio": 0.298943948,
    "totalOtherIncomeExpensesNet": -31000000,
    "incomeBeforeTax": 337000000,
    "incomeBeforeTaxRatio": 0.2737611698,
    "incomeTaxExpense": 98000000,
    "netIncome": 238000000,
    "netIncomeRatio": 0.193338749,
    "eps": 0.48,
    "epsdiluted": 0.48,
    "weightedAverageShsOut": 492400000,
    "weightedAverageShsOutDil": 495300000,
    "link": "https://www.sec.gov/Archives/edgar/data/1555280/000155528017000127/0001555280-17-000127-index.htm",
    "finalLink": "https://www.sec.gov/Archives/edgar/data/1555280/000155528017000127/a2017q1form10-q.htm"
  },
  {
    "date": "2016-12-31",
    "symbol": "ZTS",
    "reportedCurrency": "USD",
    "cik": "0001555280",
    "fillingDate": "2017-02-16",
    "acceptedDate": "2017-02-16 16:26:45",
    "calendarYear": "2016",
    "period": "Q4",
    "revenue": 1277000000,
    "costOfRevenue": 487000000,
    "grossProfit": 790000000,
    "grossProfitRatio": 0.6186374315,
    "researchAndDevelopmentExpenses": 108000000,
    "generalAndAdministrativeExpenses": 0,
    "sellingAndMarketingExpenses": 0,
    "sellingGeneralAndAdministrativeExpenses": 361000000,
    "otherExpenses": 0,
    "operatingExpenses": 469000000,
    "costAndExpenses": 956000000,
    "interestIncome": 0,
    "interestExpense": 41000000,
    "depreciationAndAmortization": 21000000,
    "ebitda": 335000000,
    "ebitdaratio": 0.2623335944,
    "operatingIncome": 321000000,
    "operatingIncomeRatio": 0.2513703994,
    "totalOtherIncomeExpensesNet": -90000000,
    "incomeBeforeTax": 231000000,
    "incomeBeforeTaxRatio": 0.1808927173,
    "incomeTaxExpense": 77000000,
    "netIncome": 154000000,
    "netIncomeRatio": 0.1205951449,
    "eps": 0.31,
    "epsdiluted": 0.31,
    "weightedAverageShsOut": 493932000,
    "weightedAverageShsOutDil": 496638000,
    "link": "https://www.sec.gov/Archives/edgar/data/1555280/000155528017000044/0001555280-17-000044-index.htm",
    "finalLink": "https://www.sec.gov/Archives/edgar/data/1555280/000155528017000044/zoetis-20161231x10kye.htm"
  },
  {
    "date": "2016-10-02",
    "symbol": "ZTS",
    "reportedCurrency": "USD",
    "cik": "0001555280",
    "fillingDate": "2016-11-03",
    "acceptedDate": "2016-11-03 11:46:21",
    "calendarYear": "2016",
    "period": "Q3",
    "revenue": 1241000000,
    "costOfRevenue": 429000000,
    "grossProfit": 812000000,
    "grossProfitRatio": 0.6543110395,
    "researchAndDevelopmentExpenses": 90000000,
    "generalAndAdministrativeExpenses": 0,
    "sellingAndMarketingExpenses": 0,
    "sellingGeneralAndAdministrativeExpenses": 345000000,
    "otherExpenses": 0,
    "operatingExpenses": 435000000,
    "costAndExpenses": 864000000,
    "interestIncome": 0,
    "interestExpense": 41000000,
    "depreciationAndAmortization": 21000000,
    "ebitda": 434000000,
    "ebitdaratio": 0.3497179694,
    "operatingIncome": 377000000,
    "operatingIncomeRatio": 0.3037872683,
    "totalOtherIncomeExpensesNet": -44000000,
    "incomeBeforeTax": 333000000,
    "incomeBeforeTaxRatio": 0.2683319903,
    "incomeTaxExpense": 96000000,
    "netIncome": 239000000,
    "netIncomeRatio": 0.1925866237,
    "eps": 0.48,
    "epsdiluted": 0.48,
    "weightedAverageShsOut": 495200000,
    "weightedAverageShsOutDil": 497900000,
    "link": "https://www.sec.gov/Archives/edgar/data/1555280/000155528016000488/0001555280-16-000488-index.htm",
    "finalLink": "https://www.sec.gov/Archives/edgar/data/1555280/000155528016000488/a2016q3form10-q.htm"
  },
  {
    "date": "2016-07-03",
    "symbol": "ZTS",
    "reportedCurrency": "USD",
    "cik": "0001555280",
    "fillingDate": "2016-08-05",
    "acceptedDate": "2016-08-05 09:58:27",
    "calendarYear": "2016",
    "period": "Q2",
    "revenue": 1208000000,
    "costOfRevenue": 399000000,
    "grossProfit": 809000000,
    "grossProfitRatio": 0.6697019868,
    "researchAndDevelopmentExpenses": 88000000,
    "generalAndAdministrativeExpenses": 0,
    "sellingAndMarketingExpenses": 0,
    "sellingGeneralAndAdministrativeExpenses": 343000000,
    "otherExpenses": -4000000,
    "operatingExpenses": 453000000,
    "costAndExpenses": 852000000,
    "interestIncome": 0,
    "interestExpense": 41000000,
    "depreciationAndAmortization": 22000000,
    "ebitda": 374000000,
    "ebitdaratio": 0.309602649,
    "operatingIncome": 356000000,
    "operatingIncomeRatio": 0.2947019868,
    "totalOtherIncomeExpensesNet": -24000000,
    "incomeBeforeTax": 332000000,
    "incomeBeforeTaxRatio": 0.2748344371,
    "incomeTaxExpense": 108000000,
    "netIncome": 224000000,
    "netIncomeRatio": 0.1854304636,
    "eps": 0.45,
    "epsdiluted": 0.45,
    "weightedAverageShsOut": 496300000,
    "weightedAverageShsOutDil": 498800000,
    "link": "https://www.sec.gov/Archives/edgar/data/1555280/000155528016000420/0001555280-16-000420-index.htm",
    "finalLink": "https://www.sec.gov/Archives/edgar/data/1555280/000155528016000420/a2016q2form10-q.htm"
  },
  {
    "date": "2016-04-03",
    "symbol": "ZTS",
    "reportedCurrency": "USD",
    "cik": "0001555280",
    "fillingDate": "2016-05-06",
    "acceptedDate": "2016-05-06 13:09:22",
    "calendarYear": "2016",
    "period": "Q1",
    "revenue": 1162000000,
    "costOfRevenue": 389000000,
    "grossProfit": 773000000,
    "grossProfitRatio": 0.665232358,
    "researchAndDevelopmentExpenses": 90000000,
    "generalAndAdministrativeExpenses": 0,
    "sellingAndMarketingExpenses": 0,
    "sellingGeneralAndAdministrativeExpenses": 315000000,
    "otherExpenses": 30000000,
    "operatingExpenses": 426000000,
    "costAndExpenses": 815000000,
    "interestIncome": 0,
    "interestExpense": 43000000,
    "depreciationAndAmortization": 21000000,
    "ebitda": 398000000,
    "ebitdaratio": 0.3425129088,
    "operatingIncome": 347000000,
    "operatingIncomeRatio": 0.2986230637,
    "totalOtherIncomeExpensesNet": -54000000,
    "incomeBeforeTax": 332000000,
    "incomeBeforeTaxRatio": 0.2857142857,
    "incomeTaxExpense": 128000000,
    "netIncome": 204000000,
    "netIncomeRatio": 0.1755593804,
    "eps": 0.41,
    "epsdiluted": 0.41,
    "weightedAverageShsOut": 497399000,
    "weightedAverageShsOutDil": 499539000,
    "link": "https://www.sec.gov/Archives/edgar/data/1555280/000155528016000387/0001555280-16-000387-index.htm",
    "finalLink": "https://www.sec.gov/Archives/edgar/data/1555280/000155528016000387/a2016q1form10-q.htm"
  },
  {
    "date": "2015-12-31",
    "symbol": "ZTS",
    "reportedCurrency": "USD",
    "cik": "0001555280",
    "fillingDate": "2016-02-24",
    "acceptedDate": "2016-02-24 11:32:51",
    "calendarYear": "2015",
    "period": "Q4",
    "revenue": 1274000000,
    "costOfRevenue": 496000000,
    "grossProfit": 778000000,
    "grossProfitRatio": 0.6106750392,
    "researchAndDevelopmentExpenses": 109000000,
    "generalAndAdministrativeExpenses": 319000000,
    "sellingAndMarketingExpenses": 106000000,
    "sellingGeneralAndAdministrativeExpenses": 425000000,
    "otherExpenses": -81000000,
    "operatingExpenses": 550000000,
    "costAndExpenses": 1046000000,
    "interestIncome": 0,
    "interestExpense": 38000000,
    "depreciationAndAmortization": 16000000,
    "ebitda": 162000000,
    "ebitdaratio": 0.1271585557,
    "operatingIncome": 228000000,
    "operatingIncomeRatio": 0.1789638932,
    "totalOtherIncomeExpensesNet": -159000000,
    "incomeBeforeTax": 69000000,
    "incomeBeforeTaxRatio": 0.0541601256,
    "incomeTaxExpense": 49000000,
    "netIncome": 22000000,
    "netIncomeRatio": 0.0172684458,
    "eps": 0.04,
    "epsdiluted": 0.04,
    "weightedAverageShsOut": 498271000,
    "weightedAverageShsOutDil": 500639000,
    "link": "https://www.sec.gov/Archives/edgar/data/1555280/000155528016000344/0001555280-16-000344-index.htm",
    "finalLink": "https://www.sec.gov/Archives/edgar/data/1555280/000155528016000344/zoetis-20151231x10kye.htm"
  },
  {
    "date": "2015-09-27",
    "symbol": "ZTS",
    "reportedCurrency": "USD",
    "cik": "0001555280",
    "fillingDate": "2015-11-05",
    "acceptedDate": "2015-11-05 17:00:40",
    "calendarYear": "2015",
    "period": "Q3",
    "revenue": 1214000000,
    "costOfRevenue": 421000000,
    "grossProfit": 793000000,
    "grossProfitRatio": 0.6532125206,
    "researchAndDevelopmentExpenses": 91000000,
    "generalAndAdministrativeExpenses": 0,
    "sellingAndMarketingExpenses": 0,
    "sellingGeneralAndAdministrativeExpenses": 374000000,
    "otherExpenses": 2000000,
    "operatingExpenses": 480000000,
    "costAndExpenses": 901000000,
    "interestIncome": 0,
    "interestExpense": 29000000,
    "depreciationAndAmortization": 15000000,
    "ebitda": 397000000,
    "ebitdaratio": 0.3270181219,
    "operatingIncome": 313000000,
    "operatingIncomeRatio": 0.2578253707,
    "totalOtherIncomeExpensesNet": -40000000,
    "incomeBeforeTax": 273000000,
    "incomeBeforeTaxRatio": 0.2248764415,
    "incomeTaxExpense": 83000000,
    "netIncome": 189000000,
    "netIncomeRatio": 0.1556836903,
    "eps": 0.38,
    "epsdiluted": 0.38,
    "weightedAverageShsOut": 499239000,
    "weightedAverageShsOutDil": 501653000,
    "link": "https://www.sec.gov/Archives/edgar/data/1555280/000155528015000245/0001555280-15-000245-index.htm",
    "finalLink": "https://www.sec.gov/Archives/edgar/data/1555280/000155528015000245/a20153qform10-q.htm"
  },
  {
    "date": "2015-06-28",
    "symbol": "ZTS",
    "reportedCurrency": "USD",
    "cik": "0001555280",
    "fillingDate": "2015-08-06",
    "acceptedDate": "2015-08-06 17:05:37",
    "calendarYear": "2015",
    "period": "Q2",
    "revenue": 1175000000,
    "costOfRevenue": 427000000,
    "grossProfit": 748000000,
    "grossProfitRatio": 0.6365957447,
    "researchAndDevelopmentExpenses": 84000000,
    "generalAndAdministrativeExpenses": 0,
    "sellingAndMarketingExpenses": 0,
    "sellingGeneralAndAdministrativeExpenses": 379000000,
    "otherExpenses": -2000000,
    "operatingExpenses": 478000000,
    "costAndExpenses": 905000000,
    "interestIncome": 0,
    "interestExpense": 29000000,
    "depreciationAndAmortization": 15000000,
    "ebitda": 374000000,
    "ebitdaratio": 0.3182978723,
    "operatingIncome": 270000000,
    "operatingIncomeRatio": 0.229787234,
    "totalOtherIncomeExpensesNet": -297000000,
    "incomeBeforeTax": -27000000,
    "incomeBeforeTaxRatio": -0.0229787234,
    "incomeTaxExpense": 9000000,
    "netIncome": -37000000,
    "netIncomeRatio": -0.0314893617,
    "eps": -0.074,
    "epsdiluted": -0.074,
    "weightedAverageShsOut": 500173000,
    "weightedAverageShsOutDil": 500173000,
    "link": "https://www.sec.gov/Archives/edgar/data/1555280/000155528015000210/0001555280-15-000210-index.htm",
    "finalLink": "https://www.sec.gov/Archives/edgar/data/1555280/000155528015000210/zoetis-2015june2810qq2.htm"
  },
  {
    "date": "2015-03-29",
    "symbol": "ZTS",
    "reportedCurrency": "USD",
    "cik": "0001555280",
    "fillingDate": "2015-05-07",
    "acceptedDate": "2015-05-07 15:41:30",
    "calendarYear": "2015",
    "period": "Q1",
    "revenue": 1102000000,
    "costOfRevenue": 394000000,
    "grossProfit": 708000000,
    "grossProfitRatio": 0.6424682396,
    "researchAndDevelopmentExpenses": 80000000,
    "generalAndAdministrativeExpenses": 0,
    "sellingAndMarketingExpenses": 0,
    "sellingGeneralAndAdministrativeExpenses": 354000000,
    "otherExpenses": 8000000,
    "operatingExpenses": 449000000,
    "costAndExpenses": 843000000,
    "interestIncome": 0,
    "interestExpense": 28000000,
    "depreciationAndAmortization": 15000000,
    "ebitda": 274000000,
    "ebitdaratio": 0.2486388385,
    "operatingIncome": 259000000,
    "operatingIncomeRatio": 0.2350272232,
    "totalOtherIncomeExpensesNet": -29000000,
    "incomeBeforeTax": 230000000,
    "incomeBeforeTaxRatio": 0.2087114338,
    "incomeTaxExpense": 65000000,
    "netIncome": 165000000,
    "netIncomeRatio": 0.1497277677,
    "eps": 0.33,
    "epsdiluted": 0.33,
    "weightedAverageShsOut": 501146000,
    "weightedAverageShsOutDil": 503224000,
    "link": "https://www.sec.gov/Archives/edgar/data/1555280/000155528015000169/0001555280-15-000169-index.htm",
    "finalLink": "https://www.sec.gov/Archives/edgar/data/1555280/000155528015000169/zoetis-2015329x10q1q.htm"
  },
  {
    "date": "2014-12-31",
    "symbol": "ZTS",
    "reportedCurrency": "USD",
    "cik": "0001555280",
    "fillingDate": "2015-02-27",
    "acceptedDate": "2015-02-27 16:52:38",
    "calendarYear": "2014",
    "period": "Q4",
    "revenue": 1320000000,
    "costOfRevenue": 491000000,
    "grossProfit": 829000000,
    "grossProfitRatio": 0.628030303,
    "researchAndDevelopmentExpenses": 124000000,
    "generalAndAdministrativeExpenses": 365000000,
    "sellingAndMarketingExpenses": 132000000,
    "sellingGeneralAndAdministrativeExpenses": 497000000,
    "otherExpenses": 6000000,
    "operatingExpenses": 635000000,
    "costAndExpenses": 1126000000,
    "interestIncome": 0,
    "interestExpense": 30000000,
    "depreciationAndAmortization": 14000000,
    "ebitda": 34000000,
    "ebitdaratio": 0.0257575758,
    "operatingIncome": 194000000,
    "operatingIncomeRatio": 0.146969697,
    "totalOtherIncomeExpensesNet": -39000000,
    "incomeBeforeTax": 155000000,
    "incomeBeforeTaxRatio": 0.1174242424,
    "incomeTaxExpense": 29000000,
    "netIncome": 126000000,
    "netIncomeRatio": 0.0954545455,
    "eps": 0.25,
    "epsdiluted": 0.25,
    "weightedAverageShsOut": 501560000,
    "weightedAverageShsOutDil": 503269000,
    "link": "https://www.sec.gov/Archives/edgar/data/1555280/000155528015000057/0001555280-15-000057-index.htm",
    "finalLink": "https://www.sec.gov/Archives/edgar/data/1555280/000155528015000057/zoetis-20141231x10kye.htm"
  },
  {
    "date": "2014-09-28",
    "symbol": "ZTS",
    "reportedCurrency": "USD",
    "cik": "0001555280",
    "fillingDate": "2014-11-10",
    "acceptedDate": "2014-11-10 16:31:04",
    "calendarYear": "2014",
    "period": "Q3",
    "revenue": 1210000000,
    "costOfRevenue": 434000000,
    "grossProfit": 776000000,
    "grossProfitRatio": 0.641322314,
    "researchAndDevelopmentExpenses": 93000000,
    "generalAndAdministrativeExpenses": 0,
    "sellingAndMarketingExpenses": 0,
    "sellingGeneralAndAdministrativeExpenses": 394000000,
    "otherExpenses": -4000000,
    "operatingExpenses": 503000000,
    "costAndExpenses": 937000000,
    "interestIncome": 0,
    "interestExpense": 29000000,
    "depreciationAndAmortization": 16000000,
    "ebitda": 355000000,
    "ebitdaratio": 0.2933884298,
    "operatingIncome": 273000000,
    "operatingIncomeRatio": 0.2256198347,
    "totalOtherIncomeExpensesNet": -35000000,
    "incomeBeforeTax": 238000000,
    "incomeBeforeTaxRatio": 0.1966942149,
    "incomeTaxExpense": 71000000,
    "netIncome": 166000000,
    "netIncomeRatio": 0.1371900826,
    "eps": 0.33,
    "epsdiluted": 0.33,
    "weightedAverageShsOut": 501453000,
    "weightedAverageShsOutDil": 502445000,
    "link": "https://www.sec.gov/Archives/edgar/data/1555280/000155528014000335/0001555280-14-000335-index.htm",
    "finalLink": "https://www.sec.gov/Archives/edgar/data/1555280/000155528014000335/zoetis-2014928x10q3q.htm"
  },
  {
    "date": "2014-06-29",
    "symbol": "ZTS",
    "reportedCurrency": "USD",
    "cik": "0001555280",
    "fillingDate": "2014-08-12",
    "acceptedDate": "2014-08-12 16:42:46",
    "calendarYear": "2014",
    "period": "Q2",
    "revenue": 1158000000,
    "costOfRevenue": 413000000,
    "grossProfit": 745000000,
    "grossProfitRatio": 0.6433506045,
    "researchAndDevelopmentExpenses": 92000000,
    "generalAndAdministrativeExpenses": 0,
    "sellingAndMarketingExpenses": 0,
    "sellingGeneralAndAdministrativeExpenses": 396000000,
    "otherExpenses": -8000000,
    "operatingExpenses": 503000000,
    "costAndExpenses": 916000000,
    "interestIncome": 0,
    "interestExpense": 29000000,
    "depreciationAndAmortization": 15000000,
    "ebitda": 332000000,
    "ebitdaratio": 0.286701209,
    "operatingIncome": 242000000,
    "operatingIncomeRatio": 0.2089810017,
    "totalOtherIncomeExpensesNet": -42000000,
    "incomeBeforeTax": 200000000,
    "incomeBeforeTaxRatio": 0.1727115717,
    "incomeTaxExpense": 61000000,
    "netIncome": 136000000,
    "netIncomeRatio": 0.1174438687,
    "eps": 0.27,
    "epsdiluted": 0.27,
    "weightedAverageShsOut": 500975000,
    "weightedAverageShsOutDil": 501684000,
    "link": "https://www.sec.gov/Archives/edgar/data/1555280/000155528014000274/0001555280-14-000274-index.htm",
    "finalLink": "https://www.sec.gov/Archives/edgar/data/1555280/000155528014000274/zoetis-2014629x10q2q.htm"
  },
  {
    "date": "2014-03-30",
    "symbol": "ZTS",
    "reportedCurrency": "USD",
    "cik": "0001555280",
    "fillingDate": "2014-05-13",
    "acceptedDate": "2014-05-13 17:10:12",
    "calendarYear": "2014",
    "period": "Q1",
    "revenue": 1097000000,
    "costOfRevenue": 379000000,
    "grossProfit": 718000000,
    "grossProfitRatio": 0.6545123063,
    "researchAndDevelopmentExpenses": 87000000,
    "generalAndAdministrativeExpenses": 0,
    "sellingAndMarketingExpenses": 0,
    "sellingGeneralAndAdministrativeExpenses": 356000000,
    "otherExpenses": -1000000,
    "operatingExpenses": 458000000,
    "costAndExpenses": 837000000,
    "interestIncome": 0,
    "interestExpense": 29000000,
    "depreciationAndAmortization": 15000000,
    "ebitda": 306000000,
    "ebitdaratio": 0.2789425706,
    "operatingIncome": 260000000,
    "operatingIncomeRatio": 0.2370100273,
    "totalOtherIncomeExpensesNet": -33000000,
    "incomeBeforeTax": 227000000,
    "incomeBeforeTaxRatio": 0.2069279854,
    "incomeTaxExpense": 72000000,
    "netIncome": 155000000,
    "netIncomeRatio": 0.1412944394,
    "eps": 0.31,
    "epsdiluted": 0.31,
    "weightedAverageShsOut": 500231000,
    "weightedAverageShsOutDil": 500702000,
    "link": "https://www.sec.gov/Archives/edgar/data/1555280/000155528014000213/0001555280-14-000213-index.htm",
    "finalLink": "https://www.sec.gov/Archives/edgar/data/1555280/000155528014000213/zoetis-2014330x10q1q.htm"
  },
  {
    "date": "2013-12-31",
    "symbol": "ZTS",
    "reportedCurrency": "USD",
    "cik": "0001555280",
    "fillingDate": "2014-03-26",
    "acceptedDate": "2014-03-26 17:15:58",
    "calendarYear": "2013",
    "period": "Q4",
    "revenue": 1254000000,
    "costOfRevenue": 466000000,
    "grossProfit": 788000000,
    "grossProfitRatio": 0.6283891547,
    "researchAndDevelopmentExpenses": 121000000,
    "generalAndAdministrativeExpenses": 315000000,
    "sellingAndMarketingExpenses": 143000000,
    "sellingGeneralAndAdministrativeExpenses": 458000000,
    "otherExpenses": -2000000,
    "operatingExpenses": 594000000,
    "costAndExpenses": 1060000000,
    "interestIncome": 0,
    "interestExpense": 30000000,
    "depreciationAndAmortization": 15000000,
    "ebitda": 214000000,
    "ebitdaratio": 0.1706539075,
    "operatingIncome": 194000000,
    "operatingIncomeRatio": 0.1547049442,
    "totalOtherIncomeExpensesNet": -68000000,
    "incomeBeforeTax": 126000000,
    "incomeBeforeTaxRatio": 0.1004784689,
    "incomeTaxExpense": 22000000,
    "netIncome": 105000000,
    "netIncomeRatio": 0.0837320574,
    "eps": 0.21,
    "epsdiluted": 0.21,
    "weightedAverageShsOut": 500007000,
    "weightedAverageShsOutDil": 500586000,
    "link": "https://www.sec.gov/Archives/edgar/data/1555280/000155528014000164/0001555280-14-000164-index.htm",
    "finalLink": "https://www.sec.gov/Archives/edgar/data/1555280/000155528014000164/zoetis-20131231x10kye.htm"
  },
  {
    "date": "2013-09-29",
    "symbol": "ZTS",
    "reportedCurrency": "USD",
    "cik": "0001555280",
    "fillingDate": "2013-11-13",
    "acceptedDate": "2013-11-13 16:58:07",
    "calendarYear": "2013",
    "period": "Q3",
    "revenue": 1103000000,
    "costOfRevenue": 385000000,
    "grossProfit": 718000000,
    "grossProfitRatio": 0.6509519492,
    "researchAndDevelopmentExpenses": 93000000,
    "generalAndAdministrativeExpenses": 0,
    "sellingAndMarketingExpenses": 0,
    "sellingGeneralAndAdministrativeExpenses": 399000000,
    "otherExpenses": 6000000,
    "operatingExpenses": 507000000,
    "costAndExpenses": 892000000,
    "interestIncome": 0,
    "interestExpense": 29000000,
    "depreciationAndAmortization": 15000000,
    "ebitda": 303000000,
    "ebitdaratio": 0.274705349,
    "operatingIncome": 211000000,
    "operatingIncomeRatio": 0.1912964642,
    "totalOtherIncomeExpensesNet": -41000000,
    "incomeBeforeTax": 185000000,
    "incomeBeforeTaxRatio": 0.167724388,
    "incomeTaxExpense": 54000000,
    "netIncome": 131000000,
    "netIncomeRatio": 0.1187669991,
    "eps": 0.26,
    "epsdiluted": 0.26,
    "weightedAverageShsOut": 500000000,
    "weightedAverageShsOutDil": 500354000,
    "link": "https://www.sec.gov/Archives/edgar/data/1555280/000155528013000114/0001555280-13-000114-index.htm",
    "finalLink": "https://www.sec.gov/Archives/edgar/data/1555280/000155528013000114/zoetis-2013929x10q3q.htm"
  },
  {
    "date": "2013-06-30",
    "symbol": "ZTS",
    "reportedCurrency": "USD",
    "cik": "0001555280",
    "fillingDate": "2013-08-14",
    "acceptedDate": "2013-08-14 09:29:26",
    "calendarYear": "2013",
    "period": "Q2",
    "revenue": 1114000000,
    "costOfRevenue": 416000000,
    "grossProfit": 698000000,
    "grossProfitRatio": 0.6265709156,
    "researchAndDevelopmentExpenses": 95000000,
    "generalAndAdministrativeExpenses": 0,
    "sellingAndMarketingExpenses": 0,
    "sellingGeneralAndAdministrativeExpenses": 399000000,
    "otherExpenses": 10000000,
    "operatingExpenses": 509000000,
    "costAndExpenses": 925000000,
    "interestIncome": 0,
    "interestExpense": 32000000,
    "depreciationAndAmortization": 15000000,
    "ebitda": 214000000,
    "ebitdaratio": 0.1921005386,
    "operatingIncome": 189000000,
    "operatingIncomeRatio": 0.1696588869,
    "totalOtherIncomeExpensesNet": -2000000,
    "incomeBeforeTax": 187000000,
    "incomeBeforeTaxRatio": 0.1678635548,
    "incomeTaxExpense": 59000000,
    "netIncome": 128000000,
    "netIncomeRatio": 0.1149012567,
    "eps": 0.26,
    "epsdiluted": 0.26,
    "weightedAverageShsOut": 500000000,
    "weightedAverageShsOutDil": 500217000,
    "link": "https://www.sec.gov/Archives/edgar/data/1555280/000155528013000042/0001555280-13-000042-index.htm",
    "finalLink": "https://www.sec.gov/Archives/edgar/data/1555280/000155528013000042/zoetis-2013630x10q.htm"
  },
  {
    "date": "2013-03-31",
    "symbol": "ZTS",
    "reportedCurrency": "USD",
    "cik": "0001555280",
    "fillingDate": "2013-05-15",
    "acceptedDate": "2013-05-15 17:21:32",
    "calendarYear": "2013",
    "period": "Q1",
    "revenue": 1090000000,
    "costOfRevenue": 402000000,
    "grossProfit": 688000000,
    "grossProfitRatio": 0.6311926606,
    "researchAndDevelopmentExpenses": 90000000,
    "generalAndAdministrativeExpenses": 0,
    "sellingAndMarketingExpenses": 0,
    "sellingGeneralAndAdministrativeExpenses": 357000000,
    "otherExpenses": -5000000,
    "operatingExpenses": 462000000,
    "costAndExpenses": 864000000,
    "interestIncome": 0,
    "interestExpense": 22000000,
    "depreciationAndAmortization": 15000000,
    "ebitda": 265000000,
    "ebitdaratio": 0.2431192661,
    "operatingIncome": 226000000,
    "operatingIncomeRatio": 0.2073394495,
    "totalOtherIncomeExpensesNet": -34000000,
    "incomeBeforeTax": 192000000,
    "incomeBeforeTaxRatio": 0.176146789,
    "incomeTaxExpense": 52000000,
    "netIncome": 140000000,
    "netIncomeRatio": 0.128440367,
    "eps": 0.28,
    "epsdiluted": 0.28,
    "weightedAverageShsOut": 500000000,
    "weightedAverageShsOutDil": 500111000,
    "link": "https://www.sec.gov/Archives/edgar/data/1555280/000155528013000020/0001555280-13-000020-index.htm",
    "finalLink": "https://www.sec.gov/Archives/edgar/data/1555280/000155528013000020/zoetis-2013331x10q.htm"
  },
  {
    "date": "2012-12-31",
    "symbol": "ZTS",
    "reportedCurrency": "USD",
    "cik": "0001555280",
    "fillingDate": "2013-03-28",
    "acceptedDate": "2013-03-28 17:23:55",
    "calendarYear": "2012",
    "period": "Q4",
    "revenue": 1176000000,
    "costOfRevenue": 433000000,
    "grossProfit": 743000000,
    "grossProfitRatio": 0.6318027211,
    "researchAndDevelopmentExpenses": 121000000,
    "generalAndAdministrativeExpenses": 312000000,
    "sellingAndMarketingExpenses": 141000000,
    "sellingGeneralAndAdministrativeExpenses": 453000000,
    "otherExpenses": 9000000,
    "operatingExpenses": 590000000,
    "costAndExpenses": 1023000000,
    "interestIncome": 0,
    "interestExpense": 8000000,
    "depreciationAndAmortization": 44000000,
    "ebitda": 206000000,
    "ebitdaratio": 0.175170068,
    "operatingIncome": 153000000,
    "operatingIncomeRatio": 0.1301020408,
    "totalOtherIncomeExpensesNet": -79000000,
    "incomeBeforeTax": 74000000,
    "incomeBeforeTaxRatio": 0.0629251701,
    "incomeTaxExpense": 84000000,
    "netIncome": -10000000,
    "netIncomeRatio": -0.0085034014,
    "eps": -0.02,
    "epsdiluted": -0.02,
    "weightedAverageShsOut": 500000000,
    "weightedAverageShsOutDil": 500111000,
    "link": "https://www.sec.gov/Archives/edgar/data/1555280/000155528013000008/0001555280-13-000008-index.htm",
    "finalLink": "https://www.sec.gov/Archives/edgar/data/1555280/000155528013000008/zoetis20121231-10k.htm"
  },
  {
    "date": "2012-09-30",
    "symbol": "ZTS",
    "reportedCurrency": "USD",
    "cik": "0001555280",
    "fillingDate": "2012-09-30",
    "acceptedDate": "2012-09-29 20:00:00",
    "calendarYear": "2012",
    "period": "Q3",
    "revenue": 1019000000,
    "costOfRevenue": 359000000,
    "grossProfit": 660000000,
    "grossProfitRatio": 0.6476938175,
    "researchAndDevelopmentExpenses": 94000000,
    "generalAndAdministrativeExpenses": 0,
    "sellingAndMarketingExpenses": 0,
    "sellingGeneralAndAdministrativeExpenses": 335000000,
    "otherExpenses": 12000000,
    "operatingExpenses": 445000000,
    "costAndExpenses": 804000000,
    "interestIncome": 0,
    "interestExpense": 7000000,
    "depreciationAndAmortization": 54000000,
    "ebitda": 274000000,
    "ebitdaratio": 0.2688910697,
    "operatingIncome": 215000000,
    "operatingIncomeRatio": 0.2109911678,
    "totalOtherIncomeExpensesNet": -11000000,
    "incomeBeforeTax": 213000000,
    "incomeBeforeTaxRatio": 0.2090284593,
    "incomeTaxExpense": 52000000,
    "netIncome": 162000000,
    "netIncomeRatio": 0.1589793916,
    "eps": 0.34,
    "epsdiluted": 0.34,
    "weightedAverageShsOut": 476412000,
    "weightedAverageShsOutDil": 480248000,
    "link": "",
    "finalLink": ""
  },
  {
    "date": "2012-06-30",
    "symbol": "ZTS",
    "reportedCurrency": "USD",
    "cik": "0001555280",
    "fillingDate": "2012-06-30",
    "acceptedDate": "2012-06-29 20:00:00",
    "calendarYear": "2012",
    "period": "Q2",
    "revenue": 1094000000,
    "costOfRevenue": 378000000,
    "grossProfit": 716000000,
    "grossProfitRatio": 0.6544789762,
    "researchAndDevelopmentExpenses": 92000000,
    "generalAndAdministrativeExpenses": 0,
    "sellingAndMarketingExpenses": 0,
    "sellingGeneralAndAdministrativeExpenses": 344000000,
    "otherExpenses": 7000000,
    "operatingExpenses": 452000000,
    "costAndExpenses": 830000000,
    "interestIncome": 0,
    "interestExpense": 8000000,
    "depreciationAndAmortization": 54000000,
    "ebitda": 325000000,
    "ebitdaratio": 0.2970749543,
    "operatingIncome": 264000000,
    "operatingIncomeRatio": 0.2413162706,
    "totalOtherIncomeExpensesNet": -12000000,
    "incomeBeforeTax": 252000000,
    "incomeBeforeTaxRatio": 0.2303473492,
    "incomeTaxExpense": 79000000,
    "netIncome": 173000000,
    "netIncomeRatio": 0.1581352834,
    "eps": 0.36,
    "epsdiluted": 0.36,
    "weightedAverageShsOut": 476412000,
    "weightedAverageShsOutDil": 480248000,
    "link": "",
    "finalLink": ""
  },
  {
    "date": "2012-03-31",
    "symbol": "ZTS",
    "reportedCurrency": "USD",
    "cik": "0001555280",
    "fillingDate": "2012-03-31",
    "acceptedDate": "2012-03-30 20:00:00",
    "calendarYear": "2012",
    "period": "Q1",
    "revenue": 1047000000,
    "costOfRevenue": 393000000,
    "grossProfit": 654000000,
    "grossProfitRatio": 0.6246418338,
    "researchAndDevelopmentExpenses": 102000000,
    "generalAndAdministrativeExpenses": 0,
    "sellingAndMarketingExpenses": 0,
    "sellingGeneralAndAdministrativeExpenses": 338000000,
    "otherExpenses": 16000000,
    "operatingExpenses": 456000000,
    "costAndExpenses": 849000000,
    "interestIncome": 0,
    "interestExpense": 8000000,
    "depreciationAndAmortization": 48000000,
    "ebitda": 246000000,
    "ebitdaratio": 0.2349570201,
    "operatingIncome": 198000000,
    "operatingIncomeRatio": 0.1891117479,
    "totalOtherIncomeExpensesNet": -27000000,
    "incomeBeforeTax": 171000000,
    "incomeBeforeTaxRatio": 0.1633237822,
    "incomeTaxExpense": 59000000,
    "netIncome": 111000000,
    "netIncomeRatio": 0.106017192,
    "eps": 0.23,
    "epsdiluted": 0.23,
    "weightedAverageShsOut": 476412000,
    "weightedAverageShsOutDil": 480248000,
    "link": "",
    "finalLink": ""
  },
  {
    "date": "2011-12-31",
    "symbol": "ZTS",
    "reportedCurrency": "USD",
    "cik": "0001555280",
    "fillingDate": "2011-12-31",
    "acceptedDate": "2011-12-30 19:00:00",
    "calendarYear": "2011",
    "period": "Q4",
    "revenue": 1127000000,
    "costOfRevenue": 419000000,
    "grossProfit": 708000000,
    "grossProfitRatio": 0.628216504,
    "researchAndDevelopmentExpenses": 119000000,
    "generalAndAdministrativeExpenses": 0,
    "sellingAndMarketingExpenses": 0,
    "sellingGeneralAndAdministrativeExpenses": 427000000,
    "otherExpenses": 1000000,
    "operatingExpenses": 564000000,
    "costAndExpenses": 983000000,
    "interestIncome": 0,
    "interestExpense": 9000000,
    "depreciationAndAmortization": 54000000,
    "ebitda": 199000000,
    "ebitdaratio": 0.1765749778,
    "operatingIncome": 144000000,
    "operatingIncomeRatio": 0.1277728483,
    "totalOtherIncomeExpensesNet": -114000000,
    "incomeBeforeTax": 30000000,
    "incomeBeforeTaxRatio": 0.0266193434,
    "incomeTaxExpense": 20000000,
    "netIncome": 9000000,
    "netIncomeRatio": 0.007985803,
    "eps": 0.018,
    "epsdiluted": 0.018,
    "weightedAverageShsOut": 476412000,
    "weightedAverageShsOutDil": 500000000,
    "link": "",
    "finalLink": ""
  },
  {
    "date": "2011-09-30",
    "symbol": "ZTS",
    "reportedCurrency": "USD",
    "cik": "0001555280",
    "fillingDate": "2011-09-30",
    "acceptedDate": "2011-09-29 20:00:00",
    "calendarYear": "2011",
    "period": "Q3",
    "revenue": 1049000000,
    "costOfRevenue": 398000000,
    "grossProfit": 651000000,
    "grossProfitRatio": 0.6205910391,
    "researchAndDevelopmentExpenses": 102000000,
    "generalAndAdministrativeExpenses": 0,
    "sellingAndMarketingExpenses": 0,
    "sellingGeneralAndAdministrativeExpenses": 331000000,
    "otherExpenses": 17000000,
    "operatingExpenses": 450000000,
    "costAndExpenses": 848000000,
    "interestIncome": 0,
    "interestExpense": 9000000,
    "depreciationAndAmortization": 52000000,
    "ebitda": 273000000,
    "ebitdaratio": 0.2602478551,
    "operatingIncome": 201000000,
    "operatingIncomeRatio": 0.1916110582,
    "totalOtherIncomeExpensesNet": -53000000,
    "incomeBeforeTax": 148000000,
    "incomeBeforeTaxRatio": 0.1410867493,
    "incomeTaxExpense": 53000000,
    "netIncome": 94000000,
    "netIncomeRatio": 0.0896091516,
    "eps": 0.19,
    "epsdiluted": 0.19,
    "weightedAverageShsOut": 476412000,
    "weightedAverageShsOutDil": 500000000,
    "link": "",
    "finalLink": ""
  },
  {
    "date": "2011-06-30",
    "symbol": "ZTS",
    "reportedCurrency": "USD",
    "cik": "0001555280",
    "fillingDate": "2011-06-30",
    "acceptedDate": "2011-06-29 20:00:00",
    "calendarYear": "2011",
    "period": "Q2",
    "revenue": 1074000000,
    "costOfRevenue": 454000000,
    "grossProfit": 620000000,
    "grossProfitRatio": 0.5772811918,
    "researchAndDevelopmentExpenses": 105000000,
    "generalAndAdministrativeExpenses": 0,
    "sellingAndMarketingExpenses": 0,
    "sellingGeneralAndAdministrativeExpenses": 360000000,
    "otherExpenses": 18000000,
    "operatingExpenses": 483000000,
    "costAndExpenses": 937000000,
    "interestIncome": 0,
    "interestExpense": 9000000,
    "depreciationAndAmortization": 50000000,
    "ebitda": 187000000,
    "ebitdaratio": 0.1741154562,
    "operatingIncome": 137000000,
    "operatingIncomeRatio": 0.1275605214,
    "totalOtherIncomeExpensesNet": -33000000,
    "incomeBeforeTax": 104000000,
    "incomeBeforeTaxRatio": 0.0968342644,
    "incomeTaxExpense": 38000000,
    "netIncome": 66000000,
    "netIncomeRatio": 0.061452514,
    "eps": 0.13,
    "epsdiluted": 0.13,
    "weightedAverageShsOut": 476412000,
    "weightedAverageShsOutDil": 500000000,
    "link": "",
    "finalLink": ""
  },
  {
    "date": "2011-03-31",
    "symbol": "ZTS",
    "reportedCurrency": "USD",
    "cik": "0001555280",
    "fillingDate": "2011-03-31",
    "acceptedDate": "2011-03-30 20:00:00",
    "calendarYear": "2011",
    "period": "Q1",
    "revenue": 983000000,
    "costOfRevenue": 381000000,
    "grossProfit": 602000000,
    "grossProfitRatio": 0.6124109868,
    "researchAndDevelopmentExpenses": 101000000,
    "generalAndAdministrativeExpenses": 0,
    "sellingAndMarketingExpenses": 0,
    "sellingGeneralAndAdministrativeExpenses": 335000000,
    "otherExpenses": 16000000,
    "operatingExpenses": 452000000,
    "costAndExpenses": 833000000,
    "interestIncome": 0,
    "interestExpense": 9000000,
    "depreciationAndAmortization": 49000000,
    "ebitda": 199000000,
    "ebitdaratio": 0.2024415056,
    "operatingIncome": 150000000,
    "operatingIncomeRatio": 0.1525940997,
    "totalOtherIncomeExpensesNet": -38000000,
    "incomeBeforeTax": 112000000,
    "incomeBeforeTaxRatio": 0.1139369278,
    "incomeTaxExpense": 35000000,
    "netIncome": 76000000,
    "netIncomeRatio": 0.0773143438,
    "eps": 0.16,
    "epsdiluted": 0.16,
    "weightedAverageShsOut": 476412000,
    "weightedAverageShsOutDil": 480248000,
    "link": "",
    "finalLink": ""
  }
]