[
  {
    "date": "2024-12-31",
    "symbol": "ZTS",
    "reportedCurrency": "USD",
    "cik": "0001555280",
    "fillingDate": "2025-02-13",
    "acceptedDate": "2025-02-13 14:51:25",
    "calendarYear": "2024",
    "period": "FY",
    "revenue": 9256000000,
    "costOfRevenue": 2860000000,
    "grossProfit": 6396000000,
    "grossProfitRatio": 0.691011236,
    "researchAndDevelopmentExpenses": 686000000,
    "generalAndAdministrativeExpenses": 0,
    "sellingAndMarketingExpenses": 0,
    "sellingGeneralAndAdministrativeExpenses": 2318000000,
    "otherExpenses": 0,
    "operatingExpenses": 3004000000,
    "costAndExpenses": 5864000000,
    "interestIncome": 106000000,
    "interestExpense": 242000000,
    "depreciationAndAmortization": 497000000,
    "ebitda": 3872000000,
    "ebitdaratio": 0.4183232498,
    "operatingIncome": 3392000000,
    "operatingIncomeRatio": 0.3664649957,
    "totalOtherIncomeExpensesNet": -259000000,
    "incomeBeforeTax": 3133000000,
    "incomeBeforeTaxRatio": 0.3384831461,
    "incomeTaxExpense": 637000000,
    "netIncome": 2486000000,
    "netIncomeRatio": 0.2685825411,
    "eps": 5.47,
    "epsdiluted": 5.47,
    "weightedAverageShsOut": 454200000,
    "weightedAverageShsOutDil": 454848000,
    "link": "https://www.sec.gov/Archives/edgar/data/1555280/000155528025000102/0001555280-25-000102-index.htm",
    "finalLink": "https://www.sec.gov/Archives/edgar/data/1555280/000155528025000102/zts-20241231.htm"
  },
  {
    "date": "2023-12-31",
    "symbol": "ZTS",
    "reportedCurrency": "USD",
    "cik": "0001555280",
    "fillingDate": "2024-02-13",
    "acceptedDate": "2024-02-13 14:33:32",
    "calendarYear": "2023",
    "period": "FY",
    "revenue": 8544000000,
    "costOfRevenue": 2710000000,
    "grossProfit": 5834000000,
    "grossProfitRatio": 0.6828183521,
    "researchAndDevelopmentExpenses": 614000000,
    "generalAndAdministrativeExpenses": 0,
    "sellingAndMarketingExpenses": 0,
    "sellingGeneralAndAdministrativeExpenses": 2151000000,
    "otherExpenses": 0,
    "operatingExpenses": 2765000000,
    "costAndExpenses": 5475000000,
    "interestIncome": 105000000,
    "interestExpense": 258000000,
    "depreciationAndAmortization": 491000000,
    "ebitda": 3685000000,
    "ebitdaratio": 0.4312968165,
    "operatingIncome": 3069000000,
    "operatingIncomeRatio": 0.3591994382,
    "totalOtherIncomeExpensesNet": -133000000,
    "incomeBeforeTax": 2936000000,
    "incomeBeforeTaxRatio": 0.3436329588,
    "incomeTaxExpense": 596000000,
    "netIncome": 2344000000,
    "netIncomeRatio": 0.2743445693,
    "eps": 5.08,
    "epsdiluted": 5.07,
    "weightedAverageShsOut": 461172000,
    "weightedAverageShsOutDil": 462269000,
    "link": "https://www.sec.gov/Archives/edgar/data/1555280/000155528024000143/0001555280-24-000143-index.htm",
    "finalLink": "https://www.sec.gov/Archives/edgar/data/1555280/000155528024000143/zts-20231231.htm"
  },
  {
    "date": "2022-12-31",
    "symbol": "ZTS",
    "reportedCurrency": "USD",
    "cik": "0001555280",
    "fillingDate": "2023-02-14",
    "acceptedDate": "2023-02-14 14:34:02",
    "calendarYear": "2022",
    "period": "FY",
    "revenue": 8080000000,
    "costOfRevenue": 2604000000,
    "grossProfit": 5476000000,
    "grossProfitRatio": 0.6777227723,
    "researchAndDevelopmentExpenses": 539000000,
    "generalAndAdministrativeExpenses": 0,
    "sellingAndMarketingExpenses": 0,
    "sellingGeneralAndAdministrativeExpenses": 2009000000,
    "otherExpenses": 0,
    "operatingExpenses": 2548000000,
    "costAndExpenses": 5152000000,
    "interestIncome": 50000000,
    "interestExpense": 237000000,
    "depreciationAndAmortization": 465000000,
    "ebitda": 3358000000,
    "ebitdaratio": 0.4155940594,
    "operatingIncome": 2928000000,
    "operatingIncomeRatio": 0.3623762376,
    "totalOtherIncomeExpensesNet": -272000000,
    "incomeBeforeTax": 2656000000,
    "incomeBeforeTaxRatio": 0.3287128713,
    "incomeTaxExpense": 545000000,
    "netIncome": 2114000000,
    "netIncomeRatio": 0.2616336634,
    "eps": 4.51,
    "epsdiluted": 4.49,
    "weightedAverageShsOut": 468891000,
    "weightedAverageShsOutDil": 470385000,
    "link": "https://www.sec.gov/Archives/edgar/data/1555280/000155528023000074/0001555280-23-000074-index.htm",
    "finalLink": "https://www.sec.gov/Archives/edgar/data/1555280/000155528023000074/zts-20221231.htm"
  },
  {
    "date": "2021-12-31",
    "symbol": "ZTS",
    "reportedCurrency": "USD",
    "cik": "0001555280",
    "fillingDate": "2022-02-15",
    "acceptedDate": "2022-02-15 15:20:21",
    "calendarYear": "2021",
    "period": "FY",
    "revenue": 7776000000,
    "costOfRevenue": 2464000000,
    "grossProfit": 5312000000,
    "grossProfitRatio": 0.683127572,
    "researchAndDevelopmentExpenses": 508000000,
    "generalAndAdministrativeExpenses": 0,
    "sellingAndMarketingExpenses": 0,
    "sellingGeneralAndAdministrativeExpenses": 2001000000,
    "otherExpenses": 0,
    "operatingExpenses": 2509000000,
    "costAndExpenses": 4973000000,
    "interestIncome": 6000000,
    "interestExpense": 236000000,
    "depreciationAndAmortization": 448000000,
    "ebitda": 3172000000,
    "ebitdaratio": 0.4079218107,
    "operatingIncome": 2803000000,
    "operatingIncomeRatio": 0.360468107,
    "totalOtherIncomeExpensesNet": -315000000,
    "incomeBeforeTax": 2488000000,
    "incomeBeforeTaxRatio": 0.3199588477,
    "incomeTaxExpense": 454000000,
    "netIncome": 2037000000,
    "netIncomeRatio": 0.2619598765,
    "eps": 4.29,
    "epsdiluted": 4.27,
    "weightedAverageShsOut": 474348000,
    "weightedAverageShsOutDil": 476717000,
    "link": "https://www.sec.gov/Archives/edgar/data/1555280/000155528022000078/0001555280-22-000078-index.htm",
    "finalLink": "https://www.sec.gov/Archives/edgar/data/1555280/000155528022000078/zts-20211231.htm"
  },
  {
    "date": "2020-12-31",
    "symbol": "ZTS",
    "reportedCurrency": "USD",
    "cik": "0001555280",
    "fillingDate": "2021-02-16",
    "acceptedDate": "2021-02-16 14:24:47",
    "calendarYear": "2020",
    "period": "FY",
    "revenue": 6675000000,
    "costOfRevenue": 2217000000,
    "grossProfit": 4458000000,
    "grossProfitRatio": 0.6678651685,
    "researchAndDevelopmentExpenses": 463000000,
    "generalAndAdministrativeExpenses": 0,
    "sellingAndMarketingExpenses": 0,
    "sellingGeneralAndAdministrativeExpenses": 1726000000,
    "otherExpenses": 0,
    "operatingExpenses": 2189000000,
    "costAndExpenses": 4406000000,
    "interestIncome": 12000000,
    "interestExpense": 249000000,
    "depreciationAndAmortization": 441000000,
    "ebitda": 2686000000,
    "ebitdaratio": 0.4023970037,
    "operatingIncome": 2269000000,
    "operatingIncomeRatio": 0.3399250936,
    "totalOtherIncomeExpensesNet": -273000000,
    "incomeBeforeTax": 1996000000,
    "incomeBeforeTaxRatio": 0.2990262172,
    "incomeTaxExpense": 360000000,
    "netIncome": 1638000000,
    "netIncomeRatio": 0.2453932584,
    "eps": 3.44,
    "epsdiluted": 3.42,
    "weightedAverageShsOut": 475502000,
    "weightedAverageShsOutDil": 478569000,
    "link": "https://www.sec.gov/Archives/edgar/data/1555280/000155528021000098/0001555280-21-000098-index.htm",
    "finalLink": "https://www.sec.gov/Archives/edgar/data/1555280/000155528021000098/zts-20201231.htm"
  },
  {
    "date": "2019-12-31",
    "symbol": "ZTS",
    "reportedCurrency": "USD",
    "cik": "0001555280",
    "fillingDate": "2020-02-13",
    "acceptedDate": "2020-02-13 15:13:44",
    "calendarYear": "2019",
    "period": "FY",
    "revenue": 6260000000,
    "costOfRevenue": 2147000000,
    "grossProfit": 4113000000,
    "grossProfitRatio": 0.657028754,
    "researchAndDevelopmentExpenses": 457000000,
    "generalAndAdministrativeExpenses": 0,
    "sellingAndMarketingExpenses": 0,
    "sellingGeneralAndAdministrativeExpenses": 1638000000,
    "otherExpenses": 0,
    "operatingExpenses": 2095000000,
    "costAndExpenses": 4242000000,
    "interestIncome": 37000000,
    "interestExpense": 242000000,
    "depreciationAndAmortization": 412000000,
    "ebitda": 2455000000,
    "ebitdaratio": 0.392172524,
    "operatingIncome": 2018000000,
    "operatingIncomeRatio": 0.3223642173,
    "totalOtherIncomeExpensesNet": -217000000,
    "incomeBeforeTax": 1801000000,
    "incomeBeforeTaxRatio": 0.2876996805,
    "incomeTaxExpense": 301000000,
    "netIncome": 1500000000,
    "netIncomeRatio": 0.2396166134,
    "eps": 3.14,
    "epsdiluted": 3.11,
    "weightedAverageShsOut": 478128000,
    "weightedAverageShsOutDil": 481787000,
    "link": "https://www.sec.gov/Archives/edgar/data/1555280/000155528020000054/0001555280-20-000054-index.htm",
    "finalLink": "https://www.sec.gov/Archives/edgar/data/1555280/000155528020000054/zoetis-20191231x10kye.htm"
  },
  {
    "date": "2018-12-31",
    "symbol": "ZTS",
    "reportedCurrency": "USD",
    "cik": "0001555280",
    "fillingDate": "2019-02-14",
    "acceptedDate": "2019-02-14 17:08:33",
    "calendarYear": "2018",
    "period": "FY",
    "revenue": 5825000000,
    "costOfRevenue": 2028000000,
    "grossProfit": 3797000000,
    "grossProfitRatio": 0.6518454936,
    "researchAndDevelopmentExpenses": 432000000,
    "generalAndAdministrativeExpenses": 0,
    "sellingAndMarketingExpenses": 0,
    "sellingGeneralAndAdministrativeExpenses": 1482000000,
    "otherExpenses": 0,
    "operatingExpenses": 1916000000,
    "costAndExpenses": 3944000000,
    "interestIncome": 31000000,
    "interestExpense": 212000000,
    "depreciationAndAmortization": 308000000,
    "ebitda": 2210000000,
    "ebitdaratio": 0.3793991416,
    "operatingIncome": 1881000000,
    "operatingIncomeRatio": 0.3229184549,
    "totalOtherIncomeExpensesNet": -191000000,
    "incomeBeforeTax": 1690000000,
    "incomeBeforeTaxRatio": 0.2901287554,
    "incomeTaxExpense": 266000000,
    "netIncome": 1428000000,
    "netIncomeRatio": 0.2451502146,
    "eps": 2.96,
    "epsdiluted": 2.93,
    "weightedAverageShsOut": 483063000,
    "weightedAverageShsOutDil": 486898000,
    "link": "https://www.sec.gov/Archives/edgar/data/1555280/000155528019000041/0001555280-19-000041-index.htm",
    "finalLink": "https://www.sec.gov/Archives/edgar/data/1555280/000155528019000041/zoetis-20181231x10kye.htm"
  },
  {
    "date": "2017-12-31",
    "symbol": "ZTS",
    "reportedCurrency": "USD",
    "cik": "0001555280",
    "fillingDate": "2018-02-15",
    "acceptedDate": "2018-02-15 12:31:15",
    "calendarYear": "2017",
    "period": "FY",
    "revenue": 5307000000,
    "costOfRevenue": 1864000000,
    "grossProfit": 3443000000,
    "grossProfitRatio": 0.648765781,
    "researchAndDevelopmentExpenses": 382000000,
    "generalAndAdministrativeExpenses": 0,
    "sellingAndMarketingExpenses": 0,
    "sellingGeneralAndAdministrativeExpenses": 1325000000,
    "otherExpenses": 0,
    "operatingExpenses": 1716000000,
    "costAndExpenses": 3580000000,
    "interestIncome": 13000000,
    "interestExpense": 175000000,
    "depreciationAndAmortization": 242000000,
    "ebitda": 1942000000,
    "ebitdaratio": 0.3659317882,
    "operatingIncome": 1727000000,
    "operatingIncomeRatio": 0.3254192576,
    "totalOtherIncomeExpensesNet": -202000000,
    "incomeBeforeTax": 1525000000,
    "incomeBeforeTaxRatio": 0.2873563218,
    "incomeTaxExpense": 663000000,
    "netIncome": 864000000,
    "netIncomeRatio": 0.162803844,
    "eps": 1.76,
    "epsdiluted": 1.75,
    "weightedAverageShsOut": 489918000,
    "weightedAverageShsOutDil": 493161000,
    "link": "https://www.sec.gov/Archives/edgar/data/1555280/000155528018000053/0001555280-18-000053-index.htm",
    "finalLink": "https://www.sec.gov/Archives/edgar/data/1555280/000155528018000053/zoetis-20171231x10kye.htm"
  },
  {
    "date": "2016-12-31",
    "symbol": "ZTS",
    "reportedCurrency": "USD",
    "cik": "0001555280",
    "fillingDate": "2017-02-16",
    "acceptedDate": "2017-02-16 16:26:45",
    "calendarYear": "2016",
    "period": "FY",
    "revenue": 4888000000,
    "costOfRevenue": 1745000000,
    "grossProfit": 3143000000,
    "grossProfitRatio": 0.6430032733,
    "researchAndDevelopmentExpenses": 376000000,
    "generalAndAdministrativeExpenses": 0,
    "sellingAndMarketingExpenses": 0,
    "sellingGeneralAndAdministrativeExpenses": 1316000000,
    "otherExpenses": 0,
    "operatingExpenses": 1739000000,
    "costAndExpenses": 3484000000,
    "interestIncome": 8000000,
    "interestExpense": 166000000,
    "depreciationAndAmortization": 240000000,
    "ebitda": 1634000000,
    "ebitdaratio": 0.3342880524,
    "operatingIncome": 1404000000,
    "operatingIncomeRatio": 0.2872340426,
    "totalOtherIncomeExpensesNet": -176000000,
    "incomeBeforeTax": 1228000000,
    "incomeBeforeTaxRatio": 0.2512274959,
    "incomeTaxExpense": 409000000,
    "netIncome": 821000000,
    "netIncomeRatio": 0.1679623568,
    "eps": 1.66,
    "epsdiluted": 1.65,
    "weightedAverageShsOut": 495715000,
    "weightedAverageShsOutDil": 498225000,
    "link": "https://www.sec.gov/Archives/edgar/data/1555280/000155528017000044/0001555280-17-000044-index.htm",
    "finalLink": "https://www.sec.gov/Archives/edgar/data/1555280/000155528017000044/zoetis-20161231x10kye.htm"
  },
  {
    "date": "2015-12-31",
    "symbol": "ZTS",
    "reportedCurrency": "USD",
    "cik": "0001555280",
    "fillingDate": "2016-02-24",
    "acceptedDate": "2016-02-24 11:32:51",
    "calendarYear": "2015",
    "period": "FY",
    "revenue": 4765000000,
    "costOfRevenue": 1798000000,
    "grossProfit": 2967000000,
    "grossProfitRatio": 0.6226652676,
    "researchAndDevelopmentExpenses": 364000000,
    "generalAndAdministrativeExpenses": 0,
    "sellingAndMarketingExpenses": 0,
    "sellingGeneralAndAdministrativeExpenses": 1402000000,
    "otherExpenses": 0,
    "operatingExpenses": 1885000000,
    "costAndExpenses": 3683000000,
    "interestIncome": 0,
    "interestExpense": 124000000,
    "depreciationAndAmortization": 61000000,
    "ebitda": 868000000,
    "ebitdaratio": 0.182161595,
    "operatingIncome": 1082000000,
    "operatingIncomeRatio": 0.2270724029,
    "totalOtherIncomeExpensesNet": -537000000,
    "incomeBeforeTax": 545000000,
    "incomeBeforeTaxRatio": 0.1143756558,
    "incomeTaxExpense": 206000000,
    "netIncome": 339000000,
    "netIncomeRatio": 0.0711437566,
    "eps": 0.68,
    "epsdiluted": 0.68,
    "weightedAverageShsOut": 499707000,
    "weightedAverageShsOutDil": 502019000,
    "link": "https://www.sec.gov/Archives/edgar/data/1555280/000155528016000344/0001555280-16-000344-index.htm",
    "finalLink": "https://www.sec.gov/Archives/edgar/data/1555280/000155528016000344/zoetis-20151231x10kye.htm"
  },
  {
    "date": "2014-12-31",
    "symbol": "ZTS",
    "reportedCurrency": "USD",
    "cik": "0001555280",
    "fillingDate": "2015-02-27",
    "acceptedDate": "2015-02-27 16:52:38",
    "calendarYear": "2014",
    "period": "FY",
    "revenue": 4785000000,
    "costOfRevenue": 1777000000,
    "grossProfit": 3008000000,
    "grossProfitRatio": 0.628631139,
    "researchAndDevelopmentExpenses": 396000000,
    "generalAndAdministrativeExpenses": 0,
    "sellingAndMarketingExpenses": 0,
    "sellingGeneralAndAdministrativeExpenses": 1512000000,
    "otherExpenses": 0,
    "operatingExpenses": 2038000000,
    "costAndExpenses": 3815000000,
    "interestIncome": 0,
    "interestExpense": 117000000,
    "depreciationAndAmortization": 60000000,
    "ebitda": 1141000000,
    "ebitdaratio": 0.2384535005,
    "operatingIncome": 970000000,
    "operatingIncomeRatio": 0.2027168234,
    "totalOtherIncomeExpensesNet": -150000000,
    "incomeBeforeTax": 820000000,
    "incomeBeforeTaxRatio": 0.171368861,
    "incomeTaxExpense": 233000000,
    "netIncome": 583000000,
    "netIncomeRatio": 0.1218390805,
    "eps": 1.16,
    "epsdiluted": 1.16,
    "weightedAverageShsOut": 501055000,
    "weightedAverageShsOutDil": 502025000,
    "link": "https://www.sec.gov/Archives/edgar/data/1555280/000155528015000057/0001555280-15-000057-index.htm",
    "finalLink": "https://www.sec.gov/Archives/edgar/data/1555280/000155528015000057/zoetis-20141231x10kye.htm"
  },
  {
    "date": "2013-12-31",
    "symbol": "ZTS",
    "reportedCurrency": "USD",
    "cik": "0001555280",
    "fillingDate": "2014-03-26",
    "acceptedDate": "2014-03-26 17:15:58",
    "calendarYear": "2013",
    "period": "FY",
    "revenue": 4561000000,
    "costOfRevenue": 1728000000,
    "grossProfit": 2833000000,
    "grossProfitRatio": 0.6211357159,
    "researchAndDevelopmentExpenses": 399000000,
    "generalAndAdministrativeExpenses": 0,
    "sellingAndMarketingExpenses": 0,
    "sellingGeneralAndAdministrativeExpenses": 1428000000,
    "otherExpenses": 0,
    "operatingExpenses": 2012000000,
    "costAndExpenses": 3740000000,
    "interestIncome": 0,
    "interestExpense": 113000000,
    "depreciationAndAmortization": 60000000,
    "ebitda": 1010000000,
    "ebitdaratio": 0.2214426661,
    "operatingIncome": 821000000,
    "operatingIncomeRatio": 0.180004385,
    "totalOtherIncomeExpensesNet": -133000000,
    "incomeBeforeTax": 690000000,
    "incomeBeforeTaxRatio": 0.1512826135,
    "incomeTaxExpense": 187000000,
    "netIncome": 504000000,
    "netIncomeRatio": 0.1105020829,
    "eps": 1.01,
    "epsdiluted": 1.01,
    "weightedAverageShsOut": 500002000,
    "weightedAverageShsOutDil": 500317000,
    "link": "https://www.sec.gov/Archives/edgar/data/1555280/000155528014000164/0001555280-14-000164-index.htm",
    "finalLink": "https://www.sec.gov/Archives/edgar/data/1555280/000155528014000164/zoetis-20131231x10kye.htm"
  },
  {
    "date": "2012-12-31",
    "symbol": "ZTS",
    "reportedCurrency": "USD",
    "cik": "0001555280",
    "fillingDate": "2013-03-28",
    "acceptedDate": "2013-03-28 17:23:55",
    "calendarYear": "2012",
    "period": "FY",
    "revenue": 4336000000,
    "costOfRevenue": 1617000000,
    "grossProfit": 2719000000,
    "grossProfitRatio": 0.6270756458,
    "researchAndDevelopmentExpenses": 409000000,
    "generalAndAdministrativeExpenses": 0,
    "sellingAndMarketingExpenses": 0,
    "sellingGeneralAndAdministrativeExpenses": 1470000000,
    "otherExpenses": 0,
    "operatingExpenses": 1865000000,
    "costAndExpenses": 3482000000,
    "interestIncome": 0,
    "interestExpense": 31000000,
    "depreciationAndAmortization": 200000000,
    "ebitda": 941000000,
    "ebitdaratio": 0.2170202952,
    "operatingIncome": 854000000,
    "operatingIncomeRatio": 0.1969557196,
    "totalOtherIncomeExpensesNet": -144000000,
    "incomeBeforeTax": 710000000,
    "incomeBeforeTaxRatio": 0.1637453875,
    "incomeTaxExpense": 274000000,
    "netIncome": 436000000,
    "netIncomeRatio": 0.1005535055,
    "eps": 0.87,
    "epsdiluted": 0.87,
    "weightedAverageShsOut": 500000000,
    "weightedAverageShsOutDil": 500000000,
    "link": "https://www.sec.gov/Archives/edgar/data/1555280/000155528013000008/0001555280-13-000008-index.htm",
    "finalLink": "https://www.sec.gov/Archives/edgar/data/1555280/000155528013000008/zoetis20121231-10k.htm"
  },
  {
    "date": "2011-12-31",
    "symbol": "ZTS",
    "reportedCurrency": "USD",
    "cik": "0001555280",
    "fillingDate": "2011-12-31",
    "acceptedDate": "2011-12-30 19:00:00",
    "calendarYear": "2011",
    "period": "FY",
    "revenue": 4233000000,
    "costOfRevenue": 1695000000,
    "grossProfit": 2538000000,
    "grossProfitRatio": 0.5995747697,
    "researchAndDevelopmentExpenses": 427000000,
    "generalAndAdministrativeExpenses": 0,
    "sellingAndMarketingExpenses": 0,
    "sellingGeneralAndAdministrativeExpenses": 1453000000,
    "otherExpenses": 0,
    "operatingExpenses": 1854000000,
    "costAndExpenses": 3549000000,
    "interestIncome": 0,
    "interestExpense": 36000000,
    "depreciationAndAmortization": 205000000,
    "ebitda": 635000000,
    "ebitdaratio": 0.150011812,
    "operatingIncome": 684000000,
    "operatingIncomeRatio": 0.1615875266,
    "totalOtherIncomeExpensesNet": -290000000,
    "incomeBeforeTax": 394000000,
    "incomeBeforeTaxRatio": 0.0930781951,
    "incomeTaxExpense": 146000000,
    "netIncome": 245000000,
    "netIncomeRatio": 0.0578785731,
    "eps": 0.51,
    "epsdiluted": 0.51,
    "weightedAverageShsOut": 478128000,
    "weightedAverageShsOutDil": 481787000,
    "link": "",
    "finalLink": ""
  },
  {
    "date": "2010-12-31",
    "symbol": "ZTS",
    "reportedCurrency": "USD",
    "cik": "0001555280",
    "fillingDate": "2010-12-31",
    "acceptedDate": "2010-12-30 19:00:00",
    "calendarYear": "2010",
    "period": "FY",
    "revenue": 3582000000,
    "costOfRevenue": 1497000000,
    "grossProfit": 2085000000,
    "grossProfitRatio": 0.5820770519,
    "researchAndDevelopmentExpenses": 411000000,
    "generalAndAdministrativeExpenses": 0,
    "sellingAndMarketingExpenses": 0,
    "sellingGeneralAndAdministrativeExpenses": 1382000000,
    "otherExpenses": 0,
    "operatingExpenses": 1776000000,
    "costAndExpenses": 3273000000,
    "interestIncome": 0,
    "interestExpense": 37000000,
    "depreciationAndAmortization": 185000000,
    "ebitda": 400000000,
    "ebitdaratio": 0.1116694584,
    "operatingIncome": 309000000,
    "operatingIncomeRatio": 0.0862646566,
    "totalOtherIncomeExpensesNet": -131000000,
    "incomeBeforeTax": 178000000,
    "incomeBeforeTaxRatio": 0.049692909,
    "incomeTaxExpense": 67000000,
    "netIncome": 110000000,
    "netIncomeRatio": 0.0307091011,
    "eps": 0.23,
    "epsdiluted": 0.23,
    "weightedAverageShsOut": 478128000,
    "weightedAverageShsOutDil": 481787000,
    "link": "",
    "finalLink": ""
  },
  {
    "date": "2009-12-31",
    "symbol": "ZTS",
    "reportedCurrency": "USD",
    "cik": "0001555280",
    "fillingDate": "2009-12-31",
    "acceptedDate": "2009-12-30 19:00:00",
    "calendarYear": "2009",
    "period": "FY",
    "revenue": 2760000000,
    "costOfRevenue": 1058000000,
    "grossProfit": 1702000000,
    "grossProfitRatio": 0.6166666667,
    "researchAndDevelopmentExpenses": 368000000,
    "generalAndAdministrativeExpenses": 0,
    "sellingAndMarketingExpenses": 0,
    "sellingGeneralAndAdministrativeExpenses": 1066000000,
    "otherExpenses": 0,
    "operatingExpenses": 1421000000,
    "costAndExpenses": 2479000000,
    "interestIncome": 0,
    "interestExpense": 26000000,
    "depreciationAndAmortization": 124000000,
    "ebitda": 2000000,
    "ebitdaratio": 0.0007246377,
    "operatingIncome": 281000000,
    "operatingIncomeRatio": 0.1018115942,
    "totalOtherIncomeExpensesNet": -429000000,
    "incomeBeforeTax": -148000000,
    "incomeBeforeTaxRatio": -0.0536231884,
    "incomeTaxExpense": -47000000,
    "netIncome": -100000000,
    "netIncomeRatio": -0.0362318841,
    "eps": -0.21,
    "epsdiluted": -0.21,
    "weightedAverageShsOut": 478128000,
    "weightedAverageShsOutDil": 481787000,
    "link": "",
    "finalLink": ""
  }
]